1897 3340
445 215 528 254 6⁰}
849 214 1301 251 HERODOTI

117 319 388 381 Βξξῑῇθῗοξζξξῗῇ-
447 322 554 365 ἄλλα
592 322 730 365 πολλὰ
767 323 876 376 πρὸς
915 322 1130 370 τούτοισί,
1161 323 1207 365 ἐν
1235 321 1381 364 Ἐννέα
1404 321 1569 365 Ὁδοῖσι
1600 326 1754 379 τῇσιἹο

115 387 163 447 ξζξξ
181 387 373 448 ἓᾘθῐζξξζζὶζῑὼ
443 387 648 433 Ἠδωνῶν
677 389 936 444 ἐπορεύοντο
962 390 1070 432 κατὰ
1100 390 1174 440 τὰς
1203 388 1416 444 γεφύρας,
1453 390 1529 434 τὸν
1556 393 1696 443 Στρυ-

115 454 198 480 ³¹¹⁰d
217 455 389 490 ⁰‘⁰¹¹¹¹‘¹¹¹¹¹¹
417 464 439 497 2
501 456 510 470 '
630 455 640 469 ‘
690 456 699 469 '
833 457 918 509 ’ζευ
979 458 1090 500 ένον.
1145 456 1292 500 Ἐννέα
1331 456 1540 502 ὂὲ“οδοὐ
1592 473 1695 500 πυν-

116 487 256 515 affertur.
451 473 566 512 μονα
596 473 796 510 ευροντες
828 474 844 500 ἕ
921 474 973 511 γμ
1543 474 1563 507 9

445 523 684 576 θανόμενοι
714 524 791 565 τόν
821 528 965 578 χῶρον
993 530 1148 568 τοῦτον
1176 525 1419 567 καλέεσθαι.
1461 523 1698 574 τοσούτους

443 590 491 633 ἐν
539 588 658 645 αὐτῷ
695 589 854 640 παῖδας
892 607 936 633 τε
974 593 1047 634 καὶ
1087 591 1335 646 παρθένους
1392 590 1568 645 ἀνδρῶν
1610 595 1697 634 τῶν

416 657 691 712 3ἐπιχωρίων
733 656 918 709 ζώοντας
956 658 1253 714 κατώρυσσον.
1323 659 1538 715 Περσικὸν
1569 659 1615 703 δὲ
1644 659 1693 702 τό

388 866 436 901 ce's
458 869 494 900 et
514 876 627 913 aquae
647 863 791 900 cultmn
806 860 868 900 hic
883 863 1041 901 indicari

387 922 432 958 sit
447 918 637 956 credibile.
661 921 759 965 Quin
777 919 911 957 Rhode
932 922 1040 965 (Hei-

386 978 452 1027 lig.
478 976 579 1026 Sage
601 983 671 1013 etc.
692 990 729 1027 p.
751 976 850 1025 512)
883 990 1040 1014 omnem

386 1031 570 1069 Herodoti
589 1033 845 1069 narrationem
864 1046 969 1069 mere
992 1035 1040 1069 fi-

385 1097 486 1126 ctam
506 1101 584 1126 esse
604 1090 743 1136 statuit,
761 1102 877 1140 quam
897 1089 944 1126 ad
965 1091 1040 1126 Μί-

385 1145 492 1183 thrae
523 1158 659 1182 arcana
687 1152 854 1196 spectare
885 1146 1041 1183 arbitra-

386 1210 447 1239 tur
458 1201 677 1239 Grotefend.
697 1203 737 1238 in
757 1201 927 1239 Amalth.
947 1205 981 1239 II
999 1217 1038 1254 p.

388 1258 480 1299 105.
536 1260 586 1295 Et
613 1272 702 1296 sane
722 1259 830 1295 altius
860 1259 952 1310 quid
983 1258 1039 1297 his

340 1331 343 1335 ¹
385 1315 593 1363 contineri,
614 1314 726 1353 valde
755 1322 809 1352 est
829 1317 1037 1366 probabile.

390 1371 426 1408 C'
433 1385 463 1409 r.
493 1370 539 1408 ad
557 1370 594 1408 h.
616 1372 641 1409 l.
671 1372 833 1408 conferri
853 1373 934 1409 vult
955 1372 1038 1409 Van

383 1429 519 1478 Iperen
548 1429 605 1464 De
634 1431 745 1465 sacris
765 1428 977 1466 fluvialibus
997 1430 1036 1466 in

383 1483 562 1522 Biblioth.
584 1487 732 1536 Hagau.
749 1485 862 1523 Class.
882 1485 947 1535 IV,
963 1489 981 1526 1
996 1499 1034 1537 p.

386 1542 464 1581 114
486 1554 563 1593 seq.

440 1628 482 1669 ἐν
492 1625 637 1670 Ἐννέα
650 1629 803 1671 Ὃδοῖσι
814 1626 1037 1684 τῇσιἨὸω·

384 1687 482 1734 νῶν]
505 1690 596 1741 τῇσι
619 1702 639 1724 e
659 1689 848 1725 Saucrol'ti
868 1688 962 1724 libro
975 1701 1037 1723 re-

383 1749 536 1793 ceptum
564 1757 631 1794 pro
667 1749 778 1783 τοῖσι.
837 1745 963 1796 Atque
985 1745 1036 1780 sic

383 1800 580 1850 aliquoties
610 1800 711 1850 apud
735 1799 967 1837 Herodotum
989 1800 1037 1835 li-

382 1856 493 1892 brarii
516 1857 597 1893 voci
627 1854 717 1902 όδὸς
741 1858 938 1894 masculini
967 1870 1037 1906 ge-

379 1914 476 1949 neris
498 1914 698 1949 articulum
714 1926 974 1964 praeposuere,
996 1919 1038 1950 ut

380 1970 426 2015 Π,
459 1969 524 2010 35·
548 1972 614 2010 80.
673 1969 735 2006 Ad
766 1977 1036 2020 argumentum

378 2025 451 2061 loci
472 2026 571 2061 conf.
587 2024 806 2077 Thucydid.
822 2028 850 2075 I,
867 2029 956 2067 100.
968 2026 1035 2074 IV,

384 2083 474 2121 102.
499 2084 575 2122 108
598 2083 725 2134 ibique
745 2084 878 2133 Poppo
900 2084 927 2129 I,
950 2085 975 2122 2
995 2096 1034 2132 p.

380 2135 459 2176 348
481 2150 585 2188 seqq.
616 2140 803 2176 Manuert.
825 2141 965 2188 Geogr.
996 2138 1033 2175 d.

380 2192 445 2228 Gr.
468 2206 504 2229 u.
526 2195 636 2230 Rom.
668 2194 737 2231 VII
765 2209 802 2245 p.
826 2198 905 2235 236
927 2207 1033 2244 seqq.

380 2247 565 2285 Videntur
605 2257 732 2286 autem
772 2249 906 2288 Novem
952 2250 1034 2286 Viae

379 2316 457 2340 non
478 2311 555 2340 tam
576 2306 689 2352 urbis,
712 2319 827 2357 quam
861 2306 1035 2353 regionis,

381 2360 418 2395 in
451 2373 565 2411 quam
586 2362 728 2397 multae
752 2376 771 2397 e
794 2361 946 2397 (liversis
978 2362 1036 2397 lo-

381 2417 433 2452 cis
453 2418 671 2453 confluxere
697 2419 792 2463 viae,
814 2430 954 2453 nomen
976 2419 1036 2453 iu-

382 2471 526 2520 dicare3
555 2486 644 2509 nam
665 2475 782 2510 insula
806 2475 873 2510 l'uit
894 2474 1036 2525 eStry-

381 2530 502 2566 monis
522 2532 685 2579 stagnosi
706 2538 741 2567 et
763 2529 810 2566 ad
832 2543 934 2566 mare
945 2543 1035 2580 pro-

380 2586 562 2622 volventis
583 2585 742 2623 brachiis
772 2587 943 2632 formata,
965 2586 1036 2623 ad-

380 2642 584 2680 iacentibus
632 2645 773 2694 campis
826 2642 1035 2680 admodum

380 2698 576 2735 fertilibus.
634 2700 739 2744 Quae
765 2700 883 2735 insula
913 2713 1034 2750 ‹pian-

382 2762 463 2791 tum
484 2756 634 2802 valeret,
657 2769 745 2792 cum
761 2755 959 2806 postmodo
980 2757 1034 2792 in-

380 2812 606 2850 tellexissent
618 2811 874 2860 Athenienses,
888 2813 1033 2849 coloni-

1097 877 1158 901 am
1168 879 1211 902 eo
1228 864 1478 914 deduxerunt,
1493 879 1589 918 quae
1620 871 1748 916 postea

1095 935 1164 972 per
1200 923 1342 959 bellum
1379 924 1749 974 Peloponnesiacum

1097 985 1210 1029 atque
1238 978 1529 1015 Macedonicum
1557 978 1667 1015 valde
1687 979 1748 1013 in-

1096 1035 1239 1082 claruit,
1261 1036 1416 1071 nomine
1431 1034 1658 1085 Amphipolis,
1679 1047 1749 1070 cu·-

1095 1091 1152 1127 ius
1173 1092 1346 1143 reliquias
1359 1090 1481 1128 adhuc
1496 1097 1679 1142 quaerunt
1699 1089 1747 1126 ad

1094 1148 1222 1184 vicum
1252 1148 1405 1185 Embolz'.
1464 1146 1548 1183 Vid.
1573 1146 1746 1184 Voemel.

1095 1202 1143 1240 ad
1174 1203 1421 1245 Demosthen,
1449 1202 1614 1254 Philipp.
1633 1216 1671 1254 p.
1693 1205 1747 1243 32

1094 1273 1198 1312 seqq.
1230 1264 1297 1301 37.
1353 1262 1405 1297 At
1433 1262 1464 1297 si
1483 1271 1662 1311 quaeras,
1680 1271 1749 1296 cur

1093 1315 1204 1354 huius
1232 1318 1333 1354 urbis
1362 1324 1441 1354 tam
1474 1317 1636 1367 inclytae
1665 1317 1747 1352 He-

1092 1372 1247 1410 rodotus
1260 1374 1404 1410 nullam
1415 1372 1476 1410 hic
1491 1373 1619 1410 fecerit
1634 1384 1746 1408 men-

1091 1430 1248 1477 tionem,
1270 1429 1479 1467 tenendum
1500 1436 1565 1476 est,
1595 1429 1658 1466 illo
1667 1429 1746 1465 fere

1091 1492 1274 1538 tempore,
1296 1500 1371 1538 quo
1392 1483 1630 1537 Amphipolis
1650 1498 1746 1522 con-

1093 1542 1170 1580 dita
1195 1542 1424 1594 perhibetur,
1446 1544 1470 1580 i.
1493 1556 1525 1579 e.
1547 1554 1646 1578 anno
1661 1540 1744 1582 437

1090 1611 1122 1637 a.
1148 1598 1236 1637 Chr.
1256 1613 1308 1647 n.‚
1329 1598 1565 1636 Herodotum
1587 1598 1744 1634 Graecia

1092 1656 1221 1692 relicta
1259 1657 1336 1692 iam
1370 1655 1537 1692 Thurios
1577 1655 1748 1700 cessisse3

1095 1711 1197 1763 quod
1231 1713 1347 1763 vulgo
1378 1718 1526 1763 ponunt
1555 1723 1644 1747 ann.
1668 1708 1749 1750 444

1094 1781 1128 1805 a.
1160 1766 1248 1805 Chr.
1288 1783 1326 1805 n.
1395 1767 1480 1805 Vid.
1518 1766 1750 1804 Dahlmann.

1093 1824 1278 1863 Herodot.
1310 1839 1347 1876 p.
1370 1827 1447 1865 221
1468 1825 1553 1861 coll.
1574 1823 1639 1863 48-

1149 1899 1388 1956 ἒπορεύοντο
1408 1918 1432 1942 κ
1445 1900 1533 1942 atet*
1556 1918 1576 1941 τ
1589 1899 1613 1941 οἳ
1629 1917 1648 1949 ς
1677 1916 1749 1954 γε·

1094 1956 1292 2011 φύρας]
1334 1962 1418 1996 Non
1446 1960 1566 1996 valet:
1599 1971 1674 1996 vers
1700 1957 1748 1996 les

1086 2020 1212 2066 ponis,
1234 2023 1275 2053 ut
1297 2015 1419 2053 reddit
1438 2013 1638 2058 Lai-cher„
1675 2027 1747 2050 ne-

1093 2085 1166 2123 que
1185 2086 1243 2109 sur
1264 2073 1313 2109 les
1328 2076 1444 2122 ponts,
1462 2084 1544 2121 par,
1571 2072 1593 2107 εὶ
1614 2073 1747 2106 tracen

1091 2129 1139 2164 les
1158 2132 1271 2178 ponis,
1302 2135 1342 2164 ut
1364 2128 1504 2163 Gailius
1524 2128 1747 2175 interpreta-

1090 2191 1162 2230 tur,
1191 2183 1256 2220 sed
1285 2184 1335 2220 acl
1363 2196 1393 2220 s.
1413 2185 1517 2219 iuxta
1535 2186 1656 2232 pontes
1670 2211 1679 2227 ,
1701 2209 1712 2218 .
1733 2210 1742 2218 .

1091 2240 1337 2289 Strymonem
1358 2246 1472 2290 ponte
1493 2240 1650 2288 iungere
1672 2237 1744 2274 du-

1094 2295 1187 2331 dum
1218 2309 1283 2331 rex
1314 2297 1479 2343 iusserat,
1507 2302 1600 2332 teste
1620 2297 1745 2332 Hero-

1092 2351 1179 2388 doto
1203 2351 1281 2398 Vll,
1304 2351 1370 2392 24.

1150 2416 1344 2469 Περσικόν
1368 2417 1410 2458 δὲ
1430 2416 1474 2458 τό
1494 2415 1663 2466 ζώοντας
1673 2434 1745 2457 κα-

1091 2472 1314 2526 τορύσσειν]
1339 2477 1370 2512 Λ
1391 2475 1744 2522 Mediceo‚Floren-

1090 2533 1169 2568 tino
1191 2545 1232 2568 ac
1255 2531 1400 2569 duobus
1433 2533 1511 2569 aliis
1531 2531 1643 2569 codd.
1673 2530 1744 2567 hae

1090 2601 1200 2625 voces
1220 2601 1369 2639 prorsus
1391 2589 1538 2626 absunt.
1593 2586 1655 2624 Ad
1683 2599 1743 2623 ar-

1090 2652 1315 2693 gumentum
1350 2646 1422 2682 loci
1450 2644 1550 2682 conf.
1578 2651 1672 2682 nott.
1694 2642 1742 2680 ad

1091 2702 1155 2748 ln,
1187 2701 1252 2742 35.
1310 2702 1414 2746 Quae
1444 2702 1611 2752 sequitur
1640 2698 1741 2750 apud

1092 2757 1326 2794 Herodotum
1349 2757 1395 2794 de
1420 2758 1582 2793 Amestri
1610 2769 1740 2792 narra-

1091 2815 1156 2861 tio,
1177 2813 1378 2851 Plutarcho
1408 2826 1560 2866 quoque
1590 2812 1740 2850 exhibi-
