1897 3340
113 361 146 381 ne
172 353 317 381 tentrioni

112 396 146 414 uu
170 389 249 415 iecta
274 387 311 414 ob
334 385 386 414 fri-

111 428 168 484 g?
185 419 363 451 inhabitabi-

321 747 382 790 11

113 811 226 840 θαι-ἰωῇ
242 811 280 838 ab
298 818 386 844 expe-

114 845 231 873 ditione
247 843 388 878 Scythica

113 878 228 906 Sardes
248 885 352 905 rever-

114 921 185 947 ιιιιε,
215 911 387 938 maiacum

114 946 152 973 ob
179 949 300 981 pontem
320 944 388 971 latri

115 981 268 1006 servatum
296 979 308 1011 [
329 998 336 1012 ,

115 1012 201 1047 1370,
229 1012 314 1039 coen
335 1011 372 1037 ob

114 1045 271 1073 consilium
294 1044 373 1071 salu»

113 1080 166 1106 bre
184 1079 287 1106 datum
314 1078 354 1112 [⁴,

113 1112 173 1148 91]
197 1120 371 1139 remunera-

113 1149 182 1180 tur,
203 1146 250 1174 illi
272 1145 388 1181 petenti

443 237 497 275 16

842 231 1304 270 HERODOTI

445 346 581 385 ταῦτα
618 341 831 397 λέγοντες,
879 341 1081 385 δοκέουσι
1120 341 1258 395 λέγειν
1297 339 1380 382 οὐκ
1423 337 1595 383 οἰκότα·
1642 341 1695 383 τὰ

448 409 533 465 γάρ
566 413 650 462 ζῶα
689 412 824 452 ταῦτα
855 410 1053 465 φαίνεται
1082 406 1194 452 εἶναι
1225 407 1427 463 δύσριγα·
1472 405 1580 450 ἄλλά
1619 423 1695 462 μοι

445 476 497 520 τοὶ
526 476 613 520 ’ὑπό
645 476 724 529 τὴν
746 476 909 531 ἄρκτον
939 475 1118 531 ἀοίκητα
1141 475 1283 518 δοκέει
1304 473 1416 518 εἶναι
1435 474 1506 518 διοὶ
1536 474 1589 517 τὰ
1613 473 1696 525 ψύ-

415 552 436 585 3
448 559 534 600 χεα.

597 547 746 587 Ταῦτα
781 544 861 600 μέν
887 560 972 588 νυν
998 547 1074 599 τῆς
1101 541 1243 598 χώρης
1270 541 1429 597 ταύτης
1448 543 1545 597 πέρι
1580 541 1723 597 Mys-5

443 627 525 654 ται.
558 610 610 653 τοὶ
640 611 974 666 παραθαλάσσια
1004 608 1049 654 δ’
1071 606 1134 653 ὧν
1154 609 1285 665 αὐτῆς
1305 610 1562 667 Μεγάβαζος
1587 614 1694 664 Περ-

443 679 552 722 σέων
581 677 773 735 κατήκοα
801 678 951 723 ἐποίεε.

1753 677 1834 716 376

527 750 717 799 Δαρεῖος
750 748 813 798 δὲ,
857 745 916 797 ὠς
945 746 1098 803 διαβάς
1126 744 1302 800 τάχιστα
1337 747 1416 788 τόν
1441 741 1697 800 Ἑλλήσπον-

444 830 523 857 τον
563 813 739 857 ἀπίκετο
780 813 822 865 ἐς
850 812 1036 868 Σάρδις,
1072 812 1266 868 ἐμνήσθη
1308 815 1384 866 τῆς
1422 811 1464 864 ἐξ
1495 812 1699 856 Ἱστιαίου

443 899 487 924 τε
526 884 604 925 τοῦ
646 884 867 939 Μιλησίου
903 880 1168 937 εὐεργεσίης,
1207 879 1280 922 καὶ
1308 883 1384 935 τῆς
1421 881 1698 934 παραινέσιος

419 953 529 993 Ξτοῦ
551 951 858 1006 Μυτιληναίου
880 947 1029 992 Κώεω.
1073 946 1459 1004 μεταπεμψάμενος
1489 949 1534 992 δέ
1565 962 1700 1005 σφεας
1712 958 1755 991 lo

446 1016 489 1067 ἐς
518 1015 709 1070 Σάρδις,
738 1016 884 1060 ἐδίδου
913 1015 1084 1060 αὐτοῖσι
1117 1017 1298 1068 αἵρεσιν.
1340 1014 1363 1058 ὁ
1394 1015 1472 1070 μὲν
1503 1016 1556 1072 δὴ
1581 1015 1700 1061 Ἱστι-

447 1088 562 1136 αῖος,
593 1082 964 1140 ἅτελτυραννεύων
992 1088 1067 1141 τῆς
1092 1081 1311 1140 Μιλήτου,
1339 1087 1601 1140 τυραννίδος
1620 1086 1698 1143 μὲν

389 1258 495 1296 modi
509 1260 620 1296 rebus
634 1259 793 1295 aliorum
807 1273 827 1295 e
839 1258 914 1296 fide
936 1272 1047 1295 enar-

390 1314 515 1351 randis
555 1328 664 1351 suam
700 1317 814 1365 ipsius
841 1314 1048 1351 dubitatio-

390 1384 482 1407 nem
509 1371 734 1419 subiungat,
773 1383 822 1406 ne
842 1368 925 1422 quis
945 1371 1048 1415 talia,

392 1440 490 1478 quae
512 1439 533 1462 a
553 1439 682 1463 rerum
700 1433 835 1463 natura
847 1425 1049 1463 abhorrere

391 1483 590 1520 videantur
603 1512 613 1530 ,
644 1496 665 1519 a
694 1496 732 1519 se
753 1484 834 1533 ipso
855 1490 920 1519 aut
938 1495 1050 1533 pror-

391 1553 452 1576 sus
472 1539 559 1575 ficta
580 1546 644 1575 aut
665 1545 765 1574 certe
786 1540 942 1589 probata
963 1540 1048 1575 exi-

391 1598 530 1633 stimet.
561 1595 619 1631 Cf.
639 1595 702 1642 IV,
723 1597 764 1634 7.
783 1616 839 1622 —
867 1595 929 1632 Ad
949 1602 1049 1631 stru-

392 1659 539 1689 cturam
559 1651 765 1687 verborum
794 1653 1048 1703 sequentium,

363 1727 366 1731 ⁴
392 1709 459 1745 ubi
487 1709 527 1743 iu
557 1709 815 1743 accusativum
837 1721 926 1744 cum
960 1708 1050 1744 infi-

393 1765 513 1801 nitivo
552 1765 684 1800 transit
723 1765 864 1811 oratio,
905 1764 1049 1801 consul.

391 1819 529 1857 Matth.
561 1820 627 1856 Gr.
657 1820 722 1856 Gr.
757 1821 792 1865 ξ.
819 1824 922 1867 631,
957 1824 982 1860 2
1012 1834 1050 1870 p.

397 1877 514 1923 1297,
547 1877 611 1927 qui
631 1875 735 1912 idem
763 1889 850 1926 pag.
874 1879 980 1917 1186
1003 1876 1052 1913 ad

398 1933 515 1969 verba
536 1928 616 1970 ὖπό
650 1932 782 1980 (cuius
802 1933 886 1968 loco
908 1935 946 1969 iu
967 1933 1030 1968 Me

397 1988 470 2025 dic.
508 2001 551 2024 ac
582 1989 764 2032 Floreut„
782 1996 903 2025 exstat
922 1985 1049 2041 ὕπερ)

395 2043 564 2084 τουτέων
580 2044 843 2082 consulendus.
859 2044 959 2082 Add.
972 2047 1047 2082 He-

397 2098 478 2137 rod.
499 2101 579 2148 Vll,
603 2103 694 2141 168.

456 2202 639 2250 φαίνεται
658 2199 760 2242 εἶναι
782 2203 804 2242 δ
816 2199 840 2241 v'
854 2215 904 2254 σρ
919 2218 931 2242 ι
943 2219 999 2255 γα
1011 2203 1048 2251 ·]

401 2257 538 2306 „Quod
567 2257 801 2307 adnectitur,
854 2273 940 2310 apes
973 2273 1051 2297 esse

401 2317 481 2362 ζῶα
503 2311 666 2366 δύσριγα
690 2317 738 2363 [i.
753 2329 785 2352 e.
799 2316 1053 2366 am'malz'afri-

400 2373 493 2420 gorae‘s
526 2373 771 2421 impatientia]
789 2402 797 2418 ‚
839 2385 860 2408 a
897 2373 1052 2409 veritate

401 2427 557 2479 quidem
597 2426 700 2464 haud
741 2427 926 2476 deflectit,
975 2442 1053 2465 nou

401 2491 534 2534 aptum
556 2491 684 2520 tamen
713 2483 760 2520 ad
783 2498 870 2535 apes
900 2493 1055 2535 septen-

401 2542 530 2577 trionis
578 2542 794 2590 regionibus
842 2541 1054 2578 eiiciendas.

403 2597 521 2633 secus
533 2595 656 2642 habet,
670 2610 739 2633 nec
753 2599 911 2645 reticuit,
926 2600 1055 2634 Aelia-

402 2665 472 2689 nus
501 2654 595 2689 Hist.
625 2653 699 2689 An.
729 2655 784 2700 ΙΙ,
812 2654 888 2700 53,
918 2656 1053 2691 Nostro

404 2704 508 2762 οἷκοῇ
535 2706 645 2763 ᾅδειν
659 2711 914 2760 exprobrans“
942 2710 1053 2748 Wes-

403 2765 530 2802 salin
541 2777 578 2813 g.
652 2765 713 2802 Ad
749 2767 898 2802 Aeliani
927 2768 1053 2803 locum

404 2820 497 2858 haec
530 2819 807 2860 Schneiderus:
852 2823 1054 2870 „Herodo-

1103 1266 1187 1294 tum
1207 1259 1381 1295 refellunt
1400 1261 1613 1296 testimonia
1622 1273 1757 1297 recen-

1103 1315 1245 1349 tiorum
1273 1327 1295 1350 a
1323 1314 1499 1352 Bochart.
1530 1318 1682 1354 Hieroz.
1703 1318 1755 1354 T.

1104 1370 1188 1419 Hp.
1201 1370 1281 1410 505
1303 1371 1470 1416 collecta,
1492 1385 1588 1424 quae
1607 1373 1758 1423 publica

1105 1424 1218 1462 hodie
1238 1433 1394 1463 naturae
1413 1426 1489 1464 fide
1514 1430 1730 1466 nituntur.“

1163 1526 1349 1577 Περσέων
1366 1544 1422 1567 κα
1435 1525 1522 1579 τήκ
1535 1545 1556 1569 ο
1567 1546 1591 1568 α
1609 1529 1755 1581 ἐποίεε]

1104 1583 1197 1619 voci
1224 1580 1419 1634 κατήκοος
1447 1593 1484 1622 et
1512 1588 1699 1636 genitivus
1721 1596 1757 1626 et

1105 1639 1251 1676 dativus
1273 1642 1387 1677 astrui
1416 1643 1532 1690 solet,
1573 1653 1757 1682 monente

1104 1695 1239 1732 Matth.
1256 1698 1321 1734 Gr.
1344 1699 1410 1735 Gr.
1433 1700 1469 1744 §.
1493 1702 1584 1746 362,
1612 1708 1693 1738 not.
1718 1705 1756 1741 1.

1107 1756 1145 1793 2.
1176 1751 1275 1789 Add.
1299 1753 1440 1792 Herod.
1469 1756 1498 1802 I,
1520 1758 1586 1796 72.
1606 1758 1670 1803 ΠΙ,
1691 1759 1758 1798 88.

1108 1810 1164 1845 De
1185 1810 1295 1845 simili
1315 1818 1500 1847 structura
1520 1813 1622 1849 vocis
1651 1809 1758 1864 ὑπή-

1109 1880 1201 1912 κοος
1222 1868 1373 1904 monuit
1394 1868 1553 1904 Siebelis
1575 1868 1624 1905 ad
1652 1871 1758 1906 Pau-

1108 1924 1263 1968 san.III,
1278 1927 1301 1964 3
1313 1925 1348 1969 ξ.
1361 1927 1457 1964 3.-
1477 1925 1552 1960 Pro
1572 1924 1699 1965 ἐποίεε
1717 1928 1758 1963 iu

1111 1977 1258 2016 duobus
1275 1979 1386 2016 codd.
1405 1982 1597 2018 iuvenitur
1621 1981 1761 2033 ἐποίη-

1111 2047 1171 2081 σε;
1220 2035 1324 2087 quod
1343 2044 1472 2074 tamen
1499 2038 1675 2088 vulgatae
1694 2040 1760 2076 vix

1106 2092 1329 2141 praeferam.
1396 2093 1459 2130 Ad
1492 2102 1760 2144 argumentum

1108 2148 1181 2184 loci
1201 2149 1301 2185 conf.
1322 2157 1403 2187 not.
1425 2149 1473 2187 ad
1492 2151 1556 2198 IV,
1578 2153 1619 2190 2.

1346 2273 1437 2324 Cap.
1459 2274 1529 2310 XI.
1557 2328 1560 2333 ἱ

1164 2369 1346 2424 ἐμνήσθη
1367 2376 1439 2424 τῆς
1457 2373 1495 2422 ἐξ
1514 2373 1701 2414 Ἰστιαίου
1719 2391 1761 2416 τε

1109 2433 1182 2468 τοῦ
1215 2432 1418 2480 Μιλησίου
1440 2446 1476 2469 κ.
1499 2446 1530 2468 τ.
1550 2433 1610 2479 λ.]
1652 2432 1763 2470 Conf.

1110 2487 1172 2534 IV,
1197 2488 1273 2526 137
1294 2500 1372 2538 seq.
1405 2494 1440 2523 et
1460 2486 1506 2523 de
1530 2487 1598 2524 Cois
1613 2489 1675 2535 IV,
1696 2491 1764 2529 97.

1113 2544 1391 2592 Μυτιληναίου
1408 2542 1495 2580 dedi
1506 2556 1594 2580 cum
1607 2552 1763 2582 recentt.

1110 2611 1178 2649 pro
1190 2601 1486 2648 Μιτυληναίους
1507 2607 1548 2636 ut
1559 2613 1651 2637 mox
1663 2603 1762 2639 Μυ-

1110 2651 1269 2705 τιλήνης
1307 2669 1375 2706 pro
1415 2653 1675 2708 Μιτυλήνης,
1715 2656 1763 2694 de

1111 2724 1185 2763 quo
1214 2710 1290 2748 vid.
1319 2719 1414 2748 nott.
1443 2713 1491 2748 ad
1518 2714 1547 2760 Ι,
1578 2715 1644 2752 27.
1700 2712 1763 2751 Ad

1110 2775 1377 2817 argumentum
1396 2769 1469 2805 loci
1498 2770 1585 2806 satis
1605 2777 1762 2818 constat,

1109 2825 1309 2862 Persarum
1338 2825 1451 2862 fuisse
1470 2827 1607 2873 moris,
1638 2833 1681 2863 ut
1700 2839 1763 2863 re-
