1897 3340
382 209 464 250 134

697 189 1243 248 ἨιιιῑουοΤι

382 332 427 360 τε
459 317 532 360 καὶ
561 317 705 371 ὕδωρ,
745 317 768 362 ὁ
810 318 855 362 δὲ
896 320 1141 374 συμμαχίην
1183 332 1261 373 σφι
1292 319 1568 363 συνετίθετο·
1610 322 1645 362 εἰ

382 383 428 426 δὲ
457 383 515 439 μὴ
546 386 739 434 διδοῦσι,
771 385 1126 430 ἀπαλλάσσεσθαι
1160 386 1323 438 αὐτούς
1353 386 1529 430 ἐκέλευε.
1593 389 1647 430 Οἱ

353 450 430 494 4δὲ
471 449 645 506 ἄγγελοι
684 453 752 496 ἐπὶ
794 454 942 508 σφέων
987 452 1136 497 αὐτῶν
1174 453 1431 510 βαλόμενοι,
1473 453 1647 500 διδόναι

382 518 573 574 ἔφασαν,
625 521 892 576 βουλόμενοι
946 521 1026 576 τὴν
1075 525 1320 579 συμμαχίην
1366 522 1644 577 ποιήσασθαι.

382 580 508 629 οὗτοι
548 587 628 643 μὲν
664 588 716 643 δή
760 585 1028 638 ἀπελθόντες
1065 588 1109 640 ἐς
1145 590 1225 646 τὴν
1270 590 1467 645 ἑωυτῶν,
1509 593 1703 643 αἰτίας65

382 652 573 709 μεγάλας
603 651 730 709 εἶχον.

467 720 717 776 Κλεομένης
747 722 816 769 δὲ,
858 721 1142 778 ἐπιστάμενος
1177 726 1486 781 περιυβρίσθαι
1527 725 1645 769 ἔπεσι
1701 715 1784 758 409

381 790 452 833 καὶ
480 790 644 844 ἔργοισι
672 789 755 833 ὑπ’
780 788 1047 847 Ἀθηναίων,
1091 790 1289 846 συνέλεγε
1320 791 1366 834 ἐκ
1395 792 1534 849 πάσης
1566 797 1646 836 Πε-

381 856 662 913 λοποννήσου
708 858 918 912 στρατόν,
961 856 1014 901 οὐ
1055 858 1235 913 φράζων
1264 858 1307 908 ἐς
1343 858 1393 902 τὸ
1425 859 1645 915 συλλέγει·

383 926 591 968 τίσασθαί
620 941 664 969 τε
696 926 860 970 ἐθέλων
888 925 966 969 τὸν
996 927 1137 982 δῆμον
1166 930 1254 969 τῶν
1281 924 1544 982 Ἀθηναίων,
1574 927 1648 971 καὶ
1703 973 1705 975 ,

381 992 602 1049 Ἰσαγόρεα
631 993 897 1050 βουλόμενος
925 992 1146 1048 τύραννον
1175 998 1464 1051 καταστῆσαι·
1504 996 1647 1047 συνεξ-
1657 1003 1703 1036 70

351 1065 493 1117 Ξῆλθε
522 1060 606 1116 γάρ
637 1063 681 1105 οι
709 1058 836 1113 οὗτος
865 1061 912 1105 ἐκ
956 1065 1031 1117 τῆς
1069 1059 1348 1115 ἀκροπόλιος.

1400 1063 1648 1119 Κλεομένης

381 1144 429 1172 τε
455 1127 511 1184 δὴ
539 1127 679 1188 στόλῳ
709 1129 878 1187 μεγάλῳ
909 1129 1083 1185 ἐσέβαλε
1112 1129 1154 1180 ἐς
1189 1129 1270 1185 τήν
1295 1128 1542 1182 Ἐλευσῖνα,
1574 1130 1648 1174 καὶ

381 1197 425 1239 οἱ
455 1197 644 1240 Βοιωτοὶ
696 1195 784 1241 άπὸ
824 1198 1103 1255 συνθήματος
1146 1195 1308 1253 Οἰνόην
1347 1198 1544 1252 αἱρέουσι
1579 1199 1653 1242 καὶ

325 1382 396 1417 σαῖς
427 1369 475 1407 de
493 1370 710 1407 narratione
739 1369 916 1407 nondum
935 1371 984 1406 fi-

324 1429 425 1475 nita,
458 1441 547 1465 cum
567 1427 682 1478 paulo
711 1434 823 1464 antea
844 1426 985 1475 ἔκπλη-

325 1486 452 1534 ρῶσαι
469 1481 543 1534 τήν
566 1479 751 1534 διήγησιν
785 1483 834 1520 de
852 1497 987 1520 narra-

325 1541 428 1577 tione
448 1542 599 1591 penitus
614 1540 819 1588 absoluta]
849 1542 987 1578 Portus

325 1598 537 1634 contulerat
575 1595 731 1633 Hesiod.
773 1598 870 1647 Opp.
908 1599 987 1638 106

327 1652 461 1704 (93):
494 1649 615 1702 λόγον
636 1649 921 1705 ἐκκορυφώσω.

384 1721 420 1760 εἰ
441 1719 513 1773 μὲν
536 1721 757 1760 διδοῦσι-
776 1723 854 1773 γῆν
870 1735 909 1760 τε
921 1719 988 1760 καὶ

326 1773 434 1828 ’ὕδωρ
456 1793 492 1816 κ.
505 1778 602 1826 τ.λ.]
635 1779 693 1813 De
715 1776 771 1814 his
791 1777 866 1814 vicl.
890 1785 985 1814 nott.

328 1833 377 1870 ad
395 1835 458 1881 lv,
482 1837 575 1875 126.
596 1847 683 1885 pag.
706 1835 800 1875 503.
822 1836 916 1882 678,
950 1841 986 1871 et

329 1889 376 1928 de
397 1892 540 1928 ratione
561 1891 836 1942 particularum
858 1888 928 1940 μὲν
947 1898 984 1927 et

328 1944 371 1986 δὲ
392 1954 485 1984 nott.
507 1947 555 1984 ad
576 1948 639 1995 IV,
653 1949 720 1988 65.
737 1970 792 1974 —
808 1948 899 1983 Mox
917 1947 986 1984 de-

329 2002 368 2040 di
389 2003 450 2042 ἒπὶ
477 2003 612 2053 σφέων
634 1999 767 2042 αὐτῶν
794 2004 890 2054 (pro
914 2000 987 2043 αὕ-

327 2057 473 2109 τέων)
507 2057 736 2111 βαλόμενοι,
765 2059 811 2096 de
833 2073 908 2111 qua
929 2062 989 2097 lo-

328 2117 479 2153 cuticne
506 2116 583 2153 vid.
616 2123 716 2153 nott.
745 2116 793 2153 ad
821 2118 886 2164 ΠΙ,
921 2120 988 2157 71.

328 2171 428 2209 Add.
449 2173 493 2220 V,
522 2175 613 2213 106.

386 2239 511 2286 οἰτίας
530 2239 702 2291 μεγάλας
727 2236 850 2291 εἶχον]
882 2236 986 2291 εἶχον

329 2309 396 2347 pro
409 2297 513 2346 vulg.
527 2295 615 2346 ἔχον
627 2310 716 2333 cum
727 2304 882 2334 reoentt.
899 2297 986 2337 edd.

331 2351 413 2389 dedi
446 2366 466 2388 e
496 2354 687 2390 Sanorosti
706 2354 801 2390 libro
834 2366 877 2390 ac
895 2355 987 2390 Flo-

332 2409 488 2446 rentino.
547 2410 607 2445 De
650 2411 844 2447 locutione
884 2412 984 2447 conf.

331 2471 421 2505 nott.
443 2464 490 2502 ad
512 2467 556 2514 V,
582 2469 653 2507 70.

512 2568 607 2619 Cap.
627 2568 803 2605 LXXIV.

363 2644 640 2699 ἐπιστάμενος]
655 2648 771 2684 Recte
785 2644 986 2698 Schweig-

324 2703 455 2742 haeus.
468 2719 572 2756 quum
585 2723 634 2730 ——
648 2706 879 2740 existimaret.
903 2704 986 2748 Quo

325 2761 462 2798 eodem
491 2773 606 2799 sensu
636 2762 665 2807 Ι,
693 2763 783 2800 122.
809 2761 899 2801 156.
922 2762 987 2807 ΙΙΙ,

325 2821 391 2866 66,
413 2819 514 2856 alibi.
561 2816 623 2855 Ad
640 2817 872 2855 locutionem
889 2816 928 2864 ἐς
949 2814 990 2857 τὸ

1041 1371 1142 1408 conf.
1181 1372 1237 1418 ΙΙ,
1271 1372 1350 1411 116
1380 1371 1510 1423 ibique
1540 1378 1636 1409 nott.
1669 1378 1706 1409 et

1043 1429 1182 1465 struve
1205 1427 1317 1478 Spec.
1338 1429 1354 1463 I
1373 1440 1461 1478 pag.
1482 1426 1550 1468 41.

1099 1494 1260 1546 ἐσέβαλε
1293 1494 1331 1541 ἐς
1365 1492 1441 1545 τήν
1481 1491 1703 1544 Ἐλευσῖνα]

1045 1553 1070 1589 i.
1094 1566 1127 1589 e.
1150 1554 1186 1588 in
1206 1564 1334 1600 agrum
1360 1551 1584 1589 Eleusiniam
1603 1556 1706 1590 inva-

1046 1611 1115 1654 sit3
1154 1609 1218 1644 ubi
1252 1609 1454 1644 articuhun
1480 1606 1553 1658 τήν
1582 1610 1708 1659 plures

1046 1664 1158 1702 codd.
1181 1666 1382 1713 omittunt,
1411 1672 1456 1703 ,ut
1472 1665 1516 1711 V,
1536 1668 1602 1705 76.
1624 1667 1708 1713 vll,

1044 1722 1112 1763 75.
1158 1720 1218 1757 Ad
1239 1722 1360 1771 ipsam
1380 1723 1639 1758 narrationem
1658 1723 1708 1760 cf.

1044 1779 1288 1824 Pausan.111‚
1310 1777 1335 1817 4
1358 1779 1394 1823 ξ.
1413 1782 1438 1819 2
1459 1791 1546 1829 pag.
1568 1781 1649 1819 212
1672 1785 1709 1816 et

1044 1833 1174 1871 Schol.
1189 1833 1237 1870 ad
1251 1833 1442 1885 Aristoph.
1455 1836 1611 1886 Lysistr.
1625 1838 1706 1876 273

1045 1892 1145 1940 [267
1157 1890 1306 1939 Both.].
1320 1913 1375 1918 ——-
1397 1886 1475 1931 άπὸ
1497 1887 1705 1942 συνθήμα-

1042 1963 1109 1995 τος
1128 1949 1240 1998 plane
1262 1949 1468 1995 utV1‚121
1493 1947 1536 1987 ἐκ
1552 1944 1706 1999 συνθή-

1045 2020 1166 2054 ματος
1186 2018 1229 2041 ex
1250 2007 1450 2055 composito.
1481 2004 1568 2043 vid.
1590 2004 1706 2042 Thu-

1045 2060 1132 2113 cyd.
1154 2062 1255 2109 vm,
1276 2064 1343 2102 99-

1105 2135 1254 2191 Οἰνόην
1275 2138 1455 2192 αἱρέουσι
1467 2138 1534 2178 καὶ
1551 2137 1706 2189 Τσιας,

1047 2191 1200 2247 ὃηιιοῑς
1252 2194 1347 2243 τούς
1399 2193 1589 2248 ἐσχάτους
1634 2199 1707 2247 τῆς

1042 2248 1293 2303 Ἀττικης],
1299 2255 1470 2304 ‚Duplex
1491 2261 1569 2290 erat
1591 2253 1708 2291 Oenoe

1043 2311 1082 2345 in
1109 2311 1234 2347 Attica
1273 2312 1465 2361 regio11e‚‘
1509 2311 1625 2346 altera
1657 2309 1706 2347 ad

1043 2366 1294 2416 Eleutheras,
1343 2366 1391 2404 ad
1439 2365 1707 2403 Marathonem

1043 2423 1159 2459 altera
1187 2423 1254 2472 [de
1276 2423 1351 2475 qust
1371 2422 1447 2462 vid.
1471 2424 1591 2460 Kruse
1612 2423 1708 2459 Hel,-

1043 2480 1096 2516 las
1116 2481 1162 2527 11,
1188 2484 1205 2520 1
1231 2493 1318 2531 pag.
1341 2483 1421 2521 273
1437 2479 1577 2531 seqqu]
1604 2481 1705 2516 Har-

1043 2543 1186 2585 p0crat·
1212 2533 1339 2587 Οἰνόη
1364 2535 1462 2588 ημῖν
1489 2537 1616 2586 δῆμος
1635 2538 1706 2586 τῆς

1041 2591 1386 2640 Ἵπποθοωντίδος
1404 2589 1501 2644 πρὸς
1519 2589 1705 2632 Ἐλευθέ-

1044 2664 1145 2700 ραις,
1175 2648 1204 2700 ἦ
1224 2647 1267 2688 δὲ
1289 2651 1360 2700 τῆς
1377 2649 1591 2696 Αἰαντίδος
1608 2646 1706 2701 πρὸς

1048 2707 1297 2756 Μαραθωνι.
1355 2705 1465 2742 Prior
1503 2704 1565 2742 hic
1603 2705 1705 2743 desi-

1045 2763 1154 2808 gnari
1197 2761 1366 2809 videtur,
1413 2775 1511 2815 quae
1546 2764 1584 2799 in
1618 2763 1706 2814 ipsis

1045 2819 1225 2855 Boeotiae
1272 2819 1408 2856 finibus
1453 2818 1608 2857 Thebas
1657 2832 1705 2856 ex
