1897 3340
544 210 950 252 POLYMNIA.
1007 209 1113 247 vll.
1364 216 1448 256 763

186 324 380 379 ”Ελλησι,
410 321 538 367 οὐδὲν
565 323 697 367 πλέον
716 320 925 376 ἐφέροντο
945 320 1020 372 τῆς
1038 321 1239 371 στρατιῆς
1266 323 1341 374 τῆς
1353 325 1447 377 Μη-

198 393 343 447 δικῆς,
383 388 487 434 ἄλλα
516 390 567 435 τοὶ
599 387 732 434 αὐτοὶ·
773 385 848 429 ἅτε
885 385 932 427 ἐν
960 383 1225 440 στεινοπόρῳ
1254 401 1297 427 τε
1326 390 1448 448 χώρῳ
1461 397 1503 430 95

196 457 443 515 μαχόμενοι,
473 459 546 502 καὶ
574 456 729 510 δόρασι
757 452 1058 509 βραχυτέροισι
1079 450 1313 507 χρεώμενοι
1340 451 1447 508 ἥπερ

167 526 464 582 ΒοίἝλληνες,
494 525 568 570 καὶ
597 521 679 567 οὐκ
697 522 861 577 ἔχοντες
891 521 1049 575 πλήθεϊ
1077 518 1334 575 χρήσασθαι.
1365 523 1450 561 Λα-

193 592 464 649 κεδαιμόνιοι
492 593 538 636 δὲ
568 588 775 647 ἐμάχοντό
806 587 934 640 ἀξίως
964 587 1111 642 λόγου,
1134 586 1240 629 ἄλλα
1272 601 1315 628 τε
1346 585 1449 628 ἁπο-

196 660 469 715 δεικνύμενοι
497 659 543 702 ἐν
564 657 646 701 οὐκ
666 656 983 712 ἐπισταμένοισι
1001 652 1214 710 μάχεσθαι
1242 652 1452 705 ἐξεπιστά-

196 744 333 784 μενοι,
361 726 434 769 καὶ
464 725 576 777 ὅκως
598 724 847 781 ἐντρέψειαν
867 722 920 767 τοὶ
953 726 1091 770 νῶτα,
1141 720 1258 772 ἁλέες
1297 718 1507 776 φεῦγε-30

196 806 304 838 σκον
344 794 497 849 δῆθεν·
540 796 584 837 οἱ
611 794 656 837 δὲ
697 793 914 849 βάρβαροι
944 790 1154 844 ὁρέωντες
1193 787 1450 844 φεύγοντας,

193 864 282 917 βοῇ
307 875 352 903 τε
385 859 459 904 καὶ
486 859 663 918 πατάγῳ
693 861 896 916 ἐπήϊσαν·
928 859 971 902 οἱ
1001 855 1043 900 δ’
1076 855 1146 908 ἂν,
1178 858 1449 911 καταλαμβα-

194 928 398 983 νόμενοι,
428 927 701 985 ’ὑπέστρεφον
730 928 871 972 ἀντίοι
899 924 1011 970 εἶναι
1038 929 1151 967 τοῖσι
1178 922 1453 979 βαρβάροισι·

196 994 589 1051 μεταστρεφόμενοι
632 997 697 1050 δὲ,
734 997 1001 1051 κατέβαλλον
1029 995 1187 1049 πλήθεϊ
1215 989 1457 1047 ’ἀναριθμή-

169 1064 307 1113 4τους
341 1067 429 1106 τῶν
466 1064 682 1120 Περσέων.
742 1063 921 1107 ἔπιπτον
974 1060 1019 1105 δὲ
1058 1060 1132 1103 καὶ
1171 1058 1317 1103 αὐτῶν
1359 1062 1448 1103 τῶν
1462 1065 1507 1101 35

197 1244 317 1288 οὐδὲν
335 1248 456 1289 πλέον
481 1247 690 1300 ἐφέροντο]
721 1248 746 1288 i.
761 1261 796 1288 e.

140 1304 233 1342 nihil
264 1306 416 1356 amplius
454 1305 696 1356 profecerunt,
743 1305 796 1341 m'l

141 1361 333 1412 quidquam
351 1362 475 1399 melius
512 1364 599 1411 ipsis
619 1364 793 1399 successit.

142 1418 218 1454 Ubi
245 1419 331 1455 satis
361 1431 461 1470 quae
491 1417 609 1454 medii
628 1418 733 1455 verbi
752 1418 799 1454 sit

144 1475 199 1512 vis
229 1482 404 1524 apparet,
433 1480 476 1510 ut
507 1475 587 1521 vll,
609 1476 710 1516 213:
744 1471 800 1520 ὥς

145 1529 242 1582 μέγα
261 1530 522 1570 τι-δοκέων
541 1530 799 1569 οἴσεσθαι.

142 1589 193 1624 Et
213 1586 314 1629 cons.
335 1600 489 1640 quoque
507 1588 570 1636 IV,
588 1589 679 1628 129.
699 1587 798 1635 VIII,

144 1645 211 1684 29.

201 1695 339 1750 δόρασι
379 1697 678 1751 βραχυτέροισι]
742 1700 801 1735 De

143 1756 390 1806 comparativi
422 1757 546 1793 forma
576 1756 677 1792 conf.
703 1757 800 1792 Mat-

143 1811 245 1849 thiae
273 1813 340 1851 Gr.
370 1813 437 1851 Gr.
467 1814 502 1858 §.
536 1815 636 1860 1303
668 1814 683 1852 1
711 1825 800 1862 pag·

145 1868 238 1909 253.
277 1870 336 1904 De
354 1869 557 1905 Persarum
580 1867 691 1905 hastis
711 1869 801 1905 bre-

145 1925 310 1961 vioribus
331 1923 411 1961 dixi
430 1924 478 1961 ad
488 1926 534 1973 V,
552 1924 618 1965 49.
631 1926 712 1971 VII,
733 1927 800 1965 61.

145 1980 335 2018 Diodorus
356 1982 506 2019 Siculus
526 1982 594 2029 XI,
607 1984 645 2029 7,
667 1979 740 2017 hoc
754 1980 801 2017 de

145 2038 289 2088 proelio
311 2050 500 2086 enarrans,
513 2039 718 2075 Persarum
728 2038 804 2074 bre-

145 2106 205 2132 ves
233 2093 390 2146 quidem
422 2095 575 2146 clypeos
609 2095 804 2145 peltasque

145 2151 460 2188 commemoravit
476 2181 486 2200 ,
513 2150 581 2188 sed
616 2152 805 2188 breviores

147 2205 270 2244 hastas
289 2208 472 2257 neglexit.

205 2259 303 2301 ἄλλα
322 2278 362 2302 τε
398 2259 735 2313 ἀποδεικνύμενοι
764 2278 801 2301 κ.

149 2333 183 2357 τ.
203 2319 258 2367 λ.]
306 2319 332 2357 i.
363 2331 397 2355 e.
430 2332 534 2369 quum
583 2320 668 2357 aliis
704 2321 802 2356 rebus

151 2374 374 2421 ostendentes,
390 2386 425 2411 se
440 2387 585 2424 pugnae
598 2378 727 2426 peritos
736 2389 806 2412 esse

153 2444 267 2468 coram
285 2432 476 2482 imperitis,
505 2435 579 2467 tum
606 2444 683 2468 vero
702 2434 806 2469 etiam

152 2501 202 2534 eo,
223 2487 312 2537 quod
330 2486 475 2524 subinde
495 2489 604 2535 tergis
624 2490 806 2536 conversis,

154 2544 332 2594 confertim
351 2556 461 2581 omnes
483 2556 584 2594 quast
581 2542 725 2592 fugam
745 2558 809 2581 ca-

150 2601 343 2668 pessebant.
384 2601 482 2636 Cum
502 2600 622 2636 velbis
644 2596 742 2638 ἄλλα
761 2614 808 2638 τε

156 2651 489 2707 ἀποδεικνύμενοι
524 2670 576 2693 sc.
604 2652 807 2706 ἐμάχοντο,

156 2714 332 2752 convenit
361 2711 445 2751 καὶ
485 2708 703 2765 φεύγεσκον
734 2713 809 2763 δη-

153 2774 242 2817 θεν,
287 2769 334 2807 de
354 2782 430 2821 qua
458 2769 669 2820 imperfecti
687 2769 810 2806 forma

154 2826 232 2866 vid.
252 2828 316 2875 111,
329 2828 422 2867 117.
441 2826 504 2873 IV,
519 2827 598 2866 130
617 2831 653 2862 et
673 2823 720 2862 de
739 2838 810 2864 vo-

855 1247 941 1284 cula
967 1245 1098 1296 δῆθεν
1127 1250 1221 1282 nott.
1242 1242 1290 1281 ad
1309 1244 1372 1292 VI,
1397 1247 1433 1284 1.
1454 1265 1509 1271 —-

853 1305 899 1340 In
928 1315 1034 1353 seqq.
1061 1300 1110 1338 ad
1142 1314 1254 1339 voces
1284 1301 1362 1353 βοῇ
1390 1299 1511 1339 τεκαὶ

853 1355 1015 1410 πατάγῳ
1036 1357 1133 1396 conf.
1154 1359 1220 1406 III,
1240 1360 1293 1398 79
1319 1358 1410 1408 ibiq.
1430 1363 1511 1397 not.

855 1423 892 1453 et
930 1414 1028 1452 adde
1057 1415 1106 1452 sis
1134 1414 1197 1462 VI,
1228 1415 1296 1455 58.
1345 1415 1413 1461 IX,
1442 1412 1510 1453 24.

855 1473 954 1520 VIII
976 1473 1042 1519 99,
1080 1471 1174 1519 (ubi
1200 1471 1279 1524 βοῇ
1302 1484 1341 1509 τε
1363 1468 1431 1509 καὶ
1451 1469 1513 1507 οἰ-

856 1530 970 1582 μωγῇ
1010 1524 1109 1566 οῗπλε
1101 1527 1212 1581 τῳ).
1277 1527 1405 1579 Atque
1441 1527 1511 1573 IX,

856 1585 910 1626 59
933 1586 1013 1637 βοῆ
1032 1598 1072 1622 τε
1092 1583 1158 1623 καὶ
1179 1581 1313 1635 ὁμίλῳ.

913 1641 954 1680 οἱ
971 1639 1004 1680 δ’
1023 1636 1073 1679 ἀν
1095 1634 1511 1690 καταλαμβανόμενοι]

854 1697 911 1733 De
923 1692 1086 1735 vocula
1069 1712 1119 1735 αν
1132 1696 1277 1734 adiecta
1288 1695 1364 1734 vid.
1377 1694 1513 1733 Matth.

856 1756 924 1795 Gr.
958 1755 1024 1791 Gr.
1055 1755 1093 1799 ξ.
1114 1754 1193 1795 599
1215 1766 1248 1790 a.
1281 1765 1369 1803 pag.
1395 1754 1514 1793 1198.

855 1811 1025 1848 Verbum
1046 1807 1362 1860 καταλαμβάνειν
1392 1808 1511 1859 ‹lepre-

856 1867 1036 1914 hendendz,
1050 1867 1255 1916 assequendi
1263 1867 1417 1902 notione
1428 1878 1512 1901 cre—

857 1925 959 1961 brius
987 1937 1054 1974 per
1081 1922 1150 1960 hos
1169 1925 1365 1960 Musarum
1383 1923 1510 1959 libros.

858 1980 921 2017 Ad
949 1981 1109 2017 ve1bun1
1143 1978 1390 2047 υπέστρεφον
1413 1978 1514 2015 conf.

859 2037 923 2084 IV,
948 2040 1039 2084 120,
1063 2043 1149 2072 aute
1174 2037 1289 2073 verba
1311 2031 1436 2074 ἀντίοι
1461 2030 1514 2073 εἶ-

861 2108 929 2132 ναι
956 2092 1156 2130 subaudile
1176 2094 1263 2130 licet
1291 2092 1516 2143 particulam

863 2145 974 2189 ὥστε.

919 2205 1083 2244 ἔπιπτον
1099 2226 1154 2232 ——-
1175 2200 1330 2256 ὀλίγοι]
1372 2205 1417 2240 In
1439 2216 1514 2256 quo

860 2264 1045 2299 consentit
1066 2262 1204 2298 Ctesias
1224 2263 1423 2298 Laconum
1434 2262 1518 2297 exi-

860 2332 978 2369 guam
998 2319 1110 2354 fuisse
1143 2331 1299 2355 narrans
1319 2320 1516 2354 iacturam.

860 2378 936 2412 Pro
985 2371 1137 2413 αὕτέων
1177 2374 1265 2412 dedi
1294 2370 1442 2413 αὐτῶν.
1464 2396 1514 2401 -—

860 2434 907 2469 In
918 2444 1022 2483 seqq.
1046 2434 1118 2479 τῆς
1138 2429 1282 2471 ἐσόδου
1303 2428 1519 2483 πειρειόμε-

862 2503 927 2528 νοι
959 2489 1157 2539 (tentantes
1193 2488 1401 2537 introitum)
1440 2487 1518 2523 noli

864 2544 1075 2595 genitivum
1108 2540 1251 2585 ἐσόδου
1289 2543 1437 2581 trahere
1470 2540 1518 2578 ad

864 2601 1129 2650 παραλαβεῖν,
1163 2601 1211 2638 ad
1233 2600 1335 2652 quod
1356 2599 1518 2650 pertinet

864 2658 1096 2694 accusativus
1130 2654 1260 2697 ου’δέν.
1286 2678 1342 2683 ——-
1370 2657 1413 2691 In
1442 2655 1518 2690 fine

865 2726 948 2764 cap.
968 2708 1204 2764 ἀπήλαυνον
1221 2708 1346 2752 όπίσω
1370 2719 1424 2748 est
1445 2711 1518 2748 clis-

865 2773 1050 2819 cesserunt,
1071 2770 1223 2819 regressi
1238 2772 1330 2816 sunt,
1360 2775 1403 2805 ut
1436 2768 1517 2814 vn,

864 2829 961 2868 212.
