1897 3340
497 213 969 256 POLYMNIA.
1031 212 1128 250 Vll.
1375 217 1460 255 459

196 328 290 379 „Gn
318 329 353 371 εἰ
369 326 489 383 ἡμεῖς
507 324 690 383 ἡσυχίην
716 320 885 376 ἄξομεν,
909 319 995 364 ἀλλ’
1031 318 1112 363 οὐκ
1142 320 1322 371 ἐκεῖνοι,
1357 319 1466 363 οἷλλοὶ
1880 257 1897 430 ἓ

197 397 294 450 ,,καὶ
324 396 438 452 μάλα
468 390 800 448 στρατεύσονται
831 388 897 432 ἐπὶ
927 390 1008 445 τήν
1037 388 1268 445 ἡμετέρην,
1305 390 1342 431 εἰ
1379 390 1461 444 χρή

199 463 568 520 ,,σταθμώσασθαι
605 463 718 502 τοῖσι
747 455 1066 512 ὑπαργμένοισι
1104 456 1147 508 ἐξ
1177 456 1376 500 ἐκείνων·
1418 459 1461 499 οἳ
1882 448 1897 551 ι

198 532 391 586 ,,Σάρδις
422 545 467 572 τε
505 527 770 583 ἐνέπρησαν,
813 526 884 568 καὶ
913 525 1080 580 ἤλασαν
1110 525 1152 575 ἐς
1191 523 1271 581 τὴν
1299 522 1457 579 Ἀσίην.

168 600 374 652 4,,οὔκων
394 594 698 651 ἐξαναχωρέειν
732 591 1002 648 οὐδετέροισι
1031 596 1230 644 δυνατῶς
1261 592 1357 648 ἔχει,
1388 588 1516 633 ἁλι-35

196 667 274 720 ,,λο“ι
301 665 463 710 ποιέειν
490 662 519 719 ἦ
545 663 730 707 παθέειν
758 662 990 717 προκέεται
1011 659 1151 716 ἀγών·
1199 663 1272 703 ἵνα
1299 658 1328 715 ἢ
1357 657 1460 701 τάδε
1883 686 1897 705 ,

192 731 360 786 ,,παντα
390 731 475 776 ὑπὸ
497 731 699 789 Ἕλλησι,
738 730 768 787 ἢ
798 730 942 773 ἐκεῖνα
969 730 1114 774 πάντα
1142 728 1230 772 ὑπο
1269 726 1461 781 Πέρσῃσι

164 801 420 858 5,,γένηται·
451 799 500 843 τό
531 799 615 855 γὰρ
646 799 781 854 μέσον
811 799 945 842 οὐδὲν
962 803 1036 855 τῆς
1057 798 1212 854 ἔχθρης
1242 796 1343 839 ἐστί.
1375 797 1460 837 Κα-
1474 797 1519 832 40

191 869 297 922 ,,λὸν
327 870 391 913 ὠν
418 867 784 924 προπεπονθότας
811 866 946 924 ημέας
975 867 1201 921 τιμωρέειν
1230 864 1314 920 ἤδη
1351 864 1461 918 γίνε-

192 954 314 990 ,,ται,
345 939 419 981 ἵνα
448 937 522 981 καὶ
548 935 598 980 τὸ
631 937 789 990 δεινὸν,
818 937 868 981 τὸ
897 938 1125 991 πείσομαι,
1157 937 1287 977 τοῦτο
1317 929 1462 987 μάθω,

191 1005 376 1059 ,,ἐλάσας
402 1003 464 1049 ἐπ’
493 1003 660 1059 ἄνδρας
688 1004 896 1057 τούτους,
939 1004 1042 1055 τούς
1069 1019 1117 1058 γε
1147 1003 1221 1046 καὶ
1254 999 1406 1051 Πέλοψ
1438 996 1461 1041 ὁ

190 1072 367 1128 ,,Φρῦξ,
399 1072 485 1117 έών
513 1073 712 1129 πατέρων
741 1077 830 1116 τῶν
869 1073 986 1128 ἐμῶν
1028 1075 1215 1121 δοῦλος,
1239 1066 1460 1121 κατεστρέ-

192 1147 331 1193 ,,ψατο
373 1140 513 1193 οὕτω,
555 1140 615 1192 ὥς
651 1142 725 1184 καὶ
765 1140 809 1191 ἐς
849 1139 948 1186 τόδε
989 1139 1116 1183 αὐτοί
1145 1155 1188 1182 τε
1215 1136 1462 1190 θὥνθρωποι

192 1210 294 1264 „naz
322 1207 349 1266 ἡ
379 1213 436 1265 γῆ
476 1207 623 1253 αὐτῶν
664 1208 889 1265 ἐπώνυμοι
927 1212 1009 1252 τοῦ
1047 1203 1463 1261 καταστρεψαμένου

194 1277 493 1332 ,,καλέονται.“
1475 1277 1521 1314 45

285 1350 434 1390 Ταῦτα
464 1345 543 1402 μὲν
572 1344 639 1390 ἐπὶ
667 1348 854 1389 τοσοῦτο
886 1344 1063 1400 ἐλέγετο.
1095 1342 1201 1399 μετὰ
1230 1341 1275 1386 δὲ
1305 1340 1464 1399 εὐφρό-
1523 1336 1798 1408 ἕῖῗῑιῖἒέῗιῗῖὲήιέο

1522 1402 1624 1438 patrui
1643 1401 1756 1438 ponde—

1878 1002 1897 1163 ‘ml'
1878 854 1897 940 ¹-—
1883 806 1896 822 1.
1886 775 1888 777 -
1879 712 1895 747 *1

136 1517 271 1556 darum
286 1528 440 1570 gentem
453 1519 696 1557 referendum
707 1533 798 1556 esse.

135 1576 246 1617 Conf.
267 1584 362 1616 nott.
385 1576 433 1614 ad
453 1577 518 1624 III,
542 1580 608 1618 80.
629 1579 696 1618 88.
731 1576 799 1614 Cr.

134 1640 329 1684 praeterea
347 1634 511 1671 conferri
530 1634 613 1670 vult
644 1634 798 1686 Olymp.

134 1691 496 1756 i11P1at.Alcib.cp.
522 1693 574 1731 17
594 1703 682 1741 pag.
706 1690 797 1731 151.

193 1741 254 1786 ότι
268 1747 304 1786 εἰ
321 1746 435 1798 ημεῖς
449 1745 619 1798 ησυχίην
640 1745 800 1798 α’ξομεν,

137 1797 218 1841 ἄλλ’
246 1819 320 1842 ουκ
340 1804 507 1851 ἐκεῖνοι]
548 1805 655 1840 Unus
676 1803 800 1841 codex

137 1860 238 1895 male
278 1859 426 1910 ἕξομεν.
475 1859 563 1897 vid
591 1861 672 1907 VII,
705 1863 799 1900 171.

136 1915 236 1966 VIII,
261 1919 355 1958 108.
412 1918 470 1953 De
490 1918 673 1967 particula
705 1912 800 1955 ἄλλα

138 1971 216 2014 vid,
248 1973 359 2010 citata
391 1973 438 2010 ad
469 1974 548 2019 VII,
574 1976 624 2014 10
647 1975 684 2019 ξ.
711 1976 734 2013 6
763 1979 801 2010 et

139 2027 187 2066 de
225 2030 342 2067 verbo
384 2026 705 2079 σταθμώσασθαι
743 2043 799 2078 ea,

141 2099 238 2139 quae
261 2088 367 2124 attuli
389 2086 438 2124 ad
456 2088 584 2135 V11‚9
607 2088 643 2134 §,
664 2090 703 2127 2.
722 2088 803 2123 Lo-

141 2144 336 2180 cntionem
375 2145 563 2193 γίνεσθαι
599 2142 681 2183 υπό
725 2159 803 2182 τινι

139 2200 246 2250 attigi
285 2200 334 2237 ad
362 2203 427 2247 111,
460 2200 527 2242 45.
566 2201 613 2249 V,
654 2204 707 2242 30
736 2200 802 2240 fin.

141 2257 222 2303 Vll,
247 2259 338 2297 139.

199 2310 323 2351 καλου
373 2315 429 2351 ὠν
470 2308 806 2365 προπεπονθότας

145 2365 270 2417 ἡμέας
297 2367 501 2420 τιμωρέειν
531 2368 612 2420 ἤδη
634 2370 802 2422 γίνεται]

146 2424 172 2459 ἰ.
195 2436 228 2463 e.
253 2423 415 2474 pulcrum
433 2427 550 2473 igitur
568 2429 646 2473 erit,
676 2429 708 2463 si
732 2440 804 2474 ηοε,

150 2492 239 2530 quas
266 2481 368 2529 prius
393 2483 547 2530 perpessi
575 2495 692 2520 sumus
709 2496 805 2519 mm-

148 2537 237 2583 rias,
268 2549 328 2573 eas
346 2548 419 2573 tam
439 2536 552 2574 ultum
573 2550 702 2575 eamus.
732 2540 806 2575 Ubi

150 2591 330 2643 equidem
345 2605 434 2630 sane
445 2594 711 2644 exspectabam
722 2607 807 2630 me·-

151 2648 259 2685 dium
322 2650 482 2686 verbum
530 2648 806 2700 τιμωρέεσθαι.

147 2707 253 2750 Quae
272 2713 483 2757 sequuntur
501 2706 636 2742 verba:
658 2705 726 2744 ἵνα
741 2705 808 2744 καὶ

148 2758 191 2801 τὸ
227 2760 361 2801 δεινόν
389 2759 433 2801 τὸ
452 2762 659 2812 πείσομαι,
690 2764 807 2801 τοῦτο

151 2812 294 2868 μάθω,
328 2831 397 2869 per
424 2818 587 2856 ironiam
608 2831 686 2855 esse
710 2816 808 2855 dicta

856 1525 957 1555 recte
996 1523 1129 1554 monet
1177 1513 1525 1566 Schweighaeuse-

857 1586 943 1612 rus:
1001 1578 1043 1610 ut
1091 1586 1298 1623 cognoscam
1342 1574 1521 1621 nimirum,

860 1630 950 1682 quod
976 1631 1109 1668 malum
1147 1630 1204 1667 Τιι
1232 1629 1321 1667 mihi
1339 1631 1522 1666 omz'narz's.

914 1684 990 1728 ἐών
1012 1685 1192 1737 πατέρων
1213 1689 1293 1725 τῶν
1309 1685 1416 1736 ἐμῶν
1427 1686 1524 1725 δοῦ-

857 1746 949 1793 λος]
992 1746 1050 1780 De
1088 1757 1182 1781 voce
1215 1745 1359 1789 δοῦλος
1387 1744 1523 1779 monui

858 1801 907 1838 ad
938 1802 1018 1849 VII,
1050 1801 1089 1842 5.
1147 1799 1209 1836 Ad
1239 1801 1387 1851 reliqua
1420 1800 1523 1836 conf.

856 1859 938 1906 VII,
972 1860 1024 1898 96
1060 1864 1096 1894 et
1124 1859 1194 1905 IX,
1229 1859 1319 1903 116,
1342 1869 1417 1907 quo
1438 1857 1523 1893 loco

856 1915 935 1951 iam
946 1927 1076 1950 sumus
1098 1915 1156 1950 usi
1177 1912 1225 1949 ad
1244 1914 1274 1959 Ι,
1297 1911 1335 1959 4,
1358 1913 1424 1948 ubi
1443 1912 1524 1949 vid.

857 1978 954 2008 nott.
978 1994 1028 1999 -
1058 1972 1152 2007 Mox
1180 1982 1270 2007 cum
1294 1969 1410 2006 Gaisf.
1435 1968 1524 2006 dedi

853 2025 1093 2079 1’σ’)’νιῗ)ρω7τοι.
1116 2029 1284 2063 Zonaras
1306 2021 1524 2065 ε.ν.Ἐπω’-

858 2100 984 2133 νυμος
995 2086 1167 2135 pag.796
1180 2083 1218 2121 h.
1231 2084 1256 2121 l.
1279 2082 1440 2119 afferens
1455 2096 1526 2119 ex-

860 2141 965 2178 hibet
997 2141 1038 2180 οἱ
1067 2138 1293 2192 ἅνθρωποι.
1351 2142 1409 2176 De
1429 2147 1525 2176 stru-

861 2206 968 2236 ctura
986 2199 1089 2236 vocis
1119 2195 1329 2247 ἐπώνυμος
1358 2196 1525 2234 vidimus

862 2255 910 2293 acl
930 2256 977 2303 II,
1004 2257 1096 2294 112.
1154 2257 1237 2291 Hoc
1262 2255 1347 2290 loco
1368 2254 1429 2290 vel
1449 2269 1523 2292 κα-

860 2311 1015 2352 λέονται
1037 2311 1211 2348 additum
1230 2311 1391 2348 invenis.
1413 2311 1524 2350 Conf.

860 2367 1110 2406 Demosthen.
1137 2368 1222 2405 adv.
1254 2367 1416 2406 Androt.
1448 2368 1525 2403 Ar-

861 2439 968 2476 gum.
999 2438 1087 2476 pag.
1109 2425 1202 2473 588,
1235 2428 1302 2466 27.
1330 2425 1388 2460 De
1408 2425 1520 2460 locu-

860 2485 966 2521 tione
998 2481 1063 2521 ἐπὶ
1102 2485 1268 2521 τοσοῦτο
1288 2480 1365 2519 w'd.
1393 2480 1441 2517 ad
1461 2481 1525 2527 IV,

861 2539 928 2580 45.
968 2538 1072 2575 Add.
1101 2539 1170 2587 IX,
1203 2541 1256 2581 65
1291 2538 1358 2575 fin.
1389 2539 1523 2588 Eurip.

864 2596 999 2647 Suppl.
1020 2598 1087 2636 87.

1092 2685 1185 2735 Cap.
1206 2684 1294 2721 XII.

924 2757 1106 2815 εὐφρόνη
1148 2777 1188 2800 τε
1230 2760 1406 2811 ἐγίνετο]
1459 2753 1525 2796 ευ’-

867 2815 1026 2871 φρόνης
1054 2832 1172 2864 voce,
1216 2816 1290 2868 qu&
1318 2815 1380 2852 hio
1410 2815 1527 2851 utitur

1875 1630 1897 1639 ἦ
1877 1476 1897 1614 ἘΠ-ἡ
1877 1233 1897 1371 wa*
1884 1206 1885 1210 Α
