1897 3340
15 396 109 442 101

430 211 1191 254 TERPSICHORE.V.
1366 214 1449 253 203

181 323 347 369 πάντα·
388 324 468 379 τήν
501 323 547 366 δὲ
575 320 820 376 ἀκρόπολιν
854 318 1031 375 έῤῥύετο
1064 318 1197 370 αὐτὸς
1222 316 1506 375 Ἀρταφέρ-45

179 410 279 449 νης,
311 395 416 449 ἔχων
446 390 634 444 δύναμιν
666 387 840 444 ἀνδρῶν
881 386 964 431 οὐκ
995 387 1157 443 ὀλίγην.

179 465 438 517 λεηλατῆσαι
488 458 668 508 ἑλόντας
717 456 855 512 σφέας
890 455 971 513 τὴν
1009 456 1156 506 πόλιν,
1205 456 1298 512 ἔσχε
1337 456 1450 500 τόδε.

178 525 292 585 ἦσαν
329 528 375 571 ἐν
404 529 503 582 τῇσι
531 524 722 580 Σάρδισι
752 526 911 576 οἰκίαι,
952 525 999 567 αἱ
1028 524 1106 579 μὲν
1135 528 1334 577 πλεῦνες,
1375 541 1450 568 κα-

178 597 380 651 λάμιναι·
420 594 521 637 ὅσαι
551 591 595 637 δ’
626 591 796 636 αὐτέων
825 592 898 636 καὶ
928 593 1154 635 πλίνθιναι
1193 587 1326 648 ἦσαν,
1377 609 1450 636 κα-

150 664 322 719 Ξλάμου
353 661 470 718 εἶχον
489 661 564 713 τὰς
586 659 770 716 ὀροφάς.
830 660 1023 704 τουτέων
1053 660 1106 716 δὴ
1137 662 1243 716 μίαν
1269 664 1358 704 τῶν
1385 678 1450 713 τις
1464 667 1508 702 50

179 731 475 784 στρατιωτέων
506 729 564 781 ὥς
592 728 812 784 ἐνέπρησε,
844 727 1003 771 αὐτίκα
1033 726 1112 771 ἀπ’
1147 730 1286 785 οἰκίης
1311 728 1354 779 ἐς
1388 731 1450 772 οἶ-

176 799 276 855 κίην
306 797 376 842 ἷὸν
403 796 451 841 τὸ
482 801 594 851 πῦρ,
627 797 853 853 ἐπενέμετο
885 796 933 839 τό
966 794 1075 839 ἄστυ
1107 797 1238 840 ἅπαν.
1277 798 1451 853 καιομέ-

147 873 265 911 3νου
295 858 342 910 δὲ
369 869 451 910 τοῦ
483 866 655 917 ἄστεος,
697 867 741 908 οἱ
768 865 911 908 Λυδοί
939 880 983 907 τε
1013 864 1086 907 καὶ
1116 863 1214 908 ὅσοι
1247 865 1452 919 Περσέων

178 935 339 992 ἐνῆσαν
365 934 412 979 ἐν
442 938 494 991 τῇ
523 933 648 987 πόλι,
679 931 1046 989 ἀπολαμφθέντες
1073 932 1311 988 πάντοθεν,
1342 932 1453 978 ὥστε

122 1131 268 1183 reliquo
297 1132 490 1168 montium
522 1137 646 1168 tractu
674 1143 787 1181 sepa-

121 1195 224 1237 rato,
254 1195 297 1224 ut
323 1189 402 1226 fere
432 1189 568 1225 unicus
590 1202 610 1225 e
629 1189 787 1239 planitie

119 1245 196 1282 late
231 1252 385 1296 patente
423 1253 616 1295 exsurgat.
674 1247 786 1282 Nunc

121 1301 296 1353 lapidtun
333 1303 428 1340 varii
454 1303 603 1353 generis
635 1302 787 1339 colum-

121 1372 336 1411 narumque
356 1361 548 1397 variarum
557 1359 785 1409 fragmenta,

123 1429 221 1467 quae
233 1423 363 1453 tamen
375 1418 437 1453 cui
447 1418 613 1467 tempori
626 1415 787 1453 adscribi

124 1473 308 1520 debeant,
342 1475 408 1510 vix
440 1481 542 1510 certo
561 1472 714 1519 dixeris,
734 1473 787 1508 ibi

122 1531 278 1580 reperiri
325 1537 510 1567 testantur
557 1531 787 1566 recentiores

119 1588 440 1637 peregrinatores‚
477 1587 576 1623 inter
605 1599 700 1637 quos
721 1587 787 1622 Tu

119 1644 360 1693 potissimum
388 1644 533 1680 consul.
571 1641 784 1680 Prokesch.

119 1701 404 1751 Erinnerungg.
449 1714 516 1737 aus
545 1702 714 1751 Aegypt.
744 1713 784 1737 u.

120 1758 338 1794 Kleinasien
368 1759 422 1793 ΙΙΙ
455 1770 545 1808 pag.
574 1760 652 1797 133
675 1769 783 1808 seqq.

122 1814 208 1851 coll.
231 1813 424 1851 Chandler
451 1816 562 1851 Reise
585 1815 626 1850 in
648 1815 785 1850 Klein-

122 1872 225 1907 asien
271 1884 354 1923 cap.
393 1872 540 1908 LXXV
574 1883 663 1922 pag.
702 1868 782 1910 354

121 1941 201 1979 seq.
234 1929 314 1969 358
345 1941 425 1980 seq.
457 1927 518 1965 ed.
550 1929 654 1979 Lips.
685 1928 790 1963 Hee-

108 1998 204 2021 -ren.
223 1984 355 2022 Ideen.
386 1986 416 2032 Ι,
441 1988 460 2026 1
485 1998 574 2036 pag.
606 1985 686 2026 153
708 1997 788 2036 seq.

121 2048 203 2079 not.

179 2093 340 2149 ε’ῤῥύετο
361 2098 378 2146 ]
428 2099 484 2134 Ita
525 2097 663 2149 reliqui
702 2110 788 2148 ego,

123 2168 214 2192 cum
246 2155 361 2192 Gaisf.
390 2167 410 2191 e
430 2155 650 2191 Florentino
680 2168 789 2192 rece-

124 2213 237 2263 pisset
258 2208 402 2263 ἔρύετο.
461 2213 586 2262 Vulgo
617 2207 787 2261 ἐρῤύατο

124 2268 230 2321 quod
249 2268 290 2306 h.
310 2270 336 2306 l.
358 2275 455 2306 stare
475 2282 585 2320 posse
605 2281 718 2320 nego.

370 2393 463 2444 cap.
486 2393 544 2433 CI.

189 2490 240 2533 Td
262 2491 305 2534 δὲ
332 2494 384 2546 μή
408 2497 789 2548 λεηλατῆσαι-ἔσχε

127 2547 264 2600 τόδε]
299 2553 399 2589 Cave
429 2554 590 2590 scribas:
639 2557 712 2594 τοῦ
747 2553 789 2594 δὲ

129 2604 183 2657 μή
214 2611 465 2660 λεηλατῆσαι.
529 2609 617 2647 Vid.
651 2611 790 2649 Matth.

129 2664 195 2701 Gr.
226 2666 292 2706 Gr.
325 2679 414 2716 pag.
447 2668 568 2706 1068.
602 2668 789 2706 Valcken.

132 2720 294 2757 conferri
324 2724 429 2759 iubet
464 2722 701 2776 Thucyd.'‚l‚
723 2729 790 2766 73.

134 2775 314 2827 Sophocl.
367 2778 531 2817 Philoct.
574 2781 696 2822 1255.
735 2803 792 2809 —

132 2833 226 2869 Mox
246 2832 333 2870 dedi
351 2829 456 2885 ἦσαν
469 2851 538 2888 pro
553 2836 657 2885 ἕσαν,
674 2845 716 2875 ut
730 2839 793 2875 iu-

842 1131 986 1168 bebant
1015 1131 1110 1167 liber
1137 1129 1331 1168 Sancrofti
1352 1143 1395 1167 ac
1417 1130 1509 1168 Flo-

842 1189 1027 1225 rentinus.
1066 1189 1112 1224 In
1132 1201 1213 1239 seq.
1233 1201 1302 1238 pro
1324 1183 1508 1237 καλάμου

843 1245 1036 1283 Sancrofti
1050 1245 1145 1281 liber
1156 1242 1327 1299 καλάμῃ,
1349 1247 1378 1280 F
1381 1246 1510 1281 loren-

842 1304 956 1350 tinus,
979 1303 1041 1337 alii
1062 1297 1285 1351 καλάμους,
1314 1300 1419 1352 quod
1440 1315 1510 1338 ve-

843 1372 930 1395 rum
950 1358 1102 1396 videtur
1126 1357 1509 1408 Schweighaeusero,

845 1417 912 1467 qui
942 1414 1073 1452 laudat
1092 1416 1157 1463 111,
1175 1417 1241 1463 98,
1262 1416 1350 1452 ubi:
1383 1410 1510 1453 καλεί-

845 1487 922 1524 μου
953 1473 1001 1511 ἓν
1032 1467 1301 1525 γὸνυὶπλοῖον
1343 1471 1512 1511 ἕκαστον

844 1527 1032 1568 ποιέεται.
1091 1530 1185 1566 Mox
1206 1528 1295 1565 dedi
1316 1529 1411 1578 μίαν
1441 1541 1510 1578 pro

844 1587 953 1636 μίην.
1010 1584 1074 1621 Ad
1103 1589 1182 1625 τῶν
1205 1601 1264 1631 τις
1294 1585 1342 1622 cf.
1374 1584 1512 1622 Matth.

843 1644 909 1679 Gr.
939 1643 1006 1679 Gr.
1041 1655 1131 1693 pag.
1169 1643 1264 1684 567.
1304 1641 1406 1678 Add.
1448 1643 1511 1689 VI,

841 1700 909 1741 75.
944 1700 1091 1737 Iacobs.
1114 1699 1163 1737 ad
1184 1700 1334 1737 Aelian.
1355 1701 1404 1737 N.
1420 1701 1511 1746 Α.Ι,

840 1755 867 1796 4
892 1769 981 1808 pag.
1002 1758 1041 1797 8.

903 1865 1113 1920 ἐπενέμετο
1131 1865 1174 1908 τὸ
1191 1865 1290 1907 ἄστυ
1314 1864 1456 1917 ἅπαν]
1487 1869 1514 1907 i.

849 1939 884 1963 e.
912 1926 1078 1976 depavit,
1114 1926 1286 1963 absumsit
1317 1929 1428 1962 totam
1447 1938 1514 1962 ur-

847 1984 931 2020 bem.
990 1984 1056 2020 Sic
1086 1995 1181 2019 mox
1209 1981 1513 2033 νεμομένου

845 2043 919 2079 τοῦ
950 2036 1092 2090 πυρός.
1172 2040 1272 2075 Nam
1316 2038 1514 2090 νέμεσθαι

845 2103 887 2133 ut
909 2096 956 2134 de
984 2097 1175 2134 ulceribus
1192 2097 1304 2132 latius
1326 2098 1515 2148 serpenti-

843 2154 914 2191 bus
936 2153 1031 2203 (vid.
1052 2161 1150 2191 nott.
1173 2152 1221 2190 ad
1239 2155 1304 2201 ΙΠ,
1322 2155 1432 2204 133),
1462 2154 1517 2190 ita

846 2210 893 2248 de
922 2212 1012 2261 igne
1043 2210 1181 2248 dicitur
1218 2211 1330 2247 latius
1357 2217 1516 2262 repente

845 2269 1053 2320 omniaque
1088 2275 1354 2305 consumente.
1412 2269 1517 2305 Atti-

844 2327 900 2375 git
928 2324 1146 2362 Blomfield.
1183 2326 1224 2362 in
1267 2326 1431 2362 Glossar.
1469 2323 1518 2362 ad

845 2382 1026 2434 Aeschyl.
1067 2384 1303 2433 Agamemn.
1334 2381 1430 2423 469.
1461 2403 1516 2409 —

845 2435 1181 2490 ἀπολαμφθέντες
1210 2435 1417 2479 πάντοθεν
1448 2446 1516 2485 est,

845 2498 1002 2547 undique
1024 2499 1221 2547 intercepti,
1233 2496 1428 2534 interclusa.
1456 2496 1515 2533 Cf.

846 2556 945 2601 vlu,
971 2556 1035 2593 11.
1052 2557 1120 2594 76.
1143 2556 1209 2595 97.
1236 2551 1520 2600 108.IX,114.'

846 2614 894 2659 Π,
919 2610 996 2651 115
1029 2611 1122 2660 (ubi
1142 2610 1219 2647 vid.
1236 2611 1376 2659 nott.);
1422 2622 1518 2660 quos

846 2670 950 2705 locos
985 2666 1207 2718 Schweigh.
1258 2667 1436 2704 excitavit
1475 2667 1516 2701 in

846 2727 942 2765 Lex.
964 2724 1149 2762 Herodot.
1179 2738 1208 2762 s.
1229 2738 1267 2762 v.
1296 2723 1359 2760 Ad
1379 2719 1426 2760 τοὶ
1446 2735 1518 2760 πε-

848 2781 1033 2833 ριέσχατα
1073 2781 1174 2818 cons.
1213 2783 1243 2827 Ι,
1269 2783 1322 2820 86
1359 2779 1446 2815 coll.
1486 2778 1516 2823 Ι,

853 2841 928 2879 191
953 2834 1000 2876 τὰ
1020 2836 1112 2889 περὶ
1137 2834 1184 2875 τοὶ
1213 2836 1364 2886 ἔσχατα.

1218 387 1276 431 Τὸ
1316 388 1362 431 δὲ
1393 388 1451 444 μὴ
1509 397 1707 440 incendioque
1730 401 1781 428 de-

1510 430 1572 459 lent
1593 434 1634 465 [a.
1651 434 1735 467 υο3.].
