1897 3340
425 254 510 295 448

825 247 1286 286 HERODOTl

398 358 575 416 3,,Ἐγώ
608 360 654 403 δὲ
683 359 756 402 καὶ
784 358 915 412 πατρὶ
943 361 1005 415 τῷ
1035 360 1121 415 σῷ,
1140 355 1340 412 ἀδελφεῷ
1376 355 1421 399 δὲ
1451 355 1561 413 ἐμῷ,
1591 358 1684 396 Δα-

427 431 576 484 ,,ρείῳ,
606 426 822 483 ἠγόρευον
850 426 908 482 μὴ
938 424 1248 480 στρατεύεσθαι
1279 424 1346 467 ἐπὶ
1375 422 1582 473 Σκύθας,
1613 421 1685 463 ἄν·

428 499 563 550 ,,δρας
594 494 816 551 οὐδαμόθι
843 498 922 550 γῆς
952 492 1060 537 ἄστυ
1089 493 1321 548 νέμοντας·
1354 489 1377 534 ὁ
1410 491 1474 541 δὲ,
1505 490 1742 541 ἐλπίζωνὸὃ

427 564 643 616 ,,Σκυ’θας
693 562 799 614 τούς
845 561 1041 617 νομάδας
1069 559 1469 614 καταστρέψεσθαι,
1504 556 1600 612 ἐμοὶ
1641 570 1686 598 τε

427 630 540 683 ,,ου’κ
570 632 788 681 ἐπείθετο,
826 628 1196 684 στρατευσάμενός
1224 644 1291 678 τε,
1331 624 1522 676 πολλούς
1540 641 1585 668 τε
1613 624 1686 668 καὶ

399 698 654 755 4,,ἆγαθούς
691 701 768 753 τῆς
807 699 1009 752 στρατιῆς
1037 695 1273 751 ἀποβαλών
1301 693 1483 750 ἀπῆλθε.
1543 693 1597 736 ου’
1628 692 1688 742 δὲ,

428 761 491 818 „03
521 768 719 823 βασιλεῦ,
749 763 916 819 μέλλεις
947 761 1010 806 ἐπ’
1048 762 1209 817 ἄνδρας
1239 761 1551 817 στρατεύεσθαι
1587 764 1687 803 πολ-

428 833 535 886 „262¹
573 832 803 889 ἀμείνονας
842 831 872 887 ἢ
912 829 1118 881 Σκύθας·
1163 832 1205 873 οἳ
1234 829 1343 873 κατὰ
1381 828 1612 872 θάλασσάν
1643 843 1689 871 τε

428 902 624 957 „biotam
661 899 735 943 καὶ
777 897 886 942 κατὰ
923 902 1007 954 γῆν
1049 899 1248 953 λέγονται
1276 895 1398 940 εἶναι.
1456 896 1505 939 τό
1537 897 1583 939 δὲ
1616 893 1746 939 ati-40

401 974 572 1021 5,,τοῖσι
601 969 738 1012 ἔνεστι
768 966 931 1020 δεινὸν,
974 965 1045 1021 ἐμέ
1076 976 1146 1008 σοι
1175 963 1348 1008 δίκαιόν
1377 963 1465 1007 ἐστι,
1495 964 1689 1019 φράζειν.

430 1035 621 1088 ,,Ζευ’ξας
658 1035 746 1092 φῂς
782 1035 861 1078 τὸν
883 1031 1225 1089 Ἑλλήσποντον,
1269 1032 1371 1075 ἐλᾶν
1400 1030 1587 1085 στρατὸν
1617 1030 1690 1074 διὰ

428 1107 530 1158 ,,τῆς
568 1102 790 1158 Εὐρώπης
828 1102 871 1154 ἐς
908 1101 989 1158 τήν
1013 1099 1212 1150 Ἑλλάδα,
1269 1098 1342 1142 καὶ
1379 1097 1432 1154 δή
1461 1099 1534 1142 καὶ
1564 1098 1689 1154 συνή-

428 1187 569 1222 ,,νεικε
597 1171 626 1228 ἤ
653 1187 721 1215 τοι,
749 1171 859 1214 κατὰ
887 1173 969 1226 γῆν
997 1169 1026 1226 ἢ
1055 1169 1128 1212 καὶ
1157 1167 1270 1212 navo?
1292 1167 1525 1215 θάλασσαν
1557 1166 1690 1210 ἑσσω-

399 1246 456 1292 6,,
469 1243 628 1296 θῆναι,
659 1238 688 1294 ἢ
715 1238 789 1282 καὶ
818 1235 906 1282 κατ’
938 1235 1179 1294 ἀμφότερα.
1239 1237 1283 1280 οἱ
1317 1237 1400 1292 γὰρ
1431 1233 1585 1289 ἄνδρες
1620 1233 1745 1278 λέ-45

429 1324 607 1363 ,,γονται
638 1306 749 1351 εἶναι
792 1305 991 1363 ἄλκιμοι·
1034 1304 1216 1361 πάρεστι
1247 1303 1294 1347 δὲ
1331 1303 1405 1347 καὶ
1435 1301 1690 1359 σταθμώσα-

374 1495 438 1533 que
458 1482 529 1520 l'on
547 1482 761 1532 distinguoit
792 1481 857 1519 l’or
873 1493 960 1533 pur,
990 1493 1032 1518 en

374 1539 405 1577 le
415 1539 577 1589 frottant
597 1543 711 1576 contre
732 1540 973 1586 &autre-or,
1003 1538 1031 1574 il

372 1609 436 1632 me
465 1596 609 1632 semble
640 1609 715 1647 que
742 1596 779 1632 le
798 1602 880 1632 mot
901 1610 1031 1646 παρα-

371 1653 577 1704 τρίψωμεν
629 1651 708 1689 doit
737 1649 815 1688 etre
835 1650 1030 1698 conserve,

371 1709 467 1745 mais
488 1721 563 1759 que
582 1709 618 1744 le
637 1715 719 1745 mot
731 1711 847 1745 contre
859 1707 937 1744 doit
950 1705 1030 1744 &tre

372 1764 523 1815 change
544 1778 591 1801 en
621 1766 719 1801 celui
747 1766 770 1801 ὰ
790 1764 879 1801 c6te'.
919 1764 1030 1800 Alors

371 1823 408 1859 le
429 1834 585 1872 passage
612 1821 765 1858 devient
796 1821 888 1857 clair
916 1826 952 1857 et
980 1833 1030 1856 ne

371 1891 535 1929 suppose
545 1891 618 1929 que
639 1878 808 1928 l’emploi
821 1876 911 1913 d'un
923 1889 1031 1927 corps

373 1934 457 1983 dur,
477 1947 614 1985 propre
635 1933 658 1971 Ξὶ
686 1935 856 1972 recevoir
876 1934 912 1970 la
929 1940 1031 1970 trace

375 1991 439 2029 des
460 1991 659 2028 metaux.“

430 2043 627 2098 ἠγόρευον
646 2043 701 2097 μή
728 2041 1032 2098 στρατεύεσθαι]

374 2103 459 2141 Vid.
488 2104 561 2150 IV,
595 2106 647 2144 83
670 2110 706 2139 et
727 2102 774 2139 de
796 2101 946 2154 Scythis
967 2116 1034 2139 ur-

374 2161 464 2197 bem
490 2173 567 2195 non
600 2158 854 2196 habitantibus
883 2160 946 2204 IV,
968 2158 1034 2199 46.

373 2218 417 2252 In
439 2217 611 2265 proxime
632 2229 737 2266 seqq.
758 2216 893 2250 merito
924 2216 1035 2250 Gais-

373 2271 471 2310 ford.
513 2273 675 2307 correxit
717 2268 809 2316 τούς
843 2267 1033 2319 νομάδας,

376 2342 464 2365 cum
487 2328 577 2363 olim
599 2334 692 2363 esset
713 2323 806 2371 τούς
826 2323 1032 2376 Νομάδας,

376 2383 479 2436 quod
502 2384 652 2419 retinuit
673 2381 866 2418 Matthiae.
914 2383 1033 2418 Intel-

376 2442 545 2491 liguntur
566 2441 668 2475 enim
700 2437 866 2489 Scythae
887 2451 1032 2487 vagan-

374 2504 442 2541 tes,
471 2496 619 2533 sedibus
637 2496 718 2531 fixis
748 2508 823 2531 non
856 2494 1032 2542 adstricti,

376 2566 501 2605 neque,
522 2566 565 2588 ea
577 2550 807 2602 Scytharum
818 2563 913 2601 pars,
935 2565 1033 2602 qnae

375 2610 555 2661 peculiari
576 2608 791 2645 Nomadum
812 2609 1034 2657 appellatio-

376 2680 426 2703 ne
447 2665 758 2716 distinguebatur.
789 2664 872 2701 vid.
888 2666 950 2712 lv,
969 2667 1034 2705 19.

378 2723 431 2764 55
451 2736 556 2774 seqq.

434 2775 582 2818 πολλὸν
609 2773 852 2828 α’μείνονας]
893 2777 1033 2812 Inseri-

379 2842 441 2872 tur
460 2835 575 2886 vulgo
597 2832 664 2881 ἔτι,
681 2847 779 2886 quae
792 2833 925 2870 vocula
938 2832 1033 2869 duo-

1087 1480 1156 1517 bus
1176 1484 1327 1516 tantum
1345 1477 1384 1514 in
1406 1477 1518 1516 codd.
1539 1484 1748 1530 comparet.

1085 1539 1144 1573 De
1182 1537 1431 1586 comparativi
1479 1549 1550 1573 usu
1601 1536 1747 1574 consul.

1085 1591 1222 1630 Matth.
1244 1593 1310 1629 Gr.
1333 1593 1400 1633 Gr.
1429 1593 1468 1638 §.
1493 1594 1587 1641 448,
1613 1597 1631 1632 1
1655 1604 1746 1643 pag.

1086 1649 1180 1690 841.

1362 1705 1400 1750 §.
1422 1706 1462 1744 2.

1142 1758 1210 1800 καὶ
1231 1757 1280 1811 δὴ
1307 1759 1376 1799 καὶ
1400 1757 1635 1812 συνήνεικε]
1667 1761 1746 1798 Re-

1087 1818 1222 1854 vocavi
1239 1830 1329 1853 culn
1358 1825 1516 1855 recentt.
1537 1817 1626 1854 edd.
1649 1818 1746 1854 alte-

1088 1887 1174 1910 rum
1193 1873 1259 1912 καὶ
1271 1874 1440 1924 plurimis
1459 1874 1579 1926 iisque
1598 1875 1749 1924 optimis

1088 1931 1191 1968 libris
1212 1930 1369 1966 allatum
1391 1937 1426 1966 et
1447 1943 1468 1966 a
1483 1930 1689 1969 Schaefero
1711 1937 1748 1967 et

1088 1986 1269 2024 Bekkero
1330 1987 1521 2024 immerito
1569 1988 1747 2024 eiectum.

1091 2045 1256 2082 Sensum
1271 2044 1368 2079 bene
1379 2044 1430 2080 sic
1451 2046 1630 2094 expressit
1644 2046 1747 2080 Lan—

1091 2112 1160 2151 ge:
1195 2099 1282 2137 Nun
1298 2099 1391 2136 kann
1411 2112 1445 2135 es
1455 2101 1526 2136 siclt
1553 2106 1747 2148 zutragen3

1091 2156 1248 2193 accidere
1271 2167 1356 2192 sane
1371 2159 1501 2203 potest3
1531 2157 1581 2192 ita
1595 2163 1635 2193 ut
1647 2157 1748 2192 aori-

1089 2219 1166 2249 stus
1188 2211 1225 2248 h.
1249 2213 1271 2250 l.
1293 2213 1400 2247 latius
1420 2219 1558 2261 pateat.

1145 2265 1311 2318 πάρεστι
1338 2265 1379 2306 δὲ
1410 2269 1476 2308 καὶ
1510 2267 1747 2319 σταθμώσα-

1091 2325 1213 2372 σθαι]
1250 2326 1275 2361 i.
1307 2338 1340 2361 e.
1371 2325 1452 2362 inde
1477 2338 1555 2362 vero
1580 2326 1641 2362 leoc
1660 2339 1746 2375 quo-

1091 2393 1155 2429 que
1185 2383 1348 2418 coniicere
1380 2382 1459 2418 licet
1481 2396 1509 2418 s.
1532 2383 1745 2431 concludere,

1089 2437 1177 2486 quod
1213 2445 1282 2475 etc.
1342 2438 1439 2474 citat
1461 2437 1553 2475 haec
1573 2438 1746 2477 Eustath.

1090 2493 1150 2533 ad.
1178 2494 1221 2530 ll.
1254 2495 1270 2529 Ι
1300 2508 1337 2544 p.
1367 2498 1431 2539 70,
1464 2495 1516 2535 25
1538 2509 1567 2531 s.
1589 2495 1654 2542 53,
1680 2499 1745 2536 13.

1089 2551 1258 2586 Verbum
1269 2553 1551 2601 σταθμοῦσθαι
1566 2550 1666 2587 hand
1683 2553 1745 2588 in-

1091 2607 1268 2658 frequens
1277 2609 1411 2644 Nostro
1424 2606 1492 2643 hac
1506 2608 1743 2655 concludendi,

1089 2664 1299 2701 com'z'ciendi
1316 2666 1489 2701 notione:
1521 2666 1566 2710 11,
1589 2667 1627 2704 2.
1653 2665 1746 2705 150.

1089 2722 1154 2768 111,
1186 2722 1249 2761 15.
1284 2722 1347 2767 lv,
1371 2721 1536 2767 58.v11‚
1563 2724 1624 2760 11.
1648 2721 1742 2760 214.

1089 2780 1183 2818 237.
1219 2777 1318 2823 vul,
1354 2781 1448 2825 130,
1480 2778 1544 2813 ubi
1576 2777 1746 2827 sequitur

1087 2831 1170 2881 ὅτι,
1208 2835 1314 2870 cuius
1348 2835 1431 2870 loco
1463 2833 1524 2870 hic
1561 2834 1746 2884 reperitur
