1897 3340
181 444 375 499 ,,πρήξας
412 443 463 488 τὰ
489 443 655 493 νοέεις,
687 439 874 495 νοστήσε
878 457 945 491 ιας
978 439 1129 484 ὀπίσω.
1135 445 1158 464 “
1217 440 1373 494 Κάρτα
1402 457 1446 484 τε
1458 441 1776 502 65Ἶζι1ἻἪΠᾞςΊΨὟ

176 511 386 567 ἐθυμωθη
423 509 446 554 ὁ
484 511 656 564 Ξέρξης,
686 510 760 552 καὶ
790 507 989 565 ἀμείβετο
1021 510 1186 552 τοῖσδε·
1227 511 1312 560 ,,ιῼ
1342 507 1447 552 κακὲ
1506 517 1541 535 '⁴
1537 518 1558 535 ⁵
1579 510 1776 537 ῑηῦῑῑῑωῑῑῑ

167 579 420 634 ,,ἂ’νθρωπε,
459 576 513 621 συ
552 576 809 634 ἐτόλμησας,
859 577 962 631 ἐμεῦ
994 577 1345 631 στρατευομένου
1373 575 1448 619 αὐ-

178 651 282 701 ,,τοῦ
321 646 389 690 ἐπὶ
429 643 510 700 τήν
544 643 748 698 Ἑλλάδα,
779 646 854 690 καὶ
894 644 1083 700 ἄγοντος
1119 647 1278 696 παῖδας
1315 645 1449 700 ἐμοὺς

180 716 281 768 ,,καὶ
309 711 546 769 ἀδελφεοὺς
575 713 649 756 καὶ
674 715 872 769 οἰκηίους
901 713 1159 765 καὶφίλους,
1192 713 1448 768 μνήσασθαι

1880 383 1893 422 έᾼ.
1884 329 1892 367 «ο-
1883 237 1893 315 „fla—-
1878 48 1897 180 Q-oe—§
1887 0 1892 7 -

179 783 302 836 ,,περὶ
332 781 404 825 σέο
434 780 615 831 παιὸός·
648 782 734 825 ἐῶν
764 781 865 837 ἐμός
896 784 1080 831 ὸοῦλος,
1121 779 1200 822 τὸν
1232 783 1343 835 χρῆν
1372 796 1449 823 πα-
1460 787 1506 820 70

148 857 170 891 2
180 850 353 905 „vocxt'y
384 847 495 905 αὐτῇ
525 849 702 903 γυναικὶ
732 848 1025 897 συνέπεσθαις
1057 841 1108 890 εὖ
1137 852 1222 890 νῦν
1251 846 1341 891 τόδ’
1369 848 1450 900 ἐξε-

175 917 405 968 ,,πίστασο,
438 933 496 969 ως
525 916 573 961 ἐν
602 922 714 961 τοῖσι
748 916 829 961 ὠσὶ
858 920 947 960 τῶν
978 914 1231 970 ἀνθρώπων
1262 915 1392 960 οἰκέει
1423 915 1447 961 ὁ

120 1111 314 1150 Iudicatur
325 1113 429 1149 enim
446 1116 586 1151 vacatio
607 1127 636 1151 s.
657 1117 786 1153 immu-

120 1171 219 1208 nitas
251 1170 422 1217 militiae,
465 1183 582 1223 qnam
617 1178 660 1208 ut
687 1185 785 1209 uuus

121 1225 290 1264 filiorum
321 1228 428 1279 isque
466 1230 659 1265 maximus
693 1236 786 1265 natu

121 1284 362 1334 impetraret,
412 1285 573 1334 petierat
610 1284 786 1337 Pythius.

122 1340 207 1385 Quo
228 1339 366 1377 eodem
392 1353 504 1379 sensu
525 1341 663 1379 dicitur
683 1341 787 1393 apud

121 1395 374 1434 Plutarchum
384 1401 571 1448 παρεῖναι
587 1401 660 1450 τῆς
673 1412 786 1450 στρα-

122 1455 250 1502 τείας,
293 1461 337 1491 ut
373 1461 481 1492 notat
508 1454 787 1507 Wyttenbach.

122 1510 149 1549 l.
171 1512 197 1551 l.
219 1517 257 1547 et
283 1506 449 1561 ἀφιέναι
484 1512 587 1563 apud
631 1514 784 1564 Ulpian.

123 1567 165 1604 in
190 1567 439 1605 Demosthen.
460 1572 586 1619 p.22,
621 1569 685 1610 15.
706 1571 788 1621 Ly-

124 1637 231 1674 curg.
261 1638 295 1661 c.
317 1626 450 1663 Leocr.
472 1639 511 1676 p.
537 1626 628 1673 152,
651 1628 704 1667 33
729 1627 785 1677 [p.

128 1681 208 1721 164
246 1682 321 1730 R.]
367 1683 590 1720 observante
619 1681 789 1720 Valcke-

125 1740 268 1785 naerio‚
291 1739 357 1790 qui
381 1740 479 1776 bene
510 1740 627 1775 etiam
646 1741 789 1776 memi-

125 1795 181 1830 nit
201 1795 406 1832 Herodotei
426 1796 501 1832 loci
520 1796 684 1843 V1‚94,
722 1797 789 1832 ubi

125 1850 371 1887 Mardonium
409 1852 545 1889 Darius
595 1848 790 1902 παραλύει

126 1908 200 1958 τῆς
218 1908 451 1972 στρατηγίης
470 1909 496 1944 i.
522 1922 556 1945 e.
573 1913 744 1958 praetura
759 1923 790 1946 s.

127 1965 270 2014 imperio
300 1969 452 2012 amovet,
481 1971 525 2001 ut
553 1964 655 2015 apud
675 1964 791 2002 Thu-

127 2019 367 2072 cydid.vl1‚
402 2024 452 2062 16
491 2021 586 2071 (ubi
606 2021 684 2059 vid.
706 2024 792 2059 Du-

127 2075 239 2127 ker.)
280 2077 390 2115 Suid.
429 2091 459 2114 s.
488 2092 527 2115 v.
561 2081 791 2130 παραλῦσαι

128 2135 182 2170 111
200 2147 239 2185 p.
262 2134 315 2175 35
336 2142 374 2172 et
392 2133 537 2172 Herod.
556 2136 620 2184 VI,
640 2137 708 2177 88.

482 197 939 239 POLYMNIA
1019 197 1108 233 v11
1375 204 1446 241 ,03

176 325 332 362 τατον,
381 311 452 354 ἵνα
489 308 629 353 αὐτοῦ
655 322 701 350 τε
721 305 823 360 ἐμεῦ
851 304 1036 347 καὶτῶν
1056 303 1289 360 χρημάτων
1320 301 1348 361 ᾗ
1378 322 1445 359 με-

179 376 415 429 ,,λεδωνός·
448 377 552 428 τούς
581 376 626 419 δὲ
653 374 856 426 τέσσερας
881 371 988 427 ἄγευ
1019 371 1107 423 ἅμα
1139 376 1338 429 σεωυτῷ·
1372 374 1446 415 καὶ

47 446 112 491 3‘)

0 1099 9 1328 ἓ

187 2245 257 2285 ἵνα
289 2242 415 2286 αὐτοῦ
455 2261 496 2286 τε
522 2246 617 2299 ἐμεῦ
646 2249 790 2297 κ.τ.λ.]

132 2302 370 2341 Vid.Matth.
392 2305 458 2341 Gr.
475 2305 540 2341 Gr.
559 2307 596 2350 §.
612 2305 692 2347 148
711 2313 792 2343 not.

135 2360 161 2398 2
182 2371 269 2409 pag·
290 2362 385 2400 278.
449 2361 594 2398 Vocem
623 2363 794 2412 μελεδω-

135 2429 208 2461 νος
223 2415 329 2464 attIgi
348 2414 397 2451 ad
414 2416 496 2463 VII,
519 2421 585 2457 31.
629 2420 673 2454 In
685 2431 793 2471 seqq.

135 2470 412 2521 cmnSchweig
418 2470 454 2510 h.
477 2480 514 2509 et
533 2474 649 2513 Gaisf.
666 2476 795 2525 scripsi

135 2523 202 2578 ἆγε
188 2541 230 2566 ευ
251 2540 319 2578 pro
350 2529 455 2577 vulg.
478 2525 560 2579 ἄγε,
582 2537 625 2566 ut
645 2532 683 2566 in
695 2544 793 2600 seq.

136 2595 219 2634 cap.
241 2581 441 2634 αμείβετο
473 2598 540 2634 pro
556 2587 659 2635 vulg.
681 2582 797 2636 αμεί-

138 2639 285 2687 βεται.
302 2662 358 2667 ——-
389 2641 512 2677 Verba
532 2649 702 2678 extrema
722 2642 798 2679 hu-

138 2695 196 2730 ius
223 2697 372 2747 capitis:
446 2696 514 2735 καὶ
559 2692 712 2748 πρήξας
749 2713 798 2737 τα

141 2748 288 2799 νοέεις,
316 2747 548 2802 νοστήσειας
578 2749 720 2802 ὀπίσω,
751 2768 800 2791 ex

142 2806 299 2844 Homeri
336 2809 545 2846 unitatione
579 2810 624 2847 Il.
662 2811 693 2858 Ι,
736 2813 800 2852 18.

847 1116 897 1154 19
947 1113 1100 1152 fluxisse
1149 1114 1350 1152 arbitratur
1409 1115 1507 1152 Lar-

844 1169 993 1209 cherus-

1025 1261 1117 1313 cap.
1138 1261 1329 1299 XXXIX.

902 1334 1135 1390 μνήσασθαι
1153 1339 1243 1391 περὶ
1265 1338 1330 1380 σέο
1342 1335 1509 1388 παιδός]

843 1397 929 1434 vid.
951 1399 980 1445 Ι,
1004 1399 1055 1437 36
1077 1398 1376 1448 ibiquenott.—
1397 1397 1510 1443 Quod

843 1456 883 1490 in
910 1467 1017 1505 seqq.
1039 1461 1093 1491 est
1113 1455 1327 1507 πανοικίῃ,
1357 1455 1511 1491 inveni-

844 1518 906 1548 tur
926 1524 1080 1562 quoque
1095 1512 1194 1558 vm,
1211 1513 1303 1551 106.
1324 1512 1392 1559 IX,
1408 1513 1509 1551 109:

845 1581 922 1605 cum
942 1571 1016 1605 tota
1037 1567 1135 1604 domo
1163 1581 1192 1604 s.
1213 1567 1379 1617 familia.
1439 1568 1511 1604 Cui

845 1637 935 1662 cum
955 1626 993 1661 vi
1009 1623 1176 1676 quadam
1186 1625 1428 1674 subiungitur
1436 1620 1512 1663 αὕ-

843 1684 894 1736 τῇ
915 1680 1078 1733 γυναικὶ
1098 1683 1123 1718 i.
1146 1695 1178 1718 e.
1200 1694 1272 1718 una
1293 1694 1370 1719 cum
1390 1694 1512 1730 uxore,

844 1752 894 1775 ne
915 1741 1000 1789 quis
1019 1751 1143 1775 mares
1178 1745 1329 1775 tantum
1348 1739 1512 1789 intelligi

845 1802 980 1846 putet,
1020 1796 1174 1832 exclusa
1194 1808 1328 1834 uxore.
1349 1817 1405 1822 —
1434 1797 1512 1832 Pro

845 1854 946 1903 χρῆν
974 1858 1049 1888 tres
1069 1851 1183 1890 codd.
1207 1851 1298 1888 dant
1318 1867 1409 1902 χρη.

906 1923 959 1954 ως
999 1907 1042 1947 ἐν
1078 1911 1181 1948 τοῖσι
1225 1907 1298 1946 ωσι
1327 1923 1409 1946 των
1439 1923 1512 1946 cev-

847 1959 1029 2015 θρώπων
1089 1962 1209 2004 οἰκέει
1268 1980 1288 2004 ο
1341 1961 1531 2014 θυμὸς-1.

848 2020 911 2057 Ad
940 2019 1038 2058 hanc
1061 2022 1290 2058 sententiam
1321 2021 1514 2058 Hoffmei—

849 2084 938 2115 ster.
964 2079 989 2115 l.
1018 2078 1044 2114 l.
1065 2091 1152 2128 pag.
1176 2077 1230 2118 43
1252 2077 1362 2114 affert
1385 2079 1513 2128 gemi-

848 2148 943 2170 num
956 2136 1082 2171 Nostri
1101 2136 1232 2172 locum
1241 2136 1269 2181 Ι,
1284 2138 1322 2183 8,
1341 2135 1406 2172 ubi
1419 2148 1515 2172 ocu-

848 2192 893 2228 lis
913 2192 998 2242 pius
1008 2192 1186 2228 tribuitur
1205 2191 1296 2228 fidei
1316 2205 1435 2243 qutun
1445 2205 1516 2228 au-

849 2249 965 2286 ribus.
1024 2245 1161 2299 θυμὸν
1182 2247 1231 2284 ad
1251 2248 1401 2298 affectus
1426 2263 1516 2300 spe-

849 2312 977 2352 ctare,
1007 2307 1156 2342 monitu
1192 2306 1258 2342 vix
1290 2318 1399 2356 opus.
1457 2307 1516 2342 De

848 2363 1018 2399 interiori
1045 2376 1157 2400 seusu
1189 2361 1279 2399 dicti
1307 2361 1517 2400 Herodotei

848 2415 1082 2469 ⁴VVesseling.
1112 2420 1258 2456 consuli
1277 2420 1359 2456 vult
1375 2419 1516 2456 Came-

849 2488 923 2512 rar.
944 2477 1138 2513 Problem.
1161 2476 1269 2513 Ceut.
1289 2477 1320 2524 Ι,
1341 2479 1380 2517 9.
1419 2478 1515 2513 Mox

850 2533 990 2568 retinui
1010 2531 1222 2582 ἐμπιπλὲει,
1243 2533 1310 2569 ubi
1328 2533 1456 2584 scripti
1468 2534 1516 2569 li-

852 2588 910 2624 bri
930 2588 1142 2626 admodum
1172 2590 1380 2637 fiuctuantt,
1424 2591 1517 2626 Flo-

854 2646 1024 2682 rentinus
1045 2644 1159 2683 habet
1187 2645 1395 2695 ἐμπιπλεῖ,
1425 2647 1518 2682 Sto-

855 2700 971 2737 baeus
1001 2704 1067 2750 20,
1096 2700 1150 2743 46
1179 2703 1257 2750 [T.
1288 2704 1306 2738 I
1330 2714 1417 2752 pag.
1435 2703 1516 2741 387

857 2757 994 2806 Gaisf.]
1025 2757 1217 2807 ἒμπίπλα,
1241 2757 1288 2795 de
1309 2770 1384 2808 quo
1407 2757 1518 2793 Gais-

855 2811 955 2851 ford.
987 2814 1150 2851 conferri
1178 2815 1260 2853 vult
1289 2815 1447 2850 Person.
1469 2811 1518 2849 ad

1874 2992 1897 3027 w
1875 2951 1885 2972 ·’
1875 2889 1897 2932 v»
1876 2774 1892 2875 *ar-—
