1897 3340
420 225 1078 268 TERPSICHORE.
1141 226 1186 262 V.

143 338 376 394 4ποταμὸν
404 338 590 387 ἐκδιδοῖ,

636 335 659 378 ὁ
692 334 762 383 δὲ,
804 334 847 385 ἐς
874 331 1114 377 θάλασσαν.

1357 228 1441 267 2⁰5

171 407 226 464 δή
248 407 326 450 τὸν
357 403 597 449 Πακτωλὸν
635 404 708 446 καὶ
750 403 792 453 ἐς
821 401 900 458 τήν
930 400 1097 457 ἀγορήν
1129 400 1440 455 ἀθροιζόμενοι

170 477 217 519 οἳ
241 491 285 518 τε
304 473 443 516 Λυδοὶ
472 473 542 515 καὶ
573 472 615 514 οἷ
640 471 822 524 Πέρσαι,
859 469 1157 526 ἠναγκάζοντο
1179 466 1438 523 ἀμύνεσθαι.

143 544 224 585 5οἱ
255 543 300 585 δὲ
318 539 491 590 Ἴωνες,

167 610 403 664 πολεμίων,
445 605 549 658 τοὺς
580 607 625 650 δὲ
655 607 737 649 σὺν
766 608 926 661 πλήθεϊ
955 609 1103 664 πολλῷ
1135 604 1437 660 προσφερομέ-

167 693 292 727 νους,
333 675 659 730 ἐξανεχώρησαν
699 676 914 725 δείσαντες
950 674 1062 726 πρὸς
1092 673 1140 716 τὸ
1173 676 1329 727 οὐρος,
1358 671 1437 716 τὸν

172 748 354 800 Τμῶλον
383 743 672 798 καλεόμενον·

2 810 101 856 102
166 811 381 862 λάσσοντο
423 811 490 855 ἐπὶ
525 810 602 862 τοὶς
638 810 752 861 νέας.

723 743 928 786 ἐνθεῦτεν
956 743 1001 785 δε
1023 741 1108 785 ὑπὸ
1138 740 1276 784 νύκτα
1306 739 1436 782 ἀπαλ-
1447 745 1491 781 65

811 810 901 852 Καὶ
931 810 1108 863 Σάρδις
1147 810 1226 866 μὲν
1262 807 1434 862 ἐνεπρή-

163 885 354 935 σθησαν,
413 879 460 923 ἐν
509 879 554 922 δὲ
601 878 757 936 αὐτῇσι
800 879 873 922 καὶ
920 877 1019 932 ἱρὸν
1058 878 1287 933 ἐπιχωρίης
1323 880 1433 919 θεοῦ

162 947 392 1004 Κυβήβης’
425 946 472 990 τὸ
495 946 786 1003 σκηπτόμενοι
814 949 857 990 οἱ
877 947 1066 1003 Πέρσαι,
1095 945 1285 1000 ὕστερον
1316 943 1433 988 ἄντε-

104 1142 185 1186 ·ὖπὸ
208 1141 333 1184 νύκτα
363 1150 418 1181 est
437 1143 500 1180 sub
529 1147 682 1191 noctem,
726 1150 770 1181 ut

105 1203 169 1251 VI,
191 1205 230 1242 2.
260 1203 330 1250 IX,
352 1202 417 1242 51.
439 1201 506 1242 58.
529 1203 594 1240 60.
622 1199 767 1249 Add.I‚

106 1259 157 1301 51
191 1260 320 1311 ibique
360 1265 456 1294 nott.
504 1258 679 1296 Siebelis.
719 1257 769 1294 ad

105 1317 270 1354 Pausau.
289 1317 359 1363 IX,
381 1314 406 1356 5
429 1315 466 1360 ξ.
488 1316 529 1354 7.

331 1439 424 1494 Cap.
455 1439 535 1476 CIL

159 1540 226 1582 καὶ
274 1537 364 1592 ἷρόν
403 1539 615 1592 ἐπιχωρίης
658 1540 764 1578 θεοῦ

102 1594 316 1650 Κυβήβης]
344 1598 431 1633 Noli
451 1610 541 1634 cum
562 1596 680 1632 Galeo
701 1609 764 1632 1e—

99 1655 245 1706 fingere
266 1649 458 1705 Κνβήλης
476 1683 484 1701 ‚
514 1666 606 1689 nam
626 1665 764 1689 vocem

99 1685 297 1763 Κυῠβήβης
319 1712 405 1748 satis
434 1717 590 1747 tuentur
611 1709 762 1758 suidas,

98 1767 329 1819 Hesychius,
350 1768 425 1804 alii.
464 1767 550 1804 Vid.
584 1767 761 1803 Creuzer.

99 1826 275 1877 Symbol,
305 1826 342 1860 II
369 1837 458 1875 pag.
488 1823 542 1864 40
559 1837 636 1876 seq.
653 1853 662 1871 ‚
696 1825 762 1875 qui

99 1882 204 1919 idem
235 1894 322 1933 pag.
354 1884 407 1922 37
440 1894 545 1933 seqq.
579 1880 626 1917 de
648 1879 760 1917 huius

98 1941 267 1976 numinis
296 1939 401 1974 cultu
427 1951 499 1990 per
524 1939 656 1974 Asiam
685 1938 762 1973 mi-

98 2009 236 2033 norem
256 1994 523 2042 consulendus,
544 1995 761 2032 Wesseliu—

98 2054 182 2104 gius
202 2055 381 2090 citaverat
397 2051 580 2103 Sophocl.
594 2050 758 2088 Philoct-

99 2113 181 2151 390
213 2111 320 2158 [371
353 2108 503 2157 Both-L
563 2110 668 2154 Quae
689 2107 760 2145 ad—

97 2164 232 2203 hucin
254 2165 434 2203 Sardium
449 2173 624 2203 veterum
643 2167 760 2202 ruinis

98 2224 383 2275 conspiciuntur
404 2224 521 2273 ampli
543 2224 676 2273 templi
697 2236 760 2259 re—

96 2280 236 2332 liquiae
256 2287 357 2317 trans
370 2281 570 2316 Pactolum
589 2282 681 2317 sitae
696 2281 760 2323 in-

97 2342 155 2373 tra
187 2338 396 2388 Acropoliu
425 2344 539 2389 atque
570 2338 759 2374 Tmolum

96 2401 271 2430 montem
309 2395 349 2430 in
388 2407 537 2431 recessu
576 2393 758 2445 quodam,

99 2462 160 2486 eas
181 2450 228 2487 ad
256 2450 328 2487 hoc
359 2450 530 2501 Cybebes
567 2452 759 2502 templum

99 2505 321 2556 pertinuisse
342 2507 521 2544 credibile
546 2515 611 2546 est.
671 2507 757 2545 Vid.

99 2562 306 2601 Prokesch.
358 2565 653 2614 Erinnerungen
692 2578 758 2602 aus

101 2618 264 2670 Aegypt.
287 2635 325 2657 u.
346 2621 512 2670 Kleinas.
535 2622 587 2657 III
607 2634 644 2671 p.
678 2621 755 2663 143

101 2686 207 2726 seqq.
231 2676 320 2725 148,
346 2689 388 2713 ac
409 2678 531 2713 multo
552 2685 663 2714 antea
682 2679 761 2715 iam

102 2729 304 2769 Chaudler.
334 2733 360 2769 l.
390 2733 416 2770 l.
446 2746 534 2785 pag.
565 2735 646 2775 359
667 2747 760 2788 seq„

102 2787 169 2838 qui
189 2796 361 2825 accurate
382 2801 443 2826 eas
471 2790 760 2841 desciipserunt.

157 2839 200 2882 τὸ
237 2841 502 2896 σκηπτόμενοι
537 2846 579 2886 οῖ
610 2846 762 2901 Πέρσαι

825 1159 860 1183 κ.
882 1158 915 1183 τ.
939 1144 1003 1192 λ.]
1055 1142 1170 1180 Haud
1199 1144 1276 1180 scio
1307 1140 1488 1194 equidem

826 1214 875 1237 an
906 1200 980 1237 huc
1010 1202 1172 1237 referam
1192 1199 1352 1237 Diodori
1373 1201 1489 1236 verba

824 1259 863 1294 in
884 1260 1080 1308 Excerptt.
1103 1271 1124 1294 a
1144 1260 1245 1294 Maio
1267 1259 1305 1293 in
1333 1258 1487 1307 Scriptt.

824 1316 925 1353 Vett.
953 1316 1050 1351 Nov.
1083 1316 1240 1351 Collect.
1264 1315 1314 1350 T.
1336 1315 1371 1349 II
1398 1326 1486 1383 pag.

821 1374 874 1412 37
897 1372 1119 1422 publicatis:
1152 1367 1213 1410 ότι
1233 1387 1274 1410 το
1300 1371 1488 1409 κατακαί-

822 1442 880 1467 ειν
902 1425 949 1466 τοῖ
980 1426 1065 1477 ἱερὰ
1086 1443 1196 1480 παρα
1224 1424 1424 1478 Ελλήνων
1453 1425 1486 1466 ἕ-

822 1489 959 1535 μαθον
978 1484 1149 1535 Πέρσαι,
1169 1500 1241 1534 την
1268 1480 1487 1534 αὗῑηντοις

821 1538 1141 1592 προαδικησασιν
1163 1536 1458 1586 α’ποδιὸόντες
1439 1537 1487 1579 v'-

821 1598 923 1649 βριν.
982 1597 1074 1634 Ad
1065 1611 1192 1648 ipsum
1212 1604 1487 1648 argumentum

819 1655 919 1691 bene
955 1654 1224 1704 WVesselz'ngius:
1282 1653 1486 1702 „incendii

818 1712 1053 1762 templorum
1072 1713 1112 1748 in
1125 1713 1282 1754 Graecia
1295 1713 1485 1758 obtentus,

820 1781 937 1820 quem
976 1771 1098 1806 Persis
1145 1771 1304 1820 scriptor
1339 1769 1483 1823 tribuit,

820 1827 1014 1862 arcessitus
1052 1833 1151 1873 erat3
1191 1828 1317 1863 verior
1356 1838 1482 1872 causa,

820 1882 923 1933 quod
958 1882 1048 1919 deos
1094 1884 1298 1933 parietibus
1338 1881 1484 1918 includi

818 1947 1003 1989 negarent
1016 1970 1024 1986 ‚
1046 1940 1189 1989 templa
1209 1940 1482 1990 improbantes.

819 1996 928 2032 Conf.
951 1998 1115 2033 Brisson.
1138 1998 1346 2047 Reg.Pers.
1369 1997 1482 2032 Prin-

818 2054 959 2104 cip.11,
982 2056 1074 2100 31“,
1105 2054 1171 2090 ubi
1199 2055 1278 2090 scil.
1309 2060 1484 2091 veterum

818 2112 1035 2147 testimonia
1057 2109 1105 2147 de
1127 2112 1308 2147 Graeciae
1328 2101 1482 2160 templis

817 2179 839 2203 a
860 2168 973 2204 Persa
995 2168 1055 2204 vel
1084 2169 1245 2204 incensis
1267 2169 1329 2205 vel
1359 2168 1483 2204 viola-

816 2225 862 2260 tis
894 2224 1118 2261 afferuntur.
1197 2226 1321 2270 Quam
1350 2231 1482 2261 tamen

815 2282 1021 2318 Persarum
1056 2283 1295 2332 impietatem
1316 2280 1483 2318 Atheni-

816 2351 922 2375 enses
948 2352 1017 2390 pro
1038 2339 1194 2389 ingenio
1223 2352 1292 2376 suo
1315 2338 1482 2389 amplifi-

816 2408 938 2443 casse,
990 2403 1089 2432 recte
1121 2404 1254 2433 monet
1281 2395 1481 2443 Valcken„

816 2465 938 2505 quum
990 2460 1140 2504 praeter
1183 2452 1483 2506 githeniensium

1175 333 1244 376 ἐπὶ
1281 336 1441 377 τοῦτον
1452 340 1497 373 60

531 537 732 592 ὁρέοντες
761 555 866 588 τους
902 554 980 593 μεν
1011 537 1316 593 ἀμυνομένους
1345 539 1435 579 τῶν
1490 540 1573 580 429

1492 809 1664 844 Regressos
1680 809 1754 836 Pcr-

1491 851 1545 871 sae
1557 843 1594 870 ad
1611 843 1767 883 Ephesum

1492 878 1612 917 adorti,
1640 877 1733 904 victo-

1490 912 1568 939 riam
1585 899 1733 946 insignem

1490 950 1663 981 reportant.

814 2510 960 2560 templa
999 2512 1066 2547 vix
1104 2523 1229 2546 unum
1269 2512 1515 2559 alterumve!

816 2567 998 2603 Graeciae
1017 2568 1205 2618 templum
1218 2566 1481 2604 incenderent.

814 2624 858 2659 In
879 2622 1050 2660 Phocide
1070 2637 1193 2660 unum
1205 2626 1285 2675 ipse
1306 2636 1481 2662 comme-

817 2687 941 2716 morat
961 2682 1097 2717 Noster
1117 2682 1217 2728 VIII,
1236 2685 1287 2722 33
1308 2683 1348 2718 in
1370 2683 1479 2717 Naxo

816 2737 880 2783 VI,
903 2738 955 2777 96
976 2738 1016 2773 in
1035 2739 1183 2774 Eretria
1205 2739 1268 2785 VI,
1292 2741 1386 2778 102.
1421 2738 1480 2772 De

816 2794 950 2830 Atticis
965 2795 1117 2844 templis
1137 2794 1214 2831 vid.
1243 2795 1406 2830 Pausan.
1428 2794 1479 2838 X,

817 2849 871 2891 35
893 2850 930 2895 ξ·
953 2853 980 2891 2
1001 2852 1087 2888 coll.
1107 2851 1189 2898 Vn,
1211 2850 1249 2898 5,
1270 2852 1309 2890 2.
