<?xml version="1.0" encoding="UTF-8"?>
<!DOCTYPE html PUBLIC "-//W3C//DTD XHTML 1.0 Transitional//EN"
    "http://www.w3.org/TR/xhtml1/DTD/xhtml1-transitional.dtd">
<html xmlns="http://www.w3.org/1999/xhtml" xml:lang="en" lang="en">
 <head>
  <title>
</title>
<meta http-equiv="Content-Type" content="text/html;charset=utf-8" />
  <meta name='ocr-system' content='tesseract 3.04.00' />
  <meta name='ocr-capabilities' content='ocr_page ocr_carea ocr_par ocr_line ocrx_word'/>
</head>
<body>
  <div class='ocr_page' id='page_1' title='image "./musaeher03hero/musaeher03hero_0495.png"; bbox 0 0 1897 3340; ppageno 0'>
   <div class='ocr_carea' id='block_1_1' title="bbox 0 0 34 2040">
    <p class='ocr_par' dir='ltr' id='par_1_1' title="bbox 0 0 34 2040">
     <span class='ocr_line' id='line_1_1' title="bbox 0 0 34 2040; baseline 0 0"><span class='ocrx_word' id='word_1_1' title='bbox 0 0 34 2040; x_wconf 95' lang='lat' dir='ltr'><em> </em></span> 
     </span>
    </p>
   </div>
   <div class='ocr_carea' id='block_1_2' title="bbox 29 3125 36 3340">
    <p class='ocr_par' dir='ltr' id='par_1_2' title="bbox 27 2890 36 3340">
     <span class='ocr_line' id='line_1_2' title="bbox 29 3125 36 3340; baseline 0 0"><span class='ocrx_word' id='word_1_2' title='bbox 29 3125 36 3340; x_wconf 65' lang='grc' dir='ltr'><em>ι</em></span> 
     </span>
    </p>
   </div>
   <div class='ocr_carea' id='block_1_3' title="bbox 488 216 960 258">
    <p class='ocr_par' dir='ltr' id='par_1_3' title="bbox 488 216 960 258">
     <span class='ocr_line' id='line_1_3' title="bbox 488 216 960 258; baseline -0.015 0"><span class='ocrx_word' id='word_1_3' title='bbox 488 216 960 258; x_wconf 81' lang='lat' dir='ltr'><strong>POLYMNIA.</strong></span> 
     </span>
    </p>
   </div>
   <div class='ocr_carea' id='block_1_4' title="bbox 1020 216 1426 257">
    <p class='ocr_par' dir='ltr' id='par_1_4' title="bbox 1020 216 1426 257">
     <span class='ocr_line' id='line_1_4' title="bbox 1020 216 1426 257; baseline 0.002 -7"><span class='ocrx_word' id='word_1_4' title='bbox 1020 216 1051 250; x_wconf 77' lang='lat' dir='ltr'>V</span> <span class='ocrx_word' id='word_1_5' title='bbox 1064 217 1078 251; x_wconf 90' lang='lat' dir='ltr'>l</span> <span class='ocrx_word' id='word_1_6' title='bbox 1091 216 1120 251; x_wconf 81' lang='grc' dir='ltr'><em>Ι.</em></span> <span class='ocrx_word' id='word_1_7' title='bbox 1348 220 1426 257; x_wconf 64' lang='grc'><em>481</em></span> 
     </span>
    </p>
   </div>
   <div class='ocr_carea' id='block_1_5' title="bbox 168 312 1488 453">
    <p class='ocr_par' dir='ltr' id='par_1_5' title="bbox 168 312 1488 453">
     <span class='ocr_line' id='line_1_5' title="bbox 172 312 1488 385; baseline -0.005 -12"><span class='ocrx_word' id='word_1_8' title='bbox 172 312 266 381; x_wconf 81' lang='grc' dir='ltr'><em>τας,</em></span> <span class='ocrx_word' id='word_1_9' title='bbox 306 330 383 373; x_wconf 87' lang='grc' dir='ltr'><em>τὸν</em></span> <span class='ocrx_word' id='word_1_10' title='bbox 421 325 584 385; x_wconf 79' lang='grc' dir='ltr'><em>ἰσθμὸν</em></span> <span class='ocrx_word' id='word_1_11' title='bbox 612 312 689 376; x_wconf 78' lang='grc' dir='ltr'><em>τοὶς</em></span> <span class='ocrx_word' id='word_1_12' title='bbox 716 325 818 375; x_wconf 83' lang='grc' dir='ltr'><em>νέας</em></span> <span class='ocrx_word' id='word_1_13' title='bbox 847 322 1076 377; x_wconf 77' lang='grc' dir='ltr'><em>διειρύσαι,</em></span> <span class='ocrx_word' id='word_1_14' title='bbox 1108 322 1312 378; x_wconf 77' lang='grc' dir='ltr'><em>ὀρύσσειν</em></span> <span class='ocrx_word' id='word_1_15' title='bbox 1343 324 1430 368; x_wconf 81' lang='grc' dir='ltr'><strong>ἐκέ·</strong></span> <span class='ocrx_word' id='word_1_16' title='bbox 1443 334 1488 366; x_wconf 88' lang='grc'><em>70</em></span> 
     </span>
     <span class='ocr_line' id='line_1_6' title="bbox 168 386 1433 453; baseline -0.006 -11"><span class='ocrx_word' id='word_1_17' title='bbox 168 403 265 442; x_wconf 89' lang='grc' dir='ltr'><em>λευε</em></span> <span class='ocrx_word' id='word_1_18' title='bbox 295 396 489 453; x_wconf 75' lang='grc' dir='ltr'><em>διώρυχα</em></span> <span class='ocrx_word' id='word_1_19' title='bbox 526 398 578 451; x_wconf 87' lang='grc' dir='ltr'><em>τῇ</em></span> <span class='ocrx_word' id='word_1_20' title='bbox 605 390 829 448; x_wconf 80' lang='grc' dir='ltr'><em>θαλάσσῃ,</em></span> <span class='ocrx_word' id='word_1_21' title='bbox 875 386 1004 447; x_wconf 79' lang='grc' dir='ltr'><em>εὖρος</em></span> <span class='ocrx_word' id='word_1_22' title='bbox 1033 409 1092 444; x_wconf 85' lang='grc' dir='ltr'><em>ως</em></span> <span class='ocrx_word' id='word_1_23' title='bbox 1119 391 1200 436; x_wconf 85' lang='grc' dir='ltr'><em>δύο</em></span> <span class='ocrx_word' id='word_1_24' title='bbox 1230 393 1433 448; x_wconf 79' lang='grc' dir='ltr'><em>τριήρεας</em></span> 
     </span>
    </p>
   </div>
   <div class='ocr_carea' id='block_1_6' title="bbox 140 460 841 521">
    <p class='ocr_par' dir='ltr' id='par_1_6' title="bbox 140 460 841 521">
     <span class='ocr_line' id='line_1_7' title="bbox 140 460 841 521; baseline -0.007 -14"><span class='ocrx_word' id='word_1_25' title='bbox 140 468 315 510; x_wconf 71' lang='grc' dir='ltr'><em>ὃπλέειν</em></span> <span class='ocrx_word' id='word_1_26' title='bbox 345 464 459 521; x_wconf 86' lang='grc' dir='ltr'><em>ὁμοῦ</em></span> <span class='ocrx_word' id='word_1_27' title='bbox 487 460 841 516; x_wconf 78' lang='grc' dir='ltr'><em>ἐλαστρευμένας.</em></span> 
     </span>
    </p>
   </div>
   <div class='ocr_carea' id='block_1_7' title="bbox 901 459 1432 504">
    <p class='ocr_par' dir='ltr' id='par_1_7' title="bbox 901 459 1432 504">
     <span class='ocr_line' id='line_1_8' title="bbox 901 459 1432 504; baseline 0.002 -1"><span class='ocrx_word' id='word_1_28' title='bbox 901 463 1025 503; x_wconf 87' lang='grc' dir='ltr'><em>Τοῖσι</em></span> <span class='ocrx_word' id='word_1_29' title='bbox 1055 460 1100 503; x_wconf 82' lang='grc' dir='ltr'><em>δὲ</em></span> <span class='ocrx_word' id='word_1_30' title='bbox 1131 459 1304 504; x_wconf 80' lang='grc' dir='ltr'><em>αὐτοῖσι</em></span> <span class='ocrx_word' id='word_1_31' title='bbox 1332 460 1432 504; x_wconf 86' lang='grc' dir='ltr'><em>τού·</em></span> 
     </span>
    </p>
   </div>
   <div class='ocr_carea' id='block_1_8' title="bbox 170 525 1437 586">
    <p class='ocr_par' dir='ltr' id='par_1_8' title="bbox 170 525 1437 586">
     <span class='ocr_line' id='line_1_9' title="bbox 170 525 1437 586; baseline -0.006 -8"><span class='ocrx_word' id='word_1_32' title='bbox 170 546 308 586; x_wconf 85' lang='grc' dir='ltr'><em>τοισι,</em></span> <span class='ocrx_word' id='word_1_33' title='bbox 345 532 457 575; x_wconf 87' lang='grc' dir='ltr'><em>τοῖσί</em></span> <span class='ocrx_word' id='word_1_34' title='bbox 493 544 573 583; x_wconf 90' lang='grc' dir='ltr'><em>περ</em></span> <span class='ocrx_word' id='word_1_35' title='bbox 603 528 678 571; x_wconf 79' lang='grc' dir='ltr'><em>καὶ</em></span> <span class='ocrx_word' id='word_1_36' title='bbox 715 526 765 571; x_wconf 86' lang='grc' dir='ltr'><em>τὸ</em></span> <span class='ocrx_word' id='word_1_37' title='bbox 797 525 990 583; x_wconf 79' lang='grc' dir='ltr'><em>ὄρυγμα,</em></span> <span class='ocrx_word' id='word_1_38' title='bbox 1019 528 1332 582; x_wconf 80' lang='grc' dir='ltr'><em>προσετέτακτο</em></span> <span class='ocrx_word' id='word_1_39' title='bbox 1362 528 1437 572; x_wconf 83' lang='grc' dir='ltr'><em>καὶ</em></span> 
     </span>
    </p>
   </div>
   <div class='ocr_carea' id='block_1_9' title="bbox 38 594 1551 858">
    <p class='ocr_par' dir='ltr' id='par_1_9' title="bbox 38 594 1503 788">
     <span class='ocr_line' id='line_1_10' title="bbox 38 594 1435 654; baseline -0.001 -14"><span class='ocrx_word' id='word_1_40' title='bbox 38 596 103 641; x_wconf 81' lang='lat'><em>25</em></span> <span class='ocrx_word' id='word_1_41' title='bbox 169 601 247 644; x_wconf 87' lang='grc' dir='ltr'><em>τὸν</em></span> <span class='ocrx_word' id='word_1_42' title='bbox 275 597 510 654; x_wconf 86' lang='grc' dir='ltr'><em>Στρυμόνα</em></span> <span class='ocrx_word' id='word_1_43' title='bbox 537 596 736 650; x_wconf 88' lang='grc' dir='ltr'><em>ποταμὸν</em></span> <span class='ocrx_word' id='word_1_44' title='bbox 756 594 985 648; x_wconf 79' lang='grc' dir='ltr'><em>ζεύξαντας</em></span> <span class='ocrx_word' id='word_1_45' title='bbox 1001 599 1267 651; x_wconf 79' lang='grc' dir='ltr'><em>γεφυρῶσαι.</em></span> <span class='ocrx_word' id='word_1_46' title='bbox 1324 600 1435 639; x_wconf 85' lang='grc' dir='ltr'><em>Ταῦ-</em></span> 
     </span>
     <span class='ocr_line' id='line_1_11' title="bbox 165 662 1551 729; baseline -0.004 -18"><span class='ocrx_word' id='word_1_47' title='bbox 165 685 219 711; x_wconf 86' lang='grc' dir='ltr'><em>τα</em></span> <span class='ocrx_word' id='word_1_48' title='bbox 256 666 334 723; x_wconf 85' lang='grc' dir='ltr'><em>μέν</em></span> <span class='ocrx_word' id='word_1_49' title='bbox 361 681 445 708; x_wconf 87' lang='grc' dir='ltr'><em>νυν</em></span> <span class='ocrx_word' id='word_1_50' title='bbox 483 663 600 708; x_wconf 81' lang='grc' dir='ltr'><em>οὕτω</em></span> <span class='ocrx_word' id='word_1_51' title='bbox 639 663 802 706; x_wconf 81' lang='grc' dir='ltr'><em>ἐποίεε·</em></span> <span class='ocrx_word' id='word_1_52' title='bbox 832 662 1182 717; x_wconf 82' lang='grc' dir='ltr'><em>παρασκευάζετο</em></span> <span class='ocrx_word' id='word_1_53' title='bbox 1204 665 1250 708; x_wconf 81' lang='grc' dir='ltr'><em>δὲ</em></span> <span class='ocrx_word' id='word_1_54' title='bbox 1279 665 1354 707; x_wconf 80' lang='grc' dir='ltr'><em>καὶ</em></span> <span class='ocrx_word' id='word_1_55' title='bbox 1385 663 1431 707; x_wconf 79' lang='grc' dir='ltr'><em>ὅ.</em></span> <span class='ocrx_word' id='word_1_56' title='bbox 1448 666 1551 729; x_wconf 45' lang='lat' dir='ltr'><em>753¹!ss</em></span> 
     </span>
     <span class='ocr_line' id='line_1_12' title="bbox 165 730 1436 788; baseline -0.002 -9"><span class='ocrx_word' id='word_1_57' title='bbox 165 739 252 779; x_wconf 87' lang='grc' dir='ltr'><em>πλα</em></span> <span class='ocrx_word' id='word_1_58' title='bbox 273 734 316 785; x_wconf 79' lang='grc' dir='ltr'><em>ἐς</em></span> <span class='ocrx_word' id='word_1_59' title='bbox 336 732 418 783; x_wconf 80' lang='grc' dir='ltr'><em>τὰς</em></span> <span class='ocrx_word' id='word_1_60' title='bbox 445 730 642 788; x_wconf 79' lang='grc' dir='ltr'><em>γεφύρας</em></span> <span class='ocrx_word' id='word_1_61' title='bbox 672 730 859 787; x_wconf 80' lang='grc' dir='ltr'><em>βύβλινά</em></span> <span class='ocrx_word' id='word_1_62' title='bbox 879 747 923 774; x_wconf 88' lang='grc' dir='ltr'><em>τε</em></span> <span class='ocrx_word' id='word_1_63' title='bbox 952 748 1026 775; x_wconf 78' lang='grc' dir='ltr'><em>και</em></span> <span class='ocrx_word' id='word_1_64' title='bbox 1049 735 1319 784; x_wconf 84' lang='grc' dir='ltr'><em>λευκολίνου,</em></span> <span class='ocrx_word' id='word_1_65' title='bbox 1352 733 1436 777; x_wconf 80' lang='grc' dir='ltr'><em>ἐπι-</em></span> 
     </span>
    </p>

    <p class='ocr_par' dir='ltr' id='par_1_10' title="bbox 137 799 1433 858">
     <span class='ocr_line' id='line_1_13' title="bbox 137 799 1433 858; baseline 0.002 -15"><span class='ocrx_word' id='word_1_66' title='bbox 137 801 295 854; x_wconf 73' lang='grc' dir='ltr'><em>Ξταξας</em></span> <span class='ocrx_word' id='word_1_67' title='bbox 327 801 494 852; x_wconf 82' lang='grc' dir='ltr'><em>Φοίνιξί</em></span> <span class='ocrx_word' id='word_1_68' title='bbox 522 816 566 843; x_wconf 91' lang='grc' dir='ltr'><em>τε</em></span> <span class='ocrx_word' id='word_1_69' title='bbox 596 799 671 842; x_wconf 86' lang='grc' dir='ltr'><em>καὶ</em></span> <span class='ocrx_word' id='word_1_70' title='bbox 685 800 964 854; x_wconf 79' lang='grc' dir='ltr'><em>Αἰγυπτίοισι</em></span> <span class='ocrx_word' id='word_1_71' title='bbox 993 800 1067 842; x_wconf 82' lang='grc' dir='ltr'><em>καὶ</em></span> <span class='ocrx_word' id='word_1_72' title='bbox 1087 802 1200 843; x_wconf 88' lang='grc' dir='ltr'><em>σιτία</em></span> <span class='ocrx_word' id='word_1_73' title='bbox 1220 804 1274 858; x_wconf 84' lang='grc' dir='ltr'><em>τῇ</em></span> <span class='ocrx_word' id='word_1_74' title='bbox 1305 813 1433 857; x_wconf 91' lang='grc' dir='ltr'><em>στρα-</em></span> 
     </span>
    </p>
   </div>
   <div class='ocr_carea' id='block_1_10' title="bbox 163 865 1436 1061">
    <p class='ocr_par' dir='ltr' id='par_1_11' title="bbox 163 865 1436 1061">
     <span class='ocr_line' id='line_1_14' title="bbox 165 865 1435 926; baseline 0.002 -14"><span class='ocrx_word' id='word_1_75' title='bbox 165 873 236 926; x_wconf 84' lang='grc' dir='ltr'><em>τιῇ</em></span> <span class='ocrx_word' id='word_1_76' title='bbox 265 868 579 923; x_wconf 79' lang='grc' dir='ltr'><em>καταβάλλειν,</em></span> <span class='ocrx_word' id='word_1_77' title='bbox 620 868 694 909; x_wconf 83' lang='grc' dir='ltr'><em>ἵνα</em></span> <span class='ocrx_word' id='word_1_78' title='bbox 722 865 780 922; x_wconf 77' lang='grc' dir='ltr'><em>μή</em></span> <span class='ocrx_word' id='word_1_79' title='bbox 815 865 1006 923; x_wconf 84' lang='grc' dir='ltr'><em>λιμῄνειε</em></span> <span class='ocrx_word' id='word_1_80' title='bbox 1043 865 1070 924; x_wconf 82' lang='grc' dir='ltr'><em>ἦ</em></span> <span class='ocrx_word' id='word_1_81' title='bbox 1103 868 1296 925; x_wconf 80' lang='grc' dir='ltr'><em>στρατιὴ,</em></span> <span class='ocrx_word' id='word_1_82' title='bbox 1326 871 1435 926; x_wconf 79' lang='grc' dir='ltr'><em>μηδὲ</em></span> 
     </span>
     <span class='ocr_line' id='line_1_15' title="bbox 167 932 1436 991; baseline 0 -10"><span class='ocrx_word' id='word_1_83' title='bbox 167 936 222 981; x_wconf 80' lang='grc' dir='ltr'><em>τὰ</em></span> <span class='ocrx_word' id='word_1_84' title='bbox 260 933 472 991; x_wconf 80' lang='grc' dir='ltr'><em>ὑποζύγια</em></span> <span class='ocrx_word' id='word_1_85' title='bbox 511 932 782 990; x_wconf 83' lang='grc' dir='ltr'><em>ἐλαυνόμενα</em></span> <span class='ocrx_word' id='word_1_86' title='bbox 823 936 892 979; x_wconf 80' lang='grc' dir='ltr'><em>ἐπὶ</em></span> <span class='ocrx_word' id='word_1_87' title='bbox 920 935 999 991; x_wconf 79' lang='grc' dir='ltr'><em>τήν</em></span> <span class='ocrx_word' id='word_1_88' title='bbox 1022 934 1230 980; x_wconf 84' lang='grc' dir='ltr'><em>Ἑλλάδα·</em></span> <span class='ocrx_word' id='word_1_89' title='bbox 1263 936 1436 981; x_wconf 75' lang='grc' dir='ltr'><em>ἀναπυ-</em></span> 
     </span>
     <span class='ocr_line' id='line_1_16' title="bbox 163 1002 1435 1061; baseline 0.001 -12"><span class='ocrx_word' id='word_1_90' title='bbox 163 1002 356 1061; x_wconf 79' lang='grc' dir='ltr'><em>θόμενος</em></span> <span class='ocrx_word' id='word_1_91' title='bbox 400 1004 446 1048; x_wconf 76' lang='grc' dir='ltr'><em>δὲ</em></span> <span class='ocrx_word' id='word_1_92' title='bbox 483 1004 587 1055; x_wconf 84' lang='grc' dir='ltr'><em>τούς</em></span> <span class='ocrx_word' id='word_1_93' title='bbox 619 1002 812 1060; x_wconf 75' lang='grc' dir='ltr'><em>χώρους,</em></span> <span class='ocrx_word' id='word_1_94' title='bbox 842 1002 1135 1059; x_wconf 63' lang='grc' dir='ltr'><em>καταβάλλειν</em></span> <span class='ocrx_word' id='word_1_95' title='bbox 1164 1005 1331 1050; x_wconf 81' lang='grc' dir='ltr'><em>ἐκέλευε</em></span> <span class='ocrx_word' id='word_1_96' title='bbox 1363 1007 1435 1049; x_wconf 85' lang='grc' dir='ltr'><em>ἵνα</em></span> 
     </span>
    </p>
   </div>
   <div class='ocr_carea' id='block_1_11' title="bbox 115 1128 380 1134">
    <p class='ocr_par' dir='ltr' id='par_1_12' title="bbox 115 1128 380 1134">
     <span class='ocr_line' id='line_1_17' title="bbox 115 1128 380 1134; baseline 0 0"><span class='ocrx_word' id='word_1_97' title='bbox 115 1128 380 1134; x_wconf 95' lang='lat' dir='ltr'><em> </em></span> 
     </span>
    </p>
   </div>
   <div class='ocr_carea' id='block_1_12' title="bbox 107 1214 771 1323">
    <p class='ocr_par' dir='ltr' id='par_1_13' title="bbox 107 1214 771 1323">
     <span class='ocr_line' id='line_1_18' title="bbox 107 1214 771 1266; baseline 0 -16"><span class='ocrx_word' id='word_1_98' title='bbox 107 1214 235 1266; x_wconf 84' lang='lat' dir='ltr'><strong>lyaeni</strong></span> <span class='ocrx_word' id='word_1_99' title='bbox 265 1214 395 1251; x_wconf 89' lang='lat' dir='ltr'><strong>locum</strong></span> <span class='ocrx_word' id='word_1_100' title='bbox 420 1215 466 1263; x_wconf 87' lang='lat' dir='ltr'><em>V,</em></span> <span class='ocrx_word' id='word_1_101' title='bbox 500 1218 539 1263; x_wconf 79' lang='lat'><em>2,</em></span> <span class='ocrx_word' id='word_1_102' title='bbox 565 1218 602 1264; x_wconf 83' lang='lat'><em>6,</em></span> <span class='ocrx_word' id='word_1_103' title='bbox 635 1214 700 1252; x_wconf 91' lang='lat' dir='ltr'><em>ubi</em></span> <span class='ocrx_word' id='word_1_104' title='bbox 720 1214 771 1251; x_wconf 90' lang='lat' dir='ltr'><strong>si-</strong></span> 
     </span>
     <span class='ocr_line' id='line_1_19' title="bbox 108 1270 538 1323; baseline 0.005 -16"><span class='ocrx_word' id='word_1_105' title='bbox 108 1272 197 1308; x_wconf 84' lang='lat' dir='ltr'><strong>mile</strong></span> <span class='ocrx_word' id='word_1_106' title='bbox 218 1270 310 1323; x_wconf 87' lang='lat' dir='ltr'><strong>quid</strong></span> <span class='ocrx_word' id='word_1_107' title='bbox 332 1278 538 1310; x_wconf 79' lang='lat' dir='ltr'>enarratur.</span> 
     </span>
    </p>
   </div>
   <div class='ocr_carea' id='block_1_13' title="bbox 105 1346 777 2922">
    <p class='ocr_par' dir='ltr' id='par_1_14' title="bbox 105 1346 777 2866">
     <span class='ocr_line' id='line_1_20' title="bbox 162 1346 772 1402; baseline -0.002 -13"><span class='ocrx_word' id='word_1_108' title='bbox 162 1348 234 1391; x_wconf 85' lang='grc' dir='ltr'><em>τόν</em></span> <span class='ocrx_word' id='word_1_109' title='bbox 266 1347 418 1402; x_wconf 82' lang='grc' dir='ltr'><em>ἰσθμόν</em></span> <span class='ocrx_word' id='word_1_110' title='bbox 450 1346 520 1397; x_wconf 75' lang='grc' dir='ltr'><em>τοὶς</em></span> <span class='ocrx_word' id='word_1_111' title='bbox 547 1347 640 1396; x_wconf 81' lang='grc' dir='ltr'><em>νέας</em></span> <span class='ocrx_word' id='word_1_112' title='bbox 673 1349 772 1388; x_wconf 84' lang='grc' dir='ltr'><em>διει-</em></span> 
     </span>
     <span class='ocr_line' id='line_1_21' title="bbox 108 1402 771 1459; baseline -0.006 -13"><span class='ocrx_word' id='word_1_113' title='bbox 108 1402 255 1459; x_wconf 87' lang='grc' dir='ltr'><em>ρύσαι]</em></span> <span class='ocrx_word' id='word_1_114' title='bbox 287 1408 423 1458; x_wconf 82' lang='lat' dir='ltr'><strong>Attigit</strong></span> <span class='ocrx_word' id='word_1_115' title='bbox 455 1405 590 1443; x_wconf 85' lang='lat' dir='ltr'><em>Matth.</em></span> <span class='ocrx_word' id='word_1_116' title='bbox 613 1408 680 1443; x_wconf 89' lang='lat' dir='ltr'><em>Gr.</em></span> <span class='ocrx_word' id='word_1_117' title='bbox 704 1407 771 1443; x_wconf 89' lang='lat' dir='ltr'><em>Gr.</em></span> 
     </span>
     <span class='ocr_line' id='line_1_22' title="bbox 109 1462 772 1515; baseline 0.002 -15"><span class='ocrx_word' id='word_1_118' title='bbox 109 1465 146 1509; x_wconf 62' lang='grc' dir='ltr'><em>ξ.</em></span> <span class='ocrx_word' id='word_1_119' title='bbox 161 1462 255 1505; x_wconf 80' lang='grc'>425.</span> <span class='ocrx_word' id='word_1_120' title='bbox 277 1462 489 1515; x_wconf 82' lang='lat' dir='ltr'><strong>Hesychius</strong></span> <span class='ocrx_word' id='word_1_121' title='bbox 509 1465 525 1499; x_wconf 96' lang='lat' dir='ltr'>I</span> <span class='ocrx_word' id='word_1_122' title='bbox 546 1477 586 1514; x_wconf 86' lang='lat' dir='ltr'><em>p.</em></span> <span class='ocrx_word' id='word_1_123' title='bbox 607 1465 686 1504; x_wconf 87' lang='grc'><em>981</em></span> <span class='ocrx_word' id='word_1_124' title='bbox 710 1462 772 1502; x_wconf 87' lang='grc' dir='ltr'><em>δι-</em></span> 
     </span>
     <span class='ocr_line' id='line_1_23' title="bbox 112 1517 771 1572; baseline -0.005 -12"><span class='ocrx_word' id='word_1_125' title='bbox 112 1517 269 1572; x_wconf 82' lang='grc' dir='ltr'><em>ειρύσαι</em></span> <span class='ocrx_word' id='word_1_126' title='bbox 299 1518 342 1557; x_wconf 87' lang='lat' dir='ltr'><em>h.</em></span> <span class='ocrx_word' id='word_1_127' title='bbox 364 1521 390 1559; x_wconf 88' lang='lat' dir='ltr'><em>l.</em></span> <span class='ocrx_word' id='word_1_128' title='bbox 422 1521 579 1571; x_wconf 84' lang='lat' dir='ltr'>exponit</span> <span class='ocrx_word' id='word_1_129' title='bbox 610 1520 771 1570; x_wconf 81' lang='grc' dir='ltr'><em>διαστῆ-</em></span> 
     </span>
     <span class='ocr_line' id='line_1_24' title="bbox 110 1572 773 1628; baseline -0.008 -12"><span class='ocrx_word' id='word_1_130' title='bbox 110 1588 199 1624; x_wconf 86' lang='grc' dir='ltr'><em>σαι,</em></span> <span class='ocrx_word' id='word_1_131' title='bbox 237 1572 440 1616; x_wconf 80' lang='grc' dir='ltr'><em>διελκύσαι</em></span> <span class='ocrx_word' id='word_1_132' title='bbox 455 1606 466 1626; x_wconf 89' lang='grc'><em>,</em></span> <span class='ocrx_word' id='word_1_133' title='bbox 508 1575 612 1628; x_wconf 91' lang='lat' dir='ltr'><strong>quod</strong></span> <span class='ocrx_word' id='word_1_134' title='bbox 645 1576 773 1626; x_wconf 90' lang='lat' dir='ltr'><strong>ipsum</strong></span> 
     </span>
     <span class='ocr_line' id='line_1_25' title="bbox 109 1632 771 1684; baseline -0.003 -14"><span class='ocrx_word' id='word_1_135' title='bbox 109 1632 212 1684; x_wconf 87' lang='lat' dir='ltr'><strong>apud</strong></span> <span class='ocrx_word' id='word_1_136' title='bbox 240 1632 455 1670; x_wconf 85' lang='lat' dir='ltr'><strong>Diodorum</strong></span> <span class='ocrx_word' id='word_1_137' title='bbox 483 1634 546 1681; x_wconf 84' lang='lat' dir='ltr'><em>IV,</em></span> <span class='ocrx_word' id='word_1_138' title='bbox 577 1633 647 1674; x_wconf 88' lang='lat'><em>56.</em></span> <span class='ocrx_word' id='word_1_139' title='bbox 686 1633 771 1680; x_wconf 90' lang='lat' dir='ltr'><em>XV,</em></span> 
     </span>
     <span class='ocr_line' id='line_1_26' title="bbox 109 1688 774 1741; baseline -0.002 -15"><span class='ocrx_word' id='word_1_140' title='bbox 109 1691 164 1731; x_wconf 88' lang='lat'><em>50</em></span> <span class='ocrx_word' id='word_1_141' title='bbox 202 1696 336 1727; x_wconf 84' lang='lat' dir='ltr'><strong>exstat.</strong></span> <span class='ocrx_word' id='word_1_142' title='bbox 411 1688 528 1741; x_wconf 91' lang='lat' dir='ltr'><strong>Apud</strong></span> <span class='ocrx_word' id='word_1_143' title='bbox 566 1689 774 1740; x_wconf 88' lang='lat' dir='ltr'>Polybium</span> 
     </span>
     <span class='ocr_line' id='line_1_27' title="bbox 107 1745 774 1797; baseline 0 -14"><span class='ocrx_word' id='word_1_144' title='bbox 107 1745 172 1795; x_wconf 90' lang='lat' dir='ltr'><em>IV,</em></span> <span class='ocrx_word' id='word_1_145' title='bbox 196 1749 247 1787; x_wconf 86' lang='lat'><em>19</em></span> <span class='ocrx_word' id='word_1_146' title='bbox 267 1747 459 1784; x_wconf 81' lang='lat' dir='ltr'><em>invenitur</em></span> <span class='ocrx_word' id='word_1_147' title='bbox 479 1746 721 1797; x_wconf 83' lang='grc' dir='ltr'><em>διϊσθμίζειν</em></span> <span class='ocrx_word' id='word_1_148' title='bbox 736 1752 774 1783; x_wconf 83' lang='lat' dir='ltr'><strong>et</strong></span> 
     </span>
     <span class='ocr_line' id='line_1_28' title="bbox 105 1800 772 1870; baseline -0.002 -29"><span class='ocrx_word' id='word_1_149' title='bbox 105 1800 421 1870; x_wconf 74' lang='grc' dir='ltr'><em>ύπερισθμίζειν,</em></span> <span class='ocrx_word' id='word_1_150' title='bbox 452 1803 538 1840; x_wconf 89' lang='lat' dir='ltr'><strong>coll.</strong></span> <span class='ocrx_word' id='word_1_151' title='bbox 561 1801 670 1840; x_wconf 90' lang='lat' dir='ltr'><strong>Suid.</strong></span> <span class='ocrx_word' id='word_1_152' title='bbox 694 1815 723 1838; x_wconf 79' lang='lat' dir='ltr'><strong>s-</strong></span> <span class='ocrx_word' id='word_1_153' title='bbox 734 1815 772 1840; x_wconf 80' lang='lat' dir='ltr'><em>v.</em></span> 
     </span>
     <span class='ocr_line' id='line_1_29' title="bbox 105 1852 773 1909; baseline -0.003 -12.96"><span class='ocrx_word' id='word_1_154' title='bbox 105 1852 275 1909; x_wconf 76' lang='grc' dir='ltr'><em>Ἰσθμός</em></span> <span class='ocrx_word' id='word_1_155' title='bbox 302 1861 337 1895; x_wconf 92' lang='lat'><em>11</em></span> <span class='ocrx_word' id='word_1_156' title='bbox 357 1873 394 1909; x_wconf 91' lang='lat' dir='ltr'><strong>p</strong></span> <span class='ocrx_word' id='word_1_157' title='bbox 388 1860 501 1900; x_wconf 68' lang='lat'><em>..151</em></span> <span class='ocrx_word' id='word_1_158' title='bbox 533 1858 615 1903; x_wconf 81' lang='lat' dir='ltr'><em>Qua</em></span> <span class='ocrx_word' id='word_1_159' title='bbox 637 1857 773 1895; x_wconf 73' lang='lat' dir='ltr'><strong>eadem</strong></span> 
     </span>
     <span class='ocr_line' id='line_1_30' title="bbox 106 1913 772 1967; baseline 0.002 -16"><span class='ocrx_word' id='word_1_160' title='bbox 106 1915 147 1951; x_wconf 87' lang='lat' dir='ltr'><em>in</em></span> <span class='ocrx_word' id='word_1_161' title='bbox 168 1928 208 1951; x_wconf 91' lang='lat' dir='ltr'><strong>re</strong></span> <span class='ocrx_word' id='word_1_162' title='bbox 228 1913 478 1967; x_wconf 82' lang='lat' dir='ltr'><strong>Thucydides</strong></span> <span class='ocrx_word' id='word_1_163' title='bbox 497 1916 645 1963; x_wconf 83' lang='lat' dir='ltr'>V111‚8</span> <span class='ocrx_word' id='word_1_164' title='bbox 676 1914 772 1952; x_wconf 86' lang='lat' dir='ltr'><strong>dixit</strong></span> 
     </span>
     <span class='ocr_line' id='line_1_31' title="bbox 114 1946 770 2024; baseline 0 -14"><span class='ocrx_word' id='word_1_165' title='bbox 114 1969 321 2024; x_wconf 82' lang='grc' dir='ltr'><em>διαφέρειν</em></span> <span class='ocrx_word' id='word_1_166' title='bbox 341 1968 407 2011; x_wconf 87' lang='grc' dir='ltr'><em>τὸν</em></span> <span class='ocrx_word' id='word_1_167' title='bbox 444 1946 596 2023; x_wconf 74' lang='grc' dir='ltr'><em>ἰσθμὸν7</em></span> <span class='ocrx_word' id='word_1_168' title='bbox 624 1986 693 2017; x_wconf 84' lang='grc' dir='ltr'><em>τας</em></span> <span class='ocrx_word' id='word_1_169' title='bbox 725 1969 770 2022; x_wconf 74' lang='grc' dir='ltr'><em>ἦ-</em></span> 
     </span>
     <span class='ocr_line' id='line_1_32' title="bbox 110 2028 769 2078; baseline -0.005 -11"><span class='ocrx_word' id='word_1_170' title='bbox 110 2028 245 2078; x_wconf 82' lang='grc' dir='ltr'><em>μίσεας</em></span> <span class='ocrx_word' id='word_1_171' title='bbox 277 2030 359 2067; x_wconf 76' lang='grc' dir='ltr'><em>τῶν</em></span> <span class='ocrx_word' id='word_1_172' title='bbox 385 2030 516 2077; x_wconf 74' lang='grc' dir='ltr'><em>νεῶν,</em></span> <span class='ocrx_word' id='word_1_173' title='bbox 547 2029 612 2065; x_wconf 90' lang='lat' dir='ltr'><em>ubi</em></span> <span class='ocrx_word' id='word_1_174' title='bbox 642 2040 726 2078; x_wconf 87' lang='lat' dir='ltr'><em>cap.</em></span> <span class='ocrx_word' id='word_1_175' title='bbox 743 2031 769 2069; x_wconf 90' lang='lat'>7</span> 
     </span>
     <span class='ocr_line' id='line_1_33' title="bbox 108 2080 774 2137; baseline 0.003 -16"><span class='ocrx_word' id='word_1_176' title='bbox 108 2085 246 2135; x_wconf 74' lang='lat' dir='ltr'><strong>legitur</strong></span> <span class='ocrx_word' id='word_1_177' title='bbox 302 2080 640 2137; x_wconf 71' lang='grc' dir='ltr'><em>’ὗπερενεγκόντας</em></span> <span class='ocrx_word' id='word_1_178' title='bbox 702 2081 774 2132; x_wconf 73' lang='grc' dir='ltr'><em>τὰς</em></span> 
     </span>
     <span class='ocr_line' id='line_1_34' title="bbox 109 2137 773 2192; baseline 0 -13"><span class='ocrx_word' id='word_1_179' title='bbox 109 2143 211 2187; x_wconf 80' lang='grc' dir='ltr'><em>ναῦς</em></span> <span class='ocrx_word' id='word_1_180' title='bbox 227 2137 297 2180; x_wconf 77' lang='grc' dir='ltr'><em>τὸν</em></span> <span class='ocrx_word' id='word_1_181' title='bbox 319 2139 494 2192; x_wconf 78' lang='grc' dir='ltr'><em>ἰσθμόν,</em></span> <span class='ocrx_word' id='word_1_182' title='bbox 536 2141 583 2178; x_wconf 90' lang='lat' dir='ltr'><em>de</em></span> <span class='ocrx_word' id='word_1_183' title='bbox 614 2141 773 2179; x_wconf 80' lang='lat' dir='ltr'><strong>navibus</strong></span> 
     </span>
     <span class='ocr_line' id='line_1_35' title="bbox 108 2197 774 2235; baseline 0.002 -2"><span class='ocrx_word' id='word_1_184' title='bbox 108 2197 250 2234; x_wconf 86' lang='lat' dir='ltr'><strong>itineris</strong></span> <span class='ocrx_word' id='word_1_185' title='bbox 265 2197 466 2234; x_wconf 85' lang='lat' dir='ltr'><strong>minuendi</strong></span> <span class='ocrx_word' id='word_1_186' title='bbox 485 2211 598 2235; x_wconf 84' lang='lat' dir='ltr'><strong>causa</strong></span> <span class='ocrx_word' id='word_1_187' title='bbox 626 2198 774 2234; x_wconf 91' lang='lat' dir='ltr'><strong>remul-</strong></span> 
     </span>
     <span class='ocr_line' id='line_1_36' title="bbox 112 2253 773 2306; baseline 0.003 -17"><span class='ocrx_word' id='word_1_188' title='bbox 112 2265 157 2289; x_wconf 89' lang='lat' dir='ltr'><em>co</em></span> <span class='ocrx_word' id='word_1_189' title='bbox 187 2267 256 2304; x_wconf 90' lang='lat' dir='ltr'><strong>per</strong></span> <span class='ocrx_word' id='word_1_190' title='bbox 275 2253 507 2291; x_wconf 88' lang='lat' dir='ltr'><strong>Isthmorum</strong></span> <span class='ocrx_word' id='word_1_191' title='bbox 527 2256 617 2306; x_wconf 83' lang='lat' dir='ltr'><strong>iuga</strong></span> <span class='ocrx_word' id='word_1_192' title='bbox 637 2254 773 2292; x_wconf 82' lang='lat' dir='ltr'><strong>tradu-</strong></span> 
     </span>
     <span class='ocr_line' id='line_1_37' title="bbox 111 2309 770 2363; baseline 0.008 -19"><span class='ocrx_word' id='word_1_193' title='bbox 111 2310 180 2345; x_wconf 86' lang='lat' dir='ltr'><strong>ctis</strong></span> <span class='ocrx_word' id='word_1_194' title='bbox 209 2310 296 2346; x_wconf 85' lang='lat' dir='ltr'><strong>coll.</strong></span> <span class='ocrx_word' id='word_1_195' title='bbox 323 2309 468 2351; x_wconf 85' lang='lat' dir='ltr'><strong>Duker.</strong></span> <span class='ocrx_word' id='word_1_196' title='bbox 501 2311 550 2348; x_wconf 83' lang='lat' dir='ltr'><strong>ad</strong></span> <span class='ocrx_word' id='word_1_197' title='bbox 587 2310 770 2363; x_wconf 79' lang='lat' dir='ltr'><strong>Thucyd-</strong></span> 
     </span>
     <span class='ocr_line' id='line_1_38' title="bbox 112 2364 773 2415; baseline 0.008 -16"><span class='ocrx_word' id='word_1_198' title='bbox 112 2364 176 2410; x_wconf 89' lang='lat' dir='ltr'><em>IV,</em></span> <span class='ocrx_word' id='word_1_199' title='bbox 198 2367 238 2404; x_wconf 90' lang='lat'><em>8.</em></span> <span class='ocrx_word' id='word_1_200' title='bbox 270 2366 435 2404; x_wconf 78' lang='lat' dir='ltr'><strong>Wessel.</strong></span> <span class='ocrx_word' id='word_1_201' title='bbox 457 2367 564 2405; x_wconf 85' lang='lat' dir='ltr'><strong>obss.</strong></span> <span class='ocrx_word' id='word_1_202' title='bbox 593 2370 623 2415; x_wconf 95' lang='grc' dir='ltr'><em>Ι,</em></span> <span class='ocrx_word' id='word_1_203' title='bbox 654 2370 706 2408; x_wconf 88' lang='grc'><em>28</em></span> <span class='ocrx_word' id='word_1_204' title='bbox 735 2375 773 2405; x_wconf 90' lang='lat' dir='ltr'><strong>et</strong></span> 
     </span>
     <span class='ocr_line' id='line_1_39' title="bbox 111 2420 771 2467; baseline 0.009 -12"><span class='ocrx_word' id='word_1_205' title='bbox 111 2420 196 2456; x_wconf 78' lang='lat' dir='ltr'><em>Liv.</em></span> <span class='ocrx_word' id='word_1_206' title='bbox 207 2421 331 2467; x_wconf 86' lang='lat' dir='ltr'>XXV,</span> <span class='ocrx_word' id='word_1_207' title='bbox 347 2423 411 2460; x_wconf 89' lang='lat'><em>11.</em></span> <span class='ocrx_word' id='word_1_208' title='bbox 440 2423 657 2461; x_wconf 87' lang='lat' dir='ltr'><strong>Attulerunt</strong></span> <span class='ocrx_word' id='word_1_209' title='bbox 677 2422 771 2461; x_wconf 83' lang='lat' dir='ltr'><strong>haec</strong></span> 
     </span>
     <span class='ocr_line' id='line_1_40' title="bbox 113 2476 773 2525; baseline 0.005 -12"><span class='ocrx_word' id='word_1_210' title='bbox 113 2476 345 2525; x_wconf 82' lang='lat' dir='ltr'><strong>Wesseling.</strong></span> <span class='ocrx_word' id='word_1_211' title='bbox 368 2483 403 2513; x_wconf 87' lang='lat' dir='ltr'><strong>et</strong></span> <span class='ocrx_word' id='word_1_212' title='bbox 423 2477 671 2518; x_wconf 83' lang='lat' dir='ltr'><em>Valckenaer.</em></span> <span class='ocrx_word' id='word_1_213' title='bbox 693 2482 773 2516; x_wconf 87' lang='lat' dir='ltr'><strong>Ne-</strong></span> 
     </span>
     <span class='ocr_line' id='line_1_41' title="bbox 116 2533 772 2584; baseline 0.006 -16"><span class='ocrx_word' id='word_1_214' title='bbox 116 2544 192 2584; x_wconf 86' lang='lat' dir='ltr'><em>que</em></span> <span class='ocrx_word' id='word_1_215' title='bbox 231 2534 387 2569; x_wconf 85' lang='lat' dir='ltr'><em>omnino</em></span> <span class='ocrx_word' id='word_1_216' title='bbox 426 2533 575 2570; x_wconf 83' lang='lat' dir='ltr'><strong>videtur</strong></span> <span class='ocrx_word' id='word_1_217' title='bbox 607 2537 772 2573; x_wconf 87' lang='lat' dir='ltr'><strong>msolens</strong></span> 
     </span>
     <span class='ocr_line' id='line_1_42' title="bbox 114 2587 774 2642; baseline 0.005 -17"><span class='ocrx_word' id='word_1_218' title='bbox 114 2588 228 2626; x_wconf 69' lang='lat' dir='ltr'><strong>fuisse</strong></span> <span class='ocrx_word' id='word_1_219' title='bbox 247 2587 349 2639; x_wconf 87' lang='lat' dir='ltr'><strong>apud</strong></span> <span class='ocrx_word' id='word_1_220' title='bbox 367 2595 524 2636; x_wconf 84' lang='lat' dir='ltr'><strong>veteres,</strong></span> <span class='ocrx_word' id='word_1_221' title='bbox 544 2602 669 2639; x_wconf 87' lang='lat' dir='ltr'><strong>naves,</strong></span> <span class='ocrx_word' id='word_1_222' title='bbox 682 2593 774 2642; x_wconf 87' lang='lat' dir='ltr'><em>quin</em></span> 
     </span>
     <span class='ocr_line' id='line_1_43' title="bbox 116 2645 777 2696; baseline 0.002 -14"><span class='ocrx_word' id='word_1_223' title='bbox 116 2657 272 2682; x_wconf 87' lang='lat' dir='ltr'><strong>omnem</strong></span> <span class='ocrx_word' id='word_1_224' title='bbox 292 2645 460 2692; x_wconf 85' lang='lat' dir='ltr'><strong>classem,</strong></span> <span class='ocrx_word' id='word_1_225' title='bbox 482 2659 549 2696; x_wconf 92' lang='lat' dir='ltr'><strong>per</strong></span> <span class='ocrx_word' id='word_1_226' title='bbox 568 2653 707 2682; x_wconf 81' lang='lat' dir='ltr'><strong>terram</strong></span> <span class='ocrx_word' id='word_1_227' title='bbox 728 2660 777 2684; x_wconf 82' lang='lat' dir='ltr'><strong>ex</strong></span> 
     </span>
     <span class='ocr_line' id='line_1_44' title="bbox 114 2700 777 2752; baseline 0.003 -15"><span class='ocrx_word' id='word_1_228' title='bbox 114 2713 193 2737; x_wconf 77' lang='lat' dir='ltr'><em>uno</em></span> <span class='ocrx_word' id='word_1_229' title='bbox 212 2714 316 2737; x_wconf 90' lang='lat' dir='ltr'><strong>mare</strong></span> <span class='ocrx_word' id='word_1_230' title='bbox 337 2700 384 2738; x_wconf 87' lang='lat' dir='ltr'><strong>ad</strong></span> <span class='ocrx_word' id='word_1_231' title='bbox 404 2702 564 2738; x_wconf 89' lang='lat' dir='ltr'><strong>alterum</strong></span> <span class='ocrx_word' id='word_1_232' title='bbox 584 2709 777 2752; x_wconf 84' lang='lat' dir='ltr'><strong>transpor—</strong></span> 
     </span>
     <span class='ocr_line' id='line_1_45' title="bbox 117 2757 777 2809; baseline 0.003 -16"><span class='ocrx_word' id='word_1_233' title='bbox 117 2763 221 2793; x_wconf 84' lang='lat' dir='ltr'>tare:</span> <span class='ocrx_word' id='word_1_234' title='bbox 261 2757 308 2794; x_wconf 88' lang='lat' dir='ltr'><em>de</em></span> <span class='ocrx_word' id='word_1_235' title='bbox 334 2770 410 2809; x_wconf 89' lang='lat' dir='ltr'><em>quo</em></span> <span class='ocrx_word' id='word_1_236' title='bbox 430 2758 528 2794; x_wconf 89' lang='lat' dir='ltr'><strong>bene</strong></span> <span class='ocrx_word' id='word_1_237' title='bbox 548 2771 670 2808; x_wconf 88' lang='lat' dir='ltr'>nuper</span> <span class='ocrx_word' id='word_1_238' title='bbox 689 2771 777 2796; x_wconf 89' lang='lat' dir='ltr'><em>mo—</em></span> 
     </span>
     <span class='ocr_line' id='line_1_46' title="bbox 118 2813 777 2866; baseline 0.008 -18"><span class='ocrx_word' id='word_1_239' title='bbox 118 2814 202 2849; x_wconf 86' lang='lat' dir='ltr'><em>nuit</em></span> <span class='ocrx_word' id='word_1_240' title='bbox 222 2813 265 2850; x_wconf 86' lang='lat' dir='ltr'><em>C.</em></span> <span class='ocrx_word' id='word_1_241' title='bbox 283 2815 326 2852; x_wconf 81' lang='lat' dir='ltr'><em>F.</em></span> <span class='ocrx_word' id='word_1_242' title='bbox 347 2814 431 2850; x_wconf 91' lang='lat' dir='ltr'><em>Keil</em></span> <span class='ocrx_word' id='word_1_243' title='bbox 452 2814 777 2866; x_wconf 87' lang='lat' dir='ltr'><strong>(Apologet.Ver-</strong></span> 
     </span>
    </p>

    <p class='ocr_par' dir='ltr' id='par_1_15' title="bbox 176 2870 486 2922">
     <span class='ocr_line' id='line_1_47' title="bbox 176 2870 486 2922; baseline 0.01 -17"><span class='ocrx_word' id='word_1_244' title='bbox 176 2870 398 2922; x_wconf 59' lang='lat' dir='ltr'><em>Heaongrr.</em></span> <span class='ocrx_word' id='word_1_245' title='bbox 419 2870 486 2908; x_wconf 85' lang='lat'><em>111.</em></span> 
     </span>
    </p>
   </div>
   <div class='ocr_carea' id='block_1_14' title="bbox 828 1211 1494 1493">
    <p class='ocr_par' dir='ltr' id='par_1_16' title="bbox 828 1211 1494 1493">
     <span class='ocr_line' id='line_1_48' title="bbox 828 1211 1493 1254; baseline 0.005 -4"><span class='ocrx_word' id='word_1_246' title='bbox 828 1211 946 1250; x_wconf 90' lang='lat' dir='ltr'><strong>suche</strong></span> <span class='ocrx_word' id='word_1_247' title='bbox 968 1214 1060 1250; x_wconf 74' lang='lat' dir='ltr'><strong>iiber</strong></span> <span class='ocrx_word' id='word_1_248' title='bbox 1081 1213 1118 1251; x_wconf 89' lang='lat' dir='ltr'><em>d.</em></span> <span class='ocrx_word' id='word_1_249' title='bbox 1137 1213 1290 1252; x_wconf 74' lang='lat' dir='ltr'><strong>Biicher</strong></span> <span class='ocrx_word' id='word_1_250' title='bbox 1310 1214 1348 1253; x_wconf 87' lang='lat' dir='ltr'><em>d.</em></span> <span class='ocrx_word' id='word_1_251' title='bbox 1370 1214 1493 1254; x_wconf 76' lang='lat' dir='ltr'><strong>Chro-</strong></span> 
     </span>
     <span class='ocr_line' id='line_1_49' title="bbox 829 1271 1493 1323; baseline 0.015 -18"><span class='ocrx_word' id='word_1_252' title='bbox 829 1271 903 1306; x_wconf 89' lang='lat' dir='ltr'><em>nic.</em></span> <span class='ocrx_word' id='word_1_253' title='bbox 932 1271 1103 1307; x_wconf 81' lang='lat' dir='ltr'><strong>Berolin.</strong></span> <span class='ocrx_word' id='word_1_254' title='bbox 1140 1272 1266 1321; x_wconf 81' lang='lat'>1833)</span> <span class='ocrx_word' id='word_1_255' title='bbox 1301 1285 1389 1323; x_wconf 80' lang='lat' dir='ltr'><em>pag.</em></span> <span class='ocrx_word' id='word_1_256' title='bbox 1411 1276 1493 1314; x_wconf 76' lang='lat'><em>302</em></span> 
     </span>
     <span class='ocr_line' id='line_1_50' title="bbox 829 1326 1492 1379; baseline 0.005 -17"><span class='ocrx_word' id='word_1_257' title='bbox 829 1326 1014 1363; x_wconf 83' lang='lat' dir='ltr'><em>Herodoti</em></span> <span class='ocrx_word' id='word_1_258' title='bbox 1034 1328 1096 1363; x_wconf 86' lang='lat' dir='ltr'><strong>ille</strong></span> <span class='ocrx_word' id='word_1_259' title='bbox 1113 1327 1270 1379; x_wconf 82' lang='lat' dir='ltr'><strong>quidem</strong></span> <span class='ocrx_word' id='word_1_260' title='bbox 1289 1330 1387 1366; x_wconf 85' lang='lat' dir='ltr'><strong>bene</strong></span> <span class='ocrx_word' id='word_1_261' title='bbox 1406 1342 1492 1365; x_wconf 86' lang='lat' dir='ltr'><strong>me—</strong></span> 
     </span>
     <span class='ocr_line' id='line_1_51' title="bbox 828 1383 1494 1437; baseline 0.008 -18"><span class='ocrx_word' id='word_1_262' title='bbox 828 1396 927 1424; x_wconf 84' lang='lat' dir='ltr'><strong>mor,</strong></span> <span class='ocrx_word' id='word_1_263' title='bbox 948 1405 1004 1411; x_wconf 89' lang='lat'>—</span> <span class='ocrx_word' id='word_1_264' title='bbox 1032 1383 1095 1421; x_wconf 88' lang='lat' dir='ltr'><strong>Ad</strong></span> <span class='ocrx_word' id='word_1_265' title='bbox 1126 1398 1260 1422; x_wconf 83' lang='lat' dir='ltr'><strong>vocem</strong></span> <span class='ocrx_word' id='word_1_266' title='bbox 1291 1385 1494 1437; x_wconf 81' lang='grc' dir='ltr'><em>ἐλαστρευ-</em></span> 
     </span>
     <span class='ocr_line' id='line_1_52' title="bbox 829 1438 1492 1493; baseline 0.002 -15"><span class='ocrx_word' id='word_1_267' title='bbox 829 1438 950 1490; x_wconf 82' lang='grc' dir='ltr'><em>μένας</em></span> <span class='ocrx_word' id='word_1_268' title='bbox 971 1441 1074 1478; x_wconf 86' lang='lat' dir='ltr'><em>conf.</em></span> <span class='ocrx_word' id='word_1_269' title='bbox 1099 1441 1274 1483; x_wconf 77' lang='lat' dir='ltr'><strong>Eustath.</strong></span> <span class='ocrx_word' id='word_1_270' title='bbox 1296 1442 1344 1479; x_wconf 82' lang='lat' dir='ltr'><strong>ad</strong></span> <span class='ocrx_word' id='word_1_271' title='bbox 1375 1444 1420 1479; x_wconf 91' lang='lat' dir='ltr'><em>Il.</em></span> <span class='ocrx_word' id='word_1_272' title='bbox 1454 1456 1492 1493; x_wconf 88' lang='lat' dir='ltr'><em>p.</em></span> 
     </span>
    </p>
   </div>
   <div class='ocr_carea' id='block_1_15' title="bbox 827 1498 1494 1602">
    <p class='ocr_par' dir='ltr' id='par_1_17' title="bbox 827 1498 1494 1602">
     <span class='ocr_line' id='line_1_53' title="bbox 831 1498 1494 1547; baseline 0 -12"><span class='ocrx_word' id='word_1_273' title='bbox 831 1498 953 1541; x_wconf 88' lang='grc'>1161,</span> <span class='ocrx_word' id='word_1_274' title='bbox 985 1499 1039 1537; x_wconf 87' lang='grc'><em>27</em></span> <span class='ocrx_word' id='word_1_275' title='bbox 1061 1511 1092 1534; x_wconf 79' lang='lat' dir='ltr'><strong>s-</strong></span> <span class='ocrx_word' id='word_1_276' title='bbox 1125 1500 1254 1547; x_wconf 86' lang='grc'>1219,</span> <span class='ocrx_word' id='word_1_277' title='bbox 1281 1498 1335 1539; x_wconf 82' lang='grc'><em>24</em></span> <span class='ocrx_word' id='word_1_278' title='bbox 1357 1506 1393 1536; x_wconf 86' lang='lat' dir='ltr'><strong>et</strong></span> <span class='ocrx_word' id='word_1_279' title='bbox 1411 1501 1494 1536; x_wconf 89' lang='lat' dir='ltr'><strong>He-</strong></span> 
     </span>
     <span class='ocr_line' id='line_1_54' title="bbox 827 1551 1139 1602; baseline 0.01 -14"><span class='ocrx_word' id='word_1_280' title='bbox 827 1551 952 1591; x_wconf 89' lang='lat' dir='ltr'><strong>rodot.</strong></span> <span class='ocrx_word' id='word_1_281' title='bbox 973 1554 1021 1602; x_wconf 87' lang='lat' dir='ltr'><em>H,</em></span> <span class='ocrx_word' id='word_1_282' title='bbox 1046 1553 1139 1595; x_wconf 90' lang='grc'>158.</span> 
     </span>
    </p>
   </div>
   <div class='ocr_carea' id='block_1_16' title="bbox 1041 1643 1282 1695">
    <p class='ocr_par' dir='ltr' id='par_1_18' title="bbox 1041 1643 1282 1695">
     <span class='ocr_line' id='line_1_55' title="bbox 1041 1643 1282 1695; baseline 0.012 -16"><span class='ocrx_word' id='word_1_283' title='bbox 1041 1643 1136 1695; x_wconf 81' lang='lat' dir='ltr'><em>cap.</em></span> <span class='ocrx_word' id='word_1_284' title='bbox 1156 1644 1282 1682; x_wconf 88' lang='lat' dir='ltr'><strong>XXV.</strong></span> 
     </span>
    </p>
   </div>
   <div class='ocr_carea' id='block_1_17' title="bbox 826 1719 1496 2171">
    <p class='ocr_par' dir='ltr' id='par_1_19' title="bbox 826 1719 1496 2171">
     <span class='ocr_line' id='line_1_56' title="bbox 844 1719 1492 1776; baseline 0.006 -16"><span class='ocrx_word' id='word_1_285' title='bbox 844 1760 847 1764; x_wconf 89' lang='grc'><em>,</em></span> <span class='ocrx_word' id='word_1_286' title='bbox 889 1719 1230 1774; x_wconf 74' lang='grc' dir='ltr'><em>παρασκευάζετο]</em></span> <span class='ocrx_word' id='word_1_287' title='bbox 1261 1724 1286 1761; x_wconf 86' lang='lat' dir='ltr'><em>i.</em></span> <span class='ocrx_word' id='word_1_288' title='bbox 1300 1737 1335 1761; x_wconf 90' lang='lat' dir='ltr'><em>e.</em></span> <span class='ocrx_word' id='word_1_289' title='bbox 1357 1721 1381 1764; x_wconf 79' lang='grc' dir='ltr'>ὁ</span> <span class='ocrx_word' id='word_1_290' title='bbox 1392 1722 1492 1776; x_wconf 81' lang='grc' dir='ltr'><em>Ξέρ-</em></span> 
     </span>
     <span class='ocr_line' id='line_1_57' title="bbox 831 1776 1495 1829; baseline 0.005 -15"><span class='ocrx_word' id='word_1_291' title='bbox 831 1777 913 1829; x_wconf 82' lang='grc' dir='ltr'><em>ξης,</em></span> <span class='ocrx_word' id='word_1_292' title='bbox 945 1780 997 1815; x_wconf 86' lang='lat' dir='ltr'><em>ita</em></span> <span class='ocrx_word' id='word_1_293' title='bbox 1015 1786 1059 1816; x_wconf 90' lang='lat' dir='ltr'><em>ut</em></span> <span class='ocrx_word' id='word_1_294' title='bbox 1078 1777 1126 1818; x_wconf 79' lang='grc' dir='ltr'><em>τοὶ</em></span> <span class='ocrx_word' id='word_1_295' title='bbox 1147 1776 1249 1820; x_wconf 75' lang='grc' dir='ltr'><em>ὅπλα</em></span> <span class='ocrx_word' id='word_1_296' title='bbox 1268 1782 1315 1817; x_wconf 86' lang='lat' dir='ltr'><em>sit</em></span> <span class='ocrx_word' id='word_1_297' title='bbox 1335 1793 1495 1817; x_wconf 87' lang='lat' dir='ltr'><strong>accusa-</strong></span> 
     </span>
     <span class='ocr_line' id='line_1_58' title="bbox 828 1835 1495 1874; baseline 0.004 -3"><span class='ocrx_word' id='word_1_298' title='bbox 828 1836 926 1872; x_wconf 84' lang='lat' dir='ltr'><strong>tivus</strong></span> <span class='ocrx_word' id='word_1_299' title='bbox 973 1836 1123 1873; x_wconf 80' lang='lat' dir='ltr'><strong>obiecti.</strong></span> <span class='ocrx_word' id='word_1_300' title='bbox 1194 1835 1282 1874; x_wconf 89' lang='lat' dir='ltr'><em>Vid.</em></span> <span class='ocrx_word' id='word_1_301' title='bbox 1321 1836 1495 1874; x_wconf 85' lang='lat' dir='ltr'><strong>Thomas</strong></span> 
     </span>
     <span class='ocr_line' id='line_1_59' title="bbox 826 1890 1494 1942; baseline 0.009 -16"><span class='ocrx_word' id='word_1_302' title='bbox 826 1892 931 1941; x_wconf 85' lang='lat' dir='ltr'><em>Mag.</em></span> <span class='ocrx_word' id='word_1_303' title='bbox 952 1905 1039 1942; x_wconf 83' lang='lat' dir='ltr'><em>pag.</em></span> <span class='ocrx_word' id='word_1_304' title='bbox 1062 1893 1157 1934; x_wconf 85' lang='grc'>652.</span> <span class='ocrx_word' id='word_1_305' title='bbox 1206 1893 1306 1930; x_wconf 86' lang='lat' dir='ltr'><em>Sunt</em></span> <span class='ocrx_word' id='word_1_306' title='bbox 1326 1907 1417 1931; x_wconf 87' lang='lat' dir='ltr'><strong>vero</strong></span> <span class='ocrx_word' id='word_1_307' title='bbox 1445 1890 1494 1932; x_wconf 68' lang='grc' dir='ltr'><em>τοὶ</em></span> 
     </span>
     <span class='ocr_line' id='line_1_60' title="bbox 827 1943 1496 1997; baseline -0.001 -10"><span class='ocrx_word' id='word_1_308' title='bbox 827 1943 931 1987; x_wconf 76' lang='grc' dir='ltr'><em>ὅπλα</em></span> <span class='ocrx_word' id='word_1_309' title='bbox 951 1955 993 1985; x_wconf 87' lang='lat' dir='ltr'><em>ut</em></span> <span class='ocrx_word' id='word_1_310' title='bbox 1012 1950 1081 1997; x_wconf 85' lang='lat' dir='ltr'><em>IX,</em></span> <span class='ocrx_word' id='word_1_311' title='bbox 1107 1948 1199 1990; x_wconf 79' lang='lat'><em>115.</em></span> <span class='ocrx_word' id='word_1_312' title='bbox 1225 1951 1317 1989; x_wconf 82' lang='lat'><em>121.</em></span> <span class='ocrx_word' id='word_1_313' title='bbox 1333 1950 1496 1988; x_wconf 79' lang='lat' dir='ltr'><strong>rudentes</strong></span> 
     </span>
     <span class='ocr_line' id='line_1_61' title="bbox 831 2001 1494 2057; baseline 0.003 -16"><span class='ocrx_word' id='word_1_314' title='bbox 831 2017 861 2041; x_wconf 88' lang='lat' dir='ltr'><em>s.</em></span> <span class='ocrx_word' id='word_1_315' title='bbox 882 2001 929 2042; x_wconf 66' lang='lat' dir='ltr'><em>m*</em></span> <span class='ocrx_word' id='word_1_316' title='bbox 949 2002 1047 2044; x_wconf 80' lang='grc' dir='ltr'><em>κατὰ</em></span> <span class='ocrx_word' id='word_1_317' title='bbox 1073 2002 1147 2056; x_wconf 78' lang='grc' dir='ltr'><em>τήν</em></span> <span class='ocrx_word' id='word_1_318' title='bbox 1172 2007 1276 2045; x_wconf 77' lang='grc' dir='ltr'><em>ναῦν</em></span> <span class='ocrx_word' id='word_1_319' title='bbox 1297 2007 1451 2057; x_wconf 89' lang='grc' dir='ltr'><em>σχοίνια</em></span> <span class='ocrx_word' id='word_1_320' title='bbox 1473 2020 1494 2043; x_wconf 88' lang='lat' dir='ltr'><strong>e</strong></span> 
     </span>
     <span class='ocr_line' id='line_1_62' title="bbox 831 2061 1494 2114; baseline 0.005 -17"><span class='ocrx_word' id='word_1_321' title='bbox 831 2061 946 2112; x_wconf 85' lang='lat' dir='ltr'><strong>byblo</strong></span> <span class='ocrx_word' id='word_1_322' title='bbox 958 2075 988 2102; x_wconf 77' lang='lat' dir='ltr'><strong>s,</strong></span> <span class='ocrx_word' id='word_1_323' title='bbox 1004 2075 1149 2114; x_wconf 81' lang='lat' dir='ltr'><strong>papyro</strong></span> <span class='ocrx_word' id='word_1_324' title='bbox 1163 2062 1324 2100; x_wconf 87' lang='lat' dir='ltr'><strong>confecti</strong></span> <span class='ocrx_word' id='word_1_325' title='bbox 1342 2062 1402 2112; x_wconf 88' lang='lat' dir='ltr'><em>(ut</em></span> <span class='ocrx_word' id='word_1_326' title='bbox 1411 2064 1494 2110; x_wconf 84' lang='lat' dir='ltr'>VII,</span> 
     </span>
     <span class='ocr_line' id='line_1_63' title="bbox 831 2118 1494 2171; baseline 0.002 -14"><span class='ocrx_word' id='word_1_327' title='bbox 831 2118 924 2167; x_wconf 83' lang='lat'>36);</span> <span class='ocrx_word' id='word_1_328' title='bbox 957 2118 1004 2155; x_wconf 92' lang='lat' dir='ltr'><em>de</em></span> <span class='ocrx_word' id='word_1_329' title='bbox 1025 2120 1102 2171; x_wconf 66' lang='lat' dir='ltr'><em>qua</em></span> <span class='ocrx_word' id='word_1_330' title='bbox 1122 2121 1252 2170; x_wconf 85' lang='lat' dir='ltr'><strong>planta</strong></span> <span class='ocrx_word' id='word_1_331' title='bbox 1273 2121 1376 2158; x_wconf 79' lang='lat' dir='ltr'><em>conf.</em></span> <span class='ocrx_word' id='word_1_332' title='bbox 1395 2127 1494 2158; x_wconf 82' lang='lat' dir='ltr'><em>nott.</em></span> 
     </span>
    </p>
   </div>
   <div class='ocr_carea' id='block_1_18' title="bbox 788 2173 1124 2223">
    <p class='ocr_par' dir='ltr' id='par_1_20' title="bbox 788 2173 1124 2223">
     <span class='ocr_line' id='line_1_64' title="bbox 788 2173 1124 2223; baseline 0.016 -13"><span class='ocrx_word' id='word_1_333' title='bbox 788 2195 791 2196; x_wconf 31' lang='grc' dir='ltr'><em>ν</em></span> <span class='ocrx_word' id='word_1_334' title='bbox 830 2173 878 2210; x_wconf 90' lang='lat' dir='ltr'><strong>ad</strong></span> <span class='ocrx_word' id='word_1_335' title='bbox 898 2176 945 2223; x_wconf 89' lang='grc' dir='ltr'><em>ΙΙ,</em></span> <span class='ocrx_word' id='word_1_336' title='bbox 968 2177 1034 2216; x_wconf 87' lang='grc'><em>92.</em></span> <span class='ocrx_word' id='word_1_337' title='bbox 1056 2178 1124 2217; x_wconf 88' lang='grc'><em>96.</em></span> 
     </span>
    </p>
   </div>
   <div class='ocr_carea' id='block_1_19' title="bbox 825 2252 1495 2866">
    <p class='ocr_par' dir='ltr' id='par_1_21' title="bbox 825 2252 1495 2866">
     <span class='ocr_line' id='line_1_65' title="bbox 884 2252 1494 2309; baseline 0.003 -17"><span class='ocrx_word' id='word_1_338' title='bbox 884 2252 953 2292; x_wconf 79' lang='grc' dir='ltr'><em>καὶ</em></span> <span class='ocrx_word' id='word_1_339' title='bbox 977 2254 1081 2294; x_wconf 86' lang='grc' dir='ltr'><em>σιτία</em></span> <span class='ocrx_word' id='word_1_340' title='bbox 1107 2256 1159 2309; x_wconf 80' lang='grc' dir='ltr'><em>τῇ</em></span> <span class='ocrx_word' id='word_1_341' title='bbox 1188 2257 1350 2309; x_wconf 76' lang='grc' dir='ltr'><em>στρατιῇ</em></span> <span class='ocrx_word' id='word_1_342' title='bbox 1372 2270 1494 2294; x_wconf 82' lang='grc' dir='ltr'><em>κατα-</em></span> 
     </span>
     <span class='ocr_line' id='line_1_66' title="bbox 827 2307 1494 2360; baseline 0 -12"><span class='ocrx_word' id='word_1_343' title='bbox 827 2307 1016 2360; x_wconf 88' lang='grc' dir='ltr'><em>βαλλειν]</em></span> <span class='ocrx_word' id='word_1_344' title='bbox 1058 2312 1139 2348; x_wconf 87' lang='lat' dir='ltr'><strong>scil.</strong></span> <span class='ocrx_word' id='word_1_345' title='bbox 1167 2310 1380 2360; x_wconf 78' lang='grc' dir='ltr'><em>ἒπιτάξας;</em></span> <span class='ocrx_word' id='word_1_346' title='bbox 1414 2315 1494 2349; x_wconf 89' lang='lat' dir='ltr'><strong>ius-</strong></span> 
     </span>
     <span class='ocr_line' id='line_1_67' title="bbox 825 2367 1494 2421; baseline 0.003 -18"><span class='ocrx_word' id='word_1_347' title='bbox 825 2367 873 2404; x_wconf 87' lang='lat' dir='ltr'><strong>sit</strong></span> <span class='ocrx_word' id='word_1_348' title='bbox 895 2368 1087 2405; x_wconf 84' lang='lat' dir='ltr'><em>frumenta</em></span> <span class='ocrx_word' id='word_1_349' title='bbox 1117 2367 1336 2419; x_wconf 85' lang='lat' dir='ltr'><strong>(adportari</strong></span> <span class='ocrx_word' id='word_1_350' title='bbox 1360 2369 1494 2421; x_wconf 86' lang='lat' dir='ltr'><strong>atque)</strong></span> 
     </span>
     <span class='ocr_line' id='line_1_68' title="bbox 829 2422 1495 2474; baseline 0.003 -14"><span class='ocrx_word' id='word_1_351' title='bbox 829 2422 989 2474; x_wconf 76' lang='lat' dir='ltr'><strong>deponi,</strong></span> <span class='ocrx_word' id='word_1_352' title='bbox 1020 2438 1069 2461; x_wconf 87' lang='lat' dir='ltr'><em>ne</em></span> <span class='ocrx_word' id='word_1_353' title='bbox 1088 2426 1191 2461; x_wconf 85' lang='lat' dir='ltr'><strong>fame</strong></span> <span class='ocrx_word' id='word_1_354' title='bbox 1210 2426 1397 2462; x_wconf 85' lang='lat' dir='ltr'><strong>laboraret</strong></span> <span class='ocrx_word' id='word_1_355' title='bbox 1428 2439 1495 2462; x_wconf 82' lang='lat' dir='ltr'><strong>ex-</strong></span> 
     </span>
     <span class='ocr_line' id='line_1_69' title="bbox 829 2482 1493 2519; baseline 0.003 -3"><span class='ocrx_word' id='word_1_356' title='bbox 829 2482 966 2517; x_wconf 87' lang='lat' dir='ltr'><strong>ercitus</strong></span> <span class='ocrx_word' id='word_1_357' title='bbox 996 2494 1074 2517; x_wconf 87' lang='lat' dir='ltr'><em>una</em></span> <span class='ocrx_word' id='word_1_358' title='bbox 1106 2494 1196 2518; x_wconf 86' lang='lat' dir='ltr'><em>cum</em></span> <span class='ocrx_word' id='word_1_359' title='bbox 1234 2483 1413 2519; x_wconf 76' lang='lat' dir='ltr'><strong>iumentis</strong></span> <span class='ocrx_word' id='word_1_360' title='bbox 1452 2483 1493 2518; x_wconf 89' lang='lat' dir='ltr'><em>in</em></span> 
     </span>
     <span class='ocr_line' id='line_1_70' title="bbox 829 2537 1494 2578; baseline 0.006 -6"><span class='ocrx_word' id='word_1_361' title='bbox 829 2537 1030 2574; x_wconf 84' lang='lat' dir='ltr'><strong>Graeciam</strong></span> <span class='ocrx_word' id='word_1_362' title='bbox 1051 2537 1246 2578; x_wconf 83' lang='lat' dir='ltr'><strong>ducendis.</strong></span> <span class='ocrx_word' id='word_1_363' title='bbox 1266 2561 1323 2565; x_wconf 97' lang='lat'><strong>—</strong></span> <span class='ocrx_word' id='word_1_364' title='bbox 1351 2538 1414 2575; x_wconf 90' lang='lat' dir='ltr'><strong>Ad</strong></span> <span class='ocrx_word' id='word_1_365' title='bbox 1433 2541 1494 2576; x_wconf 93' lang='grc' dir='ltr'><em>λι-</em></span> 
     </span>
     <span class='ocr_line' id='line_1_71' title="bbox 831 2588 1494 2645; baseline -0.002 -15"><span class='ocrx_word' id='word_1_366' title='bbox 831 2588 968 2645; x_wconf 80' lang='grc' dir='ltr'><em>μῄνειε</em></span> <span class='ocrx_word' id='word_1_367' title='bbox 978 2595 1078 2631; x_wconf 86' lang='lat' dir='ltr'><em>conf.</em></span> <span class='ocrx_word' id='word_1_368' title='bbox 1099 2596 1162 2640; x_wconf 85' lang='lat' dir='ltr'><em>VI,</em></span> <span class='ocrx_word' id='word_1_369' title='bbox 1177 2597 1244 2635; x_wconf 80' lang='grc'><em>28.</em></span> <span class='ocrx_word' id='word_1_370' title='bbox 1256 2616 1312 2622; x_wconf 83' lang='grc'>-</span> <span class='ocrx_word' id='word_1_371' title='bbox 1331 2596 1374 2631; x_wconf 88' lang='lat' dir='ltr'><em>In</em></span> <span class='ocrx_word' id='word_1_372' title='bbox 1388 2608 1494 2645; x_wconf 77' lang='lat' dir='ltr'><strong>seqq.</strong></span> 
     </span>
     <span class='ocr_line' id='line_1_72' title="bbox 831 2646 1494 2705; baseline 0.003 -21"><span class='ocrx_word' id='word_1_373' title='bbox 831 2647 880 2684; x_wconf 81' lang='lat' dir='ltr'><strong>ad</strong></span> <span class='ocrx_word' id='word_1_374' title='bbox 895 2646 1014 2689; x_wconf 81' lang='grc' dir='ltr'><em>ὀίλλον</em></span> <span class='ocrx_word' id='word_1_375' title='bbox 1027 2648 1125 2705; x_wconf 70' lang='grc' dir='ltr'><em>ἄλλῃ</em></span> <span class='ocrx_word' id='word_1_376' title='bbox 1136 2647 1366 2703; x_wconf 78' lang='grc' dir='ltr'><em>οῗγινέοντας</em></span> <span class='ocrx_word' id='word_1_377' title='bbox 1375 2652 1494 2686; x_wconf 79' lang='lat' dir='ltr'><strong>VVes-</strong></span> 
     </span>
     <span class='ocr_line' id='line_1_73' title="bbox 831 2705 1491 2756; baseline 0 -17"><span class='ocrx_word' id='word_1_378' title='bbox 831 2705 964 2756; x_wconf 85' lang='lat' dir='ltr'><strong>seling.</strong></span> <span class='ocrx_word' id='word_1_379' title='bbox 987 2713 1024 2743; x_wconf 86' lang='lat' dir='ltr'><strong>et</strong></span> <span class='ocrx_word' id='word_1_380' title='bbox 1042 2706 1253 2744; x_wconf 82' lang='lat' dir='ltr'><strong>Larcherus</strong></span> <span class='ocrx_word' id='word_1_381' title='bbox 1282 2707 1491 2743; x_wconf 76' lang='lat' dir='ltr'><strong>subintelli-</strong></span> 
     </span>
     <span class='ocr_line' id='line_1_74' title="bbox 831 2760 1492 2813; baseline 0.005 -15"><span class='ocrx_word' id='word_1_382' title='bbox 831 2768 927 2809; x_wconf 88' lang='lat' dir='ltr'>gunt</span> <span class='ocrx_word' id='word_1_383' title='bbox 967 2766 1077 2802; x_wconf 89' lang='grc' dir='ltr'><em>σῖτον</em></span> <span class='ocrx_word' id='word_1_384' title='bbox 1122 2760 1401 2813; x_wconf 72' lang='grc' dir='ltr'><em>ἀληλεσμένον,</em></span> <span class='ocrx_word' id='word_1_385' title='bbox 1452 2767 1492 2796; x_wconf 76' lang='lat' dir='ltr'><em>ut</em></span> 
     </span>
     <span class='ocr_line' id='line_1_75' title="bbox 830 2817 1000 2866; baseline -0.006 -8"><span class='ocrx_word' id='word_1_386' title='bbox 830 2817 911 2866; x_wconf 86' lang='lat' dir='ltr'>VII,</span> <span class='ocrx_word' id='word_1_387' title='bbox 931 2819 1000 2859; x_wconf 82' lang='grc'><em>23.</em></span> 
     </span>
    </p>
   </div>
   <div class='ocr_carea' id='block_1_20' title="bbox 1491 590 1763 751">
    <p class='ocr_par' dir='ltr' id='par_1_22' title="bbox 1491 590 1763 751">
     <span class='ocr_line' id='line_1_76' title="bbox 1494 590 1737 649; baseline 0.004 -33"><span class='ocrx_word' id='word_1_388' title='bbox 1494 590 1584 649; x_wconf 57' lang='lat' dir='ltr'><strong>Armla</strong></span> <span class='ocrx_word' id='word_1_389' title='bbox 1601 598 1656 624; x_wconf 79' lang='lat' dir='ltr'><em>pon</em></span> <span class='ocrx_word' id='word_1_390' title='bbox 1640 590 1737 617; x_wconf 64' lang='lat' dir='ltr'><em>ntibus</em></span> 
     </span>
     <span class='ocr_line' id='line_1_77' title="bbox 1491 623 1763 651; baseline -0.004 -1"><span class='ocrx_word' id='word_1_391' title='bbox 1491 623 1540 650; x_wconf 81' lang='lat' dir='ltr'><em>fac</em></span> <span class='ocrx_word' id='word_1_392' title='bbox 1578 624 1642 651; x_wconf 73' lang='lat' dir='ltr'><strong>ndis</strong></span> <span class='ocrx_word' id='word_1_393' title='bbox 1679 626 1763 650; x_wconf 52' lang='lat' dir='ltr'>(Wun-</span> 
     </span>
     <span class='ocr_line' id='line_1_78' title="bbox 1575 692 1649 717; baseline 0 0"><span class='ocrx_word' id='word_1_394' title='bbox 1575 692 1649 717; x_wconf 68' lang='grc' dir='ltr'><em>ὶΙυΓ</em></span> 
     </span>
     <span class='ocr_line' id='line_1_79' title="bbox 1585 725 1644 751; baseline 0 0"><span class='ocrx_word' id='word_1_395' title='bbox 1585 725 1644 751; x_wconf 68' lang='lat' dir='ltr'><em>iuml</em></span> 
     </span>
    </p>
   </div>
   <div class='ocr_carea' id='block_1_21' title="bbox 1492 792 1705 862">
    <p class='ocr_par' dir='ltr' id='par_1_23' title="bbox 1492 792 1705 862">
     <span class='ocr_line' id='line_1_80' title="bbox 1492 792 1705 819; baseline 0.005 -1.005"><span class='ocrx_word' id='word_1_396' title='bbox 1492 792 1563 819; x_wconf 73' lang='lat' dir='ltr'><em>Mat·</em></span> <span class='ocrx_word' id='word_1_397' title='bbox 1567 792 1632 818; x_wconf 83' lang='lat' dir='ltr'><strong>cmd</strong></span> <span class='ocrx_word' id='word_1_398' title='bbox 1648 801 1705 819; x_wconf 70' lang='lat' dir='ltr'><em>tam</em></span> 
     </span>
     <span class='ocr_line' id='line_1_81' title="bbox 1493 802 1642 862; baseline -0.014 -8"><span class='ocrx_word' id='word_1_399' title='bbox 1493 802 1642 862; x_wconf 67' lang='lat' dir='ltr'><strong>congesti,</strong></span> 
     </span>
    </p>
   </div>
   <div class='ocr_carea' id='block_1_22' title="bbox 1544 632 1742 718">
    <p class='ocr_par' dir='ltr' id='par_1_24' title="bbox 1544 632 1742 718">
     <span class='ocr_line' id='line_1_82' title="bbox 1544 632 1742 718; baseline 0.006 -35.112"><span class='ocrx_word' id='word_1_400' title='bbox 1544 632 1592 718; x_wconf 57' lang='grc' dir='ltr'><em>ΙΙΞΙΗ</em></span> <span class='ocrx_word' id='word_1_401' title='bbox 1631 660 1742 717; x_wconf 58' lang='lat' dir='ltr'><strong>exelrci</strong></span> 
     </span>
    </p>
   </div>
   <div class='ocr_carea' id='block_1_23' title="bbox 1494 700 1760 786">
    <p class='ocr_par' dir='ltr' id='par_1_25' title="bbox 1504 735 1760 786">
     <span class='ocr_line' id='line_1_83' title="bbox 1734 735 1760 750; baseline 0 0"><span class='ocrx_word' id='word_1_402' title='bbox 1734 735 1760 750; x_wconf 78' lang='grc' dir='ltr'><em>ΙἸ</em></span> 
     </span>
     <span class='ocr_line' id='line_1_84' title="bbox 1494 700 1734 786; baseline 0.005 -2.046"><span class='ocrx_word' id='word_1_403' title='bbox 1494 733 1523 784; x_wconf 64' lang='grc' dir='ltr'><em>ἸΞ</em></span> <span class='ocrx_word' id='word_1_404' title='bbox 1528 759 1659 786; x_wconf 54' lang='lat' dir='ltr'><em>hta-ciam</em></span> <span class='ocrx_word' id='word_1_405' title='bbox 1643 700 1734 785; x_wconf 48' lang='grc'><em>3331611</em></span> 
     </span>
    </p>
   </div>
   <div class='ocr_carea' id='block_1_24' title="bbox 1846 0 1897 1646">
    <p class='ocr_par' dir='ltr' id='par_1_26' title="bbox 1846 0 1897 1646">
     <span class='ocr_line' id='line_1_85' title="bbox 1846 0 1897 1646; baseline 0 0"><span class='ocrx_word' id='word_1_406' title='bbox 1846 0 1897 1646; x_wconf 95' lang='lat' dir='ltr'><em> </em></span> 
     </span>
    </p>
   </div>
   <div class='ocr_carea' id='block_1_25' title="bbox 1860 2261 1897 2622">
    <p class='ocr_par' dir='ltr' id='par_1_27' title="bbox 1860 2261 1897 2622">
     <span class='ocr_line' id='line_1_86' title="bbox 1860 2261 1897 2622; baseline 0 718"><span class='ocrx_word' id='word_1_407' title='bbox 1860 2261 1897 2622; x_wconf 95' lang='lat' dir='ltr'><em> </em></span> 
     </span>
    </p>
   </div>
  </div>
 </body>
</html>
