1897 3340
0 955 113 1001 1152

500 150 972 190 POLYMNIA.
1032 149 1130 185 VII.

156 263 297 307 Ξὲτεσι
332 261 519 317 ὕστερον
558 260 795 318 γενόμενον
830 257 1011 302 τούτων.

1368 158 1446 196 (ΠΙ

1080 261 1224 314 τυχεῖν
1263 259 1309 301 ἐν
1338 264 1450 306 Σού4

154 338 302 375 δσοισι
340 336 454 391 τοῖσι
493 331 788 386 Μεμνονίοισι
823 326 974 378 ἐόντας
1012 326 1162 380 ἑτέρου
1201 325 1452 381 πρήγματος

182 401 326 442 εἵνεκα
355 397 564 455 ἀγγέλους
582 396 840 453 Ἀθηναίων,
869 396 1066 452 Καλλίην
1088 411 1132 438 τε
1154 393 1233 438 τὸν
1257 394 1450 439 Ἵππονίἢ

182 484 288 516 κου,
329 467 403 510 καὶ
444 466 551 517 τούς
581 464 686 521 μετὰ
714 462 880 507 τούτου
907 461 1174 519 ἀναβάντας.
1230 460 1451 519 Ἀργείους

183 537 255 589 δὲ,
296 536 375 579 τὸν
411 534 546 578 αὐτὸν
585 536 745 576 τοῦτον
775 531 938 587 χρόνον
966 531 1218 588 πέμψαντας
1246 531 1322 575 καὶ
1348 532 1506 576 τού-35

182 621 286 655 τους
335 604 380 656 ἐς
417 605 572 646 Σοῦσα
606 599 840 656 ἀγγέλους,
872 602 1056 656 εἰρωτᾶν
1075 599 1348 656 Ἀρταξέρξεα
1375 603 1453 646 τόν

183 672 349 727 Ξέρξεω
379 673 446 723 ,,εἱ’
464 681 544 725 σφι
574 669 635 713 ἔτι
665 669 835 724 ἐμμένει
863 668 943 725 τήν
970 669 1080 724 πρὸς
1109 669 1272 724 ,Ξέρξεα
1301 672 1453 728 φιλίην

183 738 574 793 ,,συνεκερὰσαντο,
605 737 633 793 ἢ
662 738 913 793 νομιζοίατο
933 736 1045 791 πρὸς
1069 737 1211 781 αὐτοῦ
1234 736 1347 782 εἶναι
1374 754 1451 783 πο·

154 807 408 864 4,,λὲμιοι.“
459 805 640 863 βασιλέα
677 806 724 849 δὲ
754 804 1033 860 Ἀρταξέρξεα
1072 804 1297 861 ,,μάλιστα
1328 807 1453 862 ἐμμέ-

180 879 342 929 ,,νειν,“
376 874 529 932 φάναι,
559 875 662 928 „uoci
693 871 904 930 οὐδεμίαν
918 875 1112 929 νομίζειν
1126 874 1257 919 πόλιν
1273 874 1454 930 ’Ἄργεος

181 944 511 1001 ,,φιλιωτὲρην.“

602 944 659 985 Εἰ
705 943 782 999 μέν
827 958 912 986 νυν
949 942 1110 998 Ξέρξης
1147 957 1192 985 τε
1233 941 1507 1000 οἷπέπεμψε9ο

1507 969 1566 996 hac
1584 970 1622 998 de
1640 979 1676 999 re
1693 971 1737 998 vi-

1509 1003 1626 1034 dentur.

180 1016 319 1056 ταῦτα
351 1012 536 1067 λέγοντα
571 1010 744 1068 κήρυκα
773 1012 816 1063 ἐς
837 1011 1021 1068 Ἄργος,
1048 1011 1123 1054 καὶ
1143 1010 1349 1066 Ἀργείων
1377 1012 1453 1069 ἄγ-

180 1084 301 1136 γελοι
339 1077 579 1136 ἀναβάντες
619 1080 661 1131 ἐς
702 1083 858 1123 Σοῦσα
897 1077 1144 1136 ἐπειρώτων
1181 1079 1453 1136 Ἀρταξέρξεα

180 1148 280 1204 περὶ
321 1149 490 1204 φιλίης,
538 1146 620 1193 οὐκ
662 1149 740 1204 ἔχω
771 1147 984 1204 ἀτρεκέως
1023 1145 1166 1192 εἶπαι·
1213 1148 1317 1193 οὐδὲ
1355 1165 1454 1193 τινα

125 1371 154 1396 s.
175 1358 330 1410 Olymp.
350 1359 418 1405 88,
439 1354 479 1396 4.
508 1356 787 1407 Wesselingius

124 1413 222 1452 haec
233 1427 323 1452 cum
337 1415 492 1465 Olymp.
507 1416 573 1461 82,
586 1412 610 1454 4
623 1427 790 1451 concur-

124 1485 208 1509 rere
221 1473 272 1509 ait
291 1473 332 1508 iu
351 1470 466 1508 Diod.
486 1472 574 1519 XII,
596 1469 635 1511 4.
676 1470 788 1516 Quod

124 1542 215 1567 vero
245 1527 349 1566 hunc
390 1529 549 1565 Calliam
589 1528 787 1565 Cimoniae

126 1587 229 1637 pacis
260 1592 455 1623 auctorem
483 1584 628 1622 habent
662 1598 787 1638 eoque

123 1643 293 1680 referunt
311 1643 500 1694 scriptoris
519 1643 646 1680 Nostri
671 1644 788 1680 verba

123 1698 259 1752 ἑτέρου
270 1698 501 1753 πρήγματος
511 1697 787 1763 εἵνεκαᾼιεωᾶ-

125 1769 320 1809 quaquam
328 1764 430 1794 recte
444 1758 589 1794 faciunt
604 1757 702 1793 bene
715 1758 787 1795 ob-

124 1821 299 1851 servante
320 1814 363 1850 C.
385 1815 432 1851 G.
452 1815 615 1864 Kriiger.
634 1814 674 1850 in
690 1814 788 1851 See-

124 1869 217 1909 bod.
246 1868 392 1908 Archiv
420 1869 586 1921 (1824)
607 1871 625 1906 I
644 1884 683 1921 p.
704 1873 787 1911 210

124 1940 206 1979 seq.
245 1929 381 1979 Neque
398 1927 501 1963 enim
517 1925 564 1963 de
584 1928 679 1964 tanti
698 1940 788 1964 mo-

124 1984 247 2021 menti
276 1998 318 2021 re
346 1984 577 2035 Graecisque
605 1984 693 2035 ipsis
709 1991 790 2021 tam

125 2042 301 2092 gloriosa,
323 2041 444 2093 qualis
468 2041 539 2077 fuit
558 2054 636 2092 pax
657 2042 792 2078 Cimo-

125 2099 203 2143 nia,
228 2097 470 2135 Herodotum
495 2096 570 2134 hoc
590 2097 709 2135 modo
730 2099 792 2135 lo-

126 2161 260 2192 cutum
281 2168 360 2192 esse
380 2154 560 2192 credibile
580 2162 656 2204 est,
681 2168 790 2192 eam—

128 2223 203 2263 que
222 2209 280 2247 his
299 2212 422 2248 verbis
448 2209 582 2264 ἑτέρου
601 2209 789 2264 πρήγμα-

126 2281 194 2314 τος
222 2266 354 2306 εἵνεκα
384 2267 510 2319 (quae
547 2267 646 2305 nihjl
684 2269 789 2307 aliud

127 2322 322 2361 declarant
359 2324 432 2360 nisi
471 2323 565 2361 alius
603 2327 787 2365 cuiusdam

125 2382 391 2430 negotiicausa,
409 2378 514 2432 quod
535 2379 583 2416 ad
602 2393 686 2418 rem
700 2396 789 2420 mo-

128 2435 178 2475 do
198 2445 390 2475 narratam
411 2437 574 2473 minime
593 2438 791 2486 pertinue-

127 2493 200 2545 rit)
230 2502 312 2532 tam
350 2495 471 2531 obiter
509 2491 707 2531 indicasse.
735 2515 791 2523 —

127 2551 186 2588 De
219 2551 325 2590 Susis
352 2549 563 2588 Memnoniis
581 2548 659 2586 vid.
681 2550 792 2588 allata

129 2606 179 2645 ad
195 2609 242 2657 V,
264 2608 332 2649 53.
353 2606 421 2649 54.
476 2606 571 2643 Mox
588 2607 731 2657 scripsi,
745 2613 790 2644 ut

130 2676 191 2716 cp-
215 2666 308 2713 152,
326 2660 593 2715 Ἀρταξέρξεα
612 2676 682 2714 pro
691 2658 788 2715 Ἀρ-

129 2733 180 2760 το
193 2720 324 2773 ξέρξεα
345 2720 412 2771 (de
433 2733 510 2773 quo
530 2718 609 2758 vid.
629 2726 726 2757 nott.
738 2719 788 2757 ad

130 2777 194 2827 VI,
213 2780 299 2825 98)
332 2785 369 2815 et
397 2775 560 2829 βασιλέα
577 2789 646 2828 pro
670 2776 787 2828 βασι-

843 1358 935 1408 λῆα.
951 1378 1000 1384 -
1030 1355 1095 1394 Ad
1114 1357 1277 1395 verbum
1293 1353 1509 1409 συνεκερά-

847 1425 968 1453 σαντο
989 1415 1091 1451 conf.
1121 1422 1218 1453 nott.
1241 1413 1290 1451 ad
1320 1414 1383 1462 IV,
1414 1414 1507 1455 152.

845 1471 1000 1517 Quaerit
1029 1478 1159 1509 autem
1177 1471 1217 1511 h.
1246 1473 1272 1509 l.
1292 1470 1507 1519 Bekkerus,

844 1541 894 1565 an
935 1528 1147 1579 legendum
1185 1530 1232 1566 sit
1265 1527 1423 1580 ἐμμένει
1456 1530 1508 1582 τῇ

843 1582 945 1637 πρός
985 1585 1129 1639 Ξέρξεα
1157 1586 1310 1640 φιλίῃ
1346 1597 1508 1625 συνεκε-

843 1640 1032 1695 ροῖσαντο.

1061 1733 1155 1785 cap.
1176 1733 1288 1771 CLII.

901 1808 975 1852 οὐκ
1016 1810 1089 1864 ἔχω
1129 1807 1324 1863 οἷτρεκὲως
1368 1809 1505 1862 εἶπαι]

845 1870 955 1910 Couf.
976 1870 1022 1917 V,
1045 1872 1070 1910 9
1091 1869 1222 1920 ibique
1248 1871 1374 1908 allata.
1412 1871 1508 1908 Mox

845 1939 916 1978 pro
949 1921 1100 1966 αὐτέων
1123 1925 1211 1963 dedi
1233 1922 1379 1965 αὐτῶν.
1402 1926 1508 1972 Quae

845 1990 1058 2036 sequuntur
1068 1981 1277 2034 ἐπίσταμαι
1289 1980 1332 2022 δὲ
1342 1986 1508 2024 τοσοῦτο

846 2056 884 2079 κ.
897 2055 930 2079 τ.
942 2043 976 2080 λ.
991 2041 1097 2090 attigi
1110 2042 1149 2076 in
1159 2047 1255 2079 nott.
1267 2039 1314 2077 ad
1327 2041 1508 2088 VII,150.

846 2098 1052 2148 Descripsit
1081 2097 1299 2134 Herodotea
1321 2097 1509 2135 Stobaeus

847 2155 975 2195 Serm.
985 2154 1108 2191 XCVI
1128 2154 1364 2204 (XCVHI),
1386 2152 1440 2194 74
1466 2168 1508 2205 p.

847 2211 929 2252 536
952 2212 1022 2261 (T.
1046 2213 1100 2248 ΙΙΙ
1120 2226 1157 2262 p.
1178 2213 1260 2252 298
1282 2211 1399 2248 Gaisf.
1420 2212 1507 2251 coll.

845 2268 946 2305 CVII
977 2269 1078 2317 [CV]
1111 2271 1136 2309 9
1156 2281 1245 2319 pag.
1267 2271 1349 2309 372
1371 2268 1509 2318 Gaisf.)

843 2326 1122 2376 Wesseliflgius
1143 2338 1298 2377 quoque
1316 2324 1392 2362 huc
1413 2339 1510 2363 con-

846 2382 919 2420 fert
939 2381 1146 2434 Pythagor.
1159 2383 1205 2420 fr.
1230 2381 1332 2433 apud
1344 2383 1508 2419 Galeum

847 2452 888 2489 p-
912 2442 1009 2479 716.
1065 2441 1123 2476 Ac
1142 2440 1241 2476 bene
1266 2438 1508 2477 Valckenae-

848 2495 946 2532 rius:
978 2524 1002 2543 „
1015 2496 1217 2534 Obscurius
1246 2495 1294 2533 de
1323 2495 1506 2533 industrIa

848 2551 1010 2602 loquens
1025 2552 1267 2601 (Herodotus
1282 2554 1299 2604 )
1320 2551 1507 2602 siguifica-

846 2614 930 2644 tum
949 2609 1081 2657 voluit,
1112 2611 1268 2661 opinor,
1291 2608 1442 2661 quosvis
1462 2619 1506 2643 a-

843 2665 913 2701 lios
934 2666 1115 2703 Graeciae
1133 2667 1294 2718 populos
1309 2677 1353 2701 ea
1371 2664 1504 2700 fecisse

842 2733 1146 2775 nonnunquam,
1168 2736 1265 2776 quae
1285 2721 1501 2770 graviorem

843 2777 1180 2830 reprehensionem
1251 2783 1502 2823 mererentur,

1511 934 1590 968 Quid
1608 936 1768 966 Herodoto
