1897 3340
246 620 345 667 128

73 681 162 708 Proct
183 691 237 717 per
262 693 317 712 an-

73 723 165 742 nuum
183 719 314 751 spatium

72 747 203 783 Sicyone
219 752 346 789 detenti,

72 783 226 823 variisque
250 785 346 814 modia

72 819 192 844 tentati.
230 818 329 846 Maxi-

71 857 119 875 me
139 851 304 884 probantur

72 882 288 912 Athenienses:

71 917 168 950 magis
188 923 295 945 tamen·
304 919 347 945 al-

71 954 138 976 tcro
166 950 323 987 Hippocli-

0 998 7 1014 μ
72 984 135 1011 des.

408 184 493 224 4⁰⁶

806 185 1267 222 HERODOTI

408 288 527 343 παρά
557 291 756 344 Κροῖσον
785 289 1078 347 ἀπικομένου,
1117 293 1188 336 καὶ
1218 294 1350 346 ἄλλος
1373 293 1669 352 Ἱπποκλείδης

411 356 680 411 Τισάνδρου,
709 360 884 416 πλούτῳ
914 362 986 404 καὶ
1016 363 1120 405 εἴδει·
1147 362 1386 417 προφέρων
1413 362 1667 420 Ἀθηναίων.

378 424 496 468 5άπὸ
535 425 581 468 δὲ
613 423 852 484 Ἐρετρίης,
903 427 1118 485 ἀνθεύσης
1167 434 1327 473 τοῦτον
1378 428 1458 473 τόν
1494 432 1666 487 χρόνον,

406 495 649 549 Λυσανίης·
689 488 818 545 οὗτος
859 496 906 539 δὲ
944 495 1020 540 ἀπ’

1064 496 1257 553 Εὐβοίης
1296 501 1474 552 μοῦνος.
1534 499 1580 543 ἐκ
1620 502 1722 544 δὲ75

409 563 645 618 Θεσσαλίης
673 556 781 617 ἦλθε
810 566 898 605 τῶν
930 565 1197 609 Σκοπαδέων
1225 566 1519 622 Διακτορίδης
1548 569 1667 622 Κρα-

402 627 581 680 νώνιος·
621 629 666 671 ἐκ
706 629 752 672 δὲ
792 633 1066 685 Μολοσσῶν,
1100 632 1282 676 Ἄλκων.

1344 637 1558 678 Τοσοῦτοι
1587 636 1666 691 μὲν

407 696 606 751 ἐγένοντο
638 698 682 740 οἱ
717 703 968 754 μνηστῆρες.
1022 699 1313 756 Ἀπικομένων
1351 701 1397 745 δὲ
1424 700 1595 746 τούτων
1625 703 1666 755 ἐς

402 764 484 819 τήν
514 765 831 821 προειρημένην
854 765 1043 824 ἡμέρην,
1073 767 1096 811 ὁ
1117 768 1383 824 Κλεισθένης
1410 773 1561 823 πρῶτα
1589 771 1669 825 μὲν
1725 762 1806 806 498

403 830 480 882 τοὶς
507 829 674 886 πάτρας
701 849 746 877 τε
767 833 914 878 αὐτῶν
935 835 1191 889 ἀνεπύθετο,
1221 839 1295 882 καὶ
1313 840 1438 893 γένος
1461 839 1647 883 ἑκάστου
1662 848 1723 880 ·80

406 897 511 954 μετά
542 899 610 949 δὲ,
649 900 841 957 κατέχων
870 902 1093 958 ἐνιαυτόν,
1134 907 1375 959 διεπειρᾶτο
1412 905 1561 950 αὐτῶν
1589 911 1666 963 τῆς

405 982 450 1009 τε
480 965 798 1024 ἀνδραγαθίης,
839 971 913 1014 καὶ
941 975 1015 1026 τῆς
1045 968 1199 1028 ὀργῆς,
1241 974 1316 1017 καὶ
1341 973 1594 1026 παιδεύσιός
1621 991 1666 1018 τε

402 1033 474 1076 καὶ
503 1033 690 1089 τρόπου·
730 1037 804 1080 καὶ
833 1035 898 1080 ἑνὶ
926 1035 1089 1098 ἑκάστῳ
1129 1039 1211 1084 ἰῶν
1249 1042 1292 1093 ἐς
1320 1043 1563 1098 συνουσίην
1591 1042 1665 1085 καὶ

403 1100 640 1157 συνάπασι,
671 1105 744 1146 καὶ
774 1104 817 1156 ἐς
844 1104 1068 1160 γυμνάσιά
1099 1123 1142 1150 τε
1173 1108 1404 1163 ἐξαγινέων
1435 1106 1533 1152 ὅσοι
1553 1105 1665 1165 ἦσαν
1678 1115 1720 1149 85

340 1320 421 1356 'Pro
458 1320 589 1360 Παίου
614 1323 716 1359 male
745 1324 831 1361 libri
861 1326 1006 1378 aliquot

347 1371 510 1428 Πάγου,
553 1378 744 1416 Sanc-roffi
783 1381 879 1418 liber
901 1384 1005 1421 Παι-

347 1428 546 1481 ουπόλιος,
558 1435 660 1472 unde
670 1438 776 1474 Paw.
796 1439 1006 1489 suspicatus

350 1496 428 1525 erat
442 1489 754 1540 Παλαιοπόλιος.
811 1495 895 1545 Ipsa
915 1496 1004 1533 urbs

347 1543 395 1581 ad
414 1545 613 1583 Ladonem
633 1549 796 1586 fluvitun
814 1552 855 1587 in
876 1565 920 1588 ea
929 1553 1005 1588 Ar—

345 1600 475 1638 cadiae
503 1611 609 1652 parte
631 1605 875 1655 occidentali,
905 1621 1004 1659 quae

343 1656 391 1694 ad
410 1659 597 1697 Azaniam
615 1669 755 1699 terram
776 1663 869 1712 (vid.
891 1666 1004 1701 Man-

346 1721 440 1752 nert.
464 1716 549 1752 VIII
569 1731 604 1767 p.
626 1718 727 1769 429)
758 1721 1001 1769 referebatur,

344 1778 533 1809 exstructa
542 1773 670 1811 fertur.
684 1776 874 1828 Reliquias
889 1790 1003 1830 quas-

346 1826 437 1864 dam
467 1840 744 1869 commemorat
770 1834 881 1872 Paus.
903 1836 1002 1883 VIII,

343 1886 409 1931 23,
432 1886 468 1924 6.
489 1907 545 1913 ——
583 1887 646 1925 Ad
676 1891 934 1927 narrationem
954 1890 1002 1928 de

342 1941 532 1979 DioscuriS
541 1941 704 1996 hospitio
713 1949 872 1998 receptis
882 1949 1001 1986 Wes-

343 1997 477 2047 seliug.
499 2001 645 2039 confert
664 2003 827 2040 similem
847 2006 1001 2042 Plutar-

341 2051 403 2088 chi
423 2055 458 2088 II
472 2068 511 2105 p.
536 2059 641 2098 1103
661 2059 708 2096 A.
729 2058 777 2096 de
796 2060 1002 2098 Phormio-

341 2121 391 2144 ne
424 2110 633 2160 Spartano,
663 2116 729 2166 qui
759 2124 796 2153 et
815 2118 895 2167 ipse
917 2119 1000 2154 illos

342 2168 532 2216 excepisse
553 2167 759 2208 dicebatur.
801 2169 999 2212 Pro'Ovo·

340 2219 483 2270 μαστὸς
505 2225 662 2263 siebelis
684 2226 732 2263 ad
761 2229 923 2266 Pausan.
953 2231 997 2277 V,

340 2280 365 2318 8
388 2279 426 2322 §.
449 2280 473 2317 3
497 2280 633 2330 refingi
660 2284 741 2320 vult
759 2279 1000 2336 Ὀνόμαστος

341 2340 500 2370 accentu
519 2344 691 2376 retracto.

399 2388 557 2445 πλούτῳ
579 2392 646 2432 καὶ
670 2395 768 2434 εἴδεϊ
784 2395 999 2448 προφέρων

340 2442 602 2498 Ἀθηναίων]
631 2451 657 2488 i.
672 2465 702 2488 e.
724 2452 861 2490 devitiis
876 2457 909 2490 ct
922 2467 1000 2490 cor-

339 2505 434 2552 poris
447 2504 548 2554 facie
572 2506 813 2558 (venustate)
838 2523 926 2558 prae
946 2524 999 2547 ce-

342 2563 423 2596 teris
445 2561 710 2602 Atheniensibus
730 2566 907 2603 excellens.
941 2569 999 2603 De

341 2623 526 2655 structura
547 2621 651 2657 verbi
672 2620 890 2673 προφέρειν
911 2637 998 2660 mo-

342 2674 493 2710 nuimus
515 2674 563 2711 ad
583 2677 611 2723 1,
638 2680 655 2717 1
673 2691 683 2723 ς
714 2677 761 2714 de
778 2692 870 2715 voce
892 2676 996 2727 εἶδος

341 2730 441 2766 conf.
467 2732 564 2778 VIII,
599 2734 689 2774 105.
730 2738 819 2774 113.
849 2737 877 2782 I,
904 2738 993 2776 199.

340 2788 395 2822 De
409 2786 587 2825 Tisaudri
608 2796 722 2842 utque
743 2791 992 2842 Hippot-lidae

1061 1332 1176 1375 gente
1197 1323 1368 1364 Schultz.
1383 1339 1472 1378 pag.
1487 1330 1532 1368 11
1549 1340 1627 1379 seq.
1641 1335 1720 1365 not.

1061 1385 1114 1422 26
1144 1383 1232 1419 citat
1262 1383 1450 1420 Hellanici
1483 1384 1663 1434 fragmm.
1682 1398 1722 1435 p.

1061 1439 1116 1479 50
1143 1452 1247 1491 seqq.
1279 1439 1403 1477 Sturz.
1435 1439 1484 1477 ad
1510 1439 1721 1492 Pherecyd.

1060 1495 1240 1545 fragium.
1261 1509 1299 1546 p.
1331 1498 1384 1535 99
1405 1496 1462 1535 ed.
1476 1498 1604 1547 prior„
1625 1499 1722 1534 Lar—

1061 1550 1221 1588 cherum
1255 1553 1424 1603 aliosque
1452 1556 1590 1590 merito
1619 1555 1721 1591 vitu-

1061 1620 1208 1658 perans,
1222 1607 1325 1660 quod
1335 1608 1602 1659 Hippoclidam
1616 1609 1719 1647 hunc

1059 1665 1199 1701 faciant
1236 1677 1352 1702 avum
1389 1664 1568 1703 Miltiadis
1605 1667 1718 1713 illius,

1061 1722 1124 1772 qui
1156 1734 1189 1758 a.
1222 1719 1310 1758 Chr.
1332 1734 1372 1758 n.
1401 1722 1484 1763 560
1504 1720 1718 1760 Chersone-

1059 1790 1145 1814 sum
1176 1776 1399 1816 condiderit.
1456 1779 1556 1815 Nam
1596 1779 1719 1817 obstat

1058 1840 1278 1885 temporum
1306 1835 1424 1881 ratio,
1445 1847 1535 1871 clun
1555 1836 1718 1872 minime

1057 1891 1105 1928 sit
1123 1891 1203 1928 veri
1221 1891 1364 1939 simile,
1395 1903 1496 1940 eum,
1528 1893 1596 1945 qui
1615 1905 1717 1930 anno

1060 1947 1144 1988 576
1173 1948 1235 1986 vel
1265 1948 1347 1988 570
1380 1948 1481 1984 inter
1519 1949 1717 1998 Agaristae

1058 2017 1193 2054 procos
1214 2004 1387 2055 apparuit
1414 2005 1579 2056 satisque
1605 2006 1717 2043 iuve-

1061 2061 1187 2096 niliter
1206 2073 1246 2097 se
1265 2061 1403 2110 gessit,
1433 2068 1614 2110 nepotem
1644 2061 1718 2099 ha-

1058 2116 1197 2164 buisse,
1230 2118 1296 2168 qui
1317 2115 1450 2153 decem
1467 2124 1531 2154 aut
1550 2117 1717 2156 sedecim

1056 2179 1140 2222 post
1171 2174 1278 2209 anuis
1312 2171 1590 2211 Chersonesum
1620 2188 1717 2212 con—

1056 2228 1205 2265 diderit.
1225 2250 1281 2256 ——
1301 2230 1359 2265 De
1391 2228 1578 2280 Scopaclis,
1599 2239 1715 2281 gente

1054 2298 1122 2335 per
1142 2284 1379 2322 Thessaliam
1407 2288 1640 2324 nobilissima
1671 2301 1715 2325 ac

1055 2341 1235 2378 ditissima
1255 2340 1430 2380 Schultz.
1456 2344 1483 2381 Ι.
1510 2344 1535 2381 1.
1556 2357 1645 2394 pag.
1663 2347 1715 2386 12

1055 2405 1133 2435 not.
1165 2402 1218 2440 28
1247 2399 1357 2449 plura
1387 2401 1495 2437 citat:
1537 2401 1714 2438 Perizon.

1056 2453 1104 2491 ad
1114 2455 1261 2491 Aelian.
1275 2456 1319 2492 V.
1331 2457 1378 2492 H.
1391 2457 1477 2505 XII,
1493 2459 1526 2496 1.
1539 2456 1714 2494 Boeckh.

1055 2512 1259 2562 Explicatt.
1287 2511 1335 2548 ad
1355 2513 1511 2550 Pindar.
1544 2513 1657 2565 Pyth.
1673 2515 1712 2551 X

1056 2581 1142 2618 pag.
1175 2571 1254 2609 333
1277 2582 1356 2621 seq.

1225 2659 1317 2710 Cap.
1334 2658 1541 2697 cxxvlu.

1107 2732 1375 2787 Ἀπικομένων
1388 2735 1430 2777 δὲ
1442 2733 1711 2787 τούτων]τού-

1052 2808 1128 2832 των
1150 2801 1185 2830 et
1207 2789 1340 2834 αὐτῶν
1359 2793 1448 2831 dedi
1467 2807 1535 2846 pro
1557 2790 1709 2834 αὐτέων
