1897 3340
483 234 956 277 POLYMNIA.
1017 234 1118 274 Vll.

1360 240 1446 278 555

180 349 310 402 (διξοὶ
358 348 441 404 γὰρ
491 349 544 403 δη
584 343 936 401 ἐστρατεύοντο,)
967 340 1309 398 προσετετάχατο
1333 350 1447 388 τοῖσι

178 416 371 469 Ἰνδοῖσι,
410 413 744 466 διαλλάσσοντες
789 409 905 464 εἶδος
943 411 1024 468 μὲν
1056 409 1188 456 οὐδὲν
1216 415 1331 455 τοῖσι
1361 411 1448 456 ἑτέ-

341 631 541 672 Αἰθίοπες,
564 629 624 665 τοὶ
648 626 762 674 διχθὰ
787 628 993 672 δεδαίαται,
1020 625 1170 672 ἔσχατοι
1195 625 1346 673 ἀνδρῶν

341 689 379 733 οἱ
401 686 466 734 μὲν
490 685 694 732 δυσομένου
720 684 947 732 Ὑπερίονος,
973 686 1010 721 οἱ
1034 683 1066 721 δ’
1092 683 1277 728 ἀνιόντος,

124 760 256 814 Odyss.
277 762 306 810 1,
328 763 404 802 23:
446 760 513 812 qui
543 760 650 797 locus
670 758 784 798 valde

124 819 292 856 exercuit
331 824 476 854 veteres
510 818 784 867 grammaticos

123 883 161 912 et
181 875 355 925 copiosae
375 873 637 925 disputationis
653 887 784 911 ansam

121 932 296 983 praebuit
340 931 521 969 Straboni
548 934 578 980 I,
606 934 633 972 2
661 933 700 978 §.
734 933 784 971 16

119 1001 226 1040 seqq.
247 1002 284 1039 p.
308 990 473 1029 50-36
489 1002 519 1025 s-
540 1002 577 1039 p.
600 988 652 1028 58
678 1001 782 1040 seqq.

121 1044 286 1095 (Ephori
300 1045 480 1096 fragmm.
497 1058 534 1095 p.
552 1045 629 1085 142
640 1045 783 1093 Marx.)

120 1103 207 1139 coll.
228 1102 301 1139 XV
319 1115 358 1153 p.
385 1104 468 1142 690
487 1103 535 1138 D.
557 1115 587 1142 s,
612 1103 719 1143 1012
737 1103 784 1138 B.

121 1165 158 1195 et
178 1159 329 1195 Arrian.
353 1157 439 1195 Iud.
461 1160 499 1206 6,
522 1156 597 1210 quit
614 1158 708 1195 illud
729 1159 788 1195 ef-

122 1215 236 1252 ficere
263 1213 389 1252 studet
428 1214 557 1264 (conf.
577 1228 667 1266 pag.
687 1213 758 1267 35)
776 1230 787 1265 ,-

124 1270 331 1323 Aethiopes
353 1271 427 1309 dici
448 1272 591 1309 Oceani
603 1271 788 1310 meridio-

124 1330 218 1367 nalis
264 1330 411 1366 accolas
441 1329 487 1365 ab
517 1330 663 1367 oriente
696 1328 787 1366 inde

124 1399 245 1439 usque
284 1385 332 1423 ad
373 1385 614 1423 occidentem
652 1387 787 1436 solem,

125 1444 210 1481 sinu
239 1443 403 1480 Arabico
434 1443 609 1480 bifariam
628 1442 788 1491 divisos,

125 1501 177 1537 ita
189 1507 232 1537 ut
251 1501 317 1552 qui
331 1501 377 1537 ab
399 1501 545 1537 oriente
564 1501 718 1537 Arabici
737 1502 790 1538 si-

126 1570 198 1595 nus
220 1555 411 1605 habitent,
436 1557 623 1595 orientales
645 1557 792 1595 Aethio—

124 1627 186 1665 pes
218 1615 297 1652 sive
320 1614 497 1661 Asiatici,
529 1615 597 1667 qui
617 1615 663 1651 ab
694 1616 792 1652 occi-

129 1670 242 1708 dente
258 1701 268 1719 ,
307 1670 538 1708 occidentales
561 1672 743 1722 Aethiopes
763 1685 793 1709 s.

131 1727 216 1778 Afri
252 1735 535 1779 nuncupentur.
605 1729 661 1765 Ac
704 1741 795 1765 sane

130 1785 253 1835 prisco
274 1798 368 1822 aevo
389 1783 625 1836 Aethiopum
652 1798 797 1822 nomen

132 1842 242 1878 latius
279 1842 401 1892 patuit
430 1854 548 1893 quam
577 1841 794 1892 postmodo,

130 1910 252 1950 quum
282 1897 330 1934 ad
365 1905 509 1935 certam
537 1905 677 1935 terram
697 1911 795 1949 gen—

129 1960 288 2006 temque
308 1953 403 1991 illud
415 1955 554 1991 referre
565 1956 796 2005 coepissent3

128 2012 181 2048 ita
222 2018 264 2048 ut
292 2012 340 2049 ob
367 2009 467 2048 hanc
487 2013 651 2049 nominis
673 2013 798 2049 ambi-

129 2069 317 2119 guitatem
355 2081 587 2121 sensumque
620 2070 796 2106 latiorem

131 2123 227 2162 illud
255 2126 383 2176 ipsum
411 2127 548 2163 merito
578 2139 598 2162 e
631 2139 796 2177 geogra-

134 2180 223 2233 phia
266 2183 565 2219 exterminatum
595 2196 674 2220 esse
705 2197 797 2234 pro-

134 2239 283 2275 nuntiet
301 2238 658 2277 Ritter.Erdkunde
676 2241 694 2276 I
708 2253 796 2291 pag.

140 2297 232 2334 177.
271 2295 450 2333 Straboni
469 2295 664 2348 disputatis
692 2311 797 2334 nunc

137 2348 228 2386 add.
264 2350 430 2390 Nitzsch.
463 2352 512 2390 ad
550 2353 683 2405 Odyss.
714 2355 739 2392 l.
770 2355 797 2392 l.

135 2407 240 2443 Part.
259 2407 277 2442 l
301 2420 341 2457 p.
363 2409 387 2447 8
407 2421 513 2460 seqq.
547 2417 585 2447 et
612 2409 796 2448 Volcker.

140 2461 359 2514 Geograph.
389 2464 582 2502 Homeric.
620 2479 709 2517 pag.
744 2469 798 2509 88

139 2531 246 2570 seqq.
304 2520 500 2571 Perquam
531 2522 635 2558 enim
654 2523 696 2559 fit
717 2536 799 2559 cre-

141 2573 275 2623 dibile,
308 2589 328 2612 e
359 2583 559 2626 poetarum
589 2579 798 2627 priscorum

141 2632 370 2669 carminibus
391 2631 439 2669 ad
467 2635 679 2683 posterioris
702 2642 805 2671 aeta-

141 2689 186 2725 tis
195 2689 394 2740 scriptores
413 2697 621 2740 propagata
641 2690 804 2739 fluxisse,

146 2757 399 2798 quaecunque
411 2745 511 2796 apud
534 2744 646 2783 hosce
667 2747 806 2796 legun-

146 2808 208 2837 tur
227 2800 274 2838 de.
298 2800 511 2853 duplicibus
540 2801 804 2854 Aethiopibus,

147 2870 312 2910 quorum
333 2859 470 2897 alteri‘
461 2860 563 2912 iique
579 2858 665 2910 Afri
682 2860 803 2912 crispo

842 759 1010 809 insignes
1036 758 1238 810 capilliti03
1274 759 1381 796 alteri
1394 759 1507 797 Asia-

840 818 880 854 ni
920 816 966 852 ab
994 816 1096 853 Afris
1125 814 1263 853 diversi
1295 829 1508 868 sanequam

841 874 956 924 stirpe
969 902 978 920 ,
1007 879 1110 910 recta
1130 879 1168 909 et
1190 872 1375 924 promissit
1394 872 1508 910 coma

843 930 1052 981 conspicui.
1120 930 1199 966 Illis
1237 943 1328 967 cum
1366 931 1508 967 tribuat

842 988 979 1024 Noster
1013 981 1230 1026 οὐλότατον
1267 987 1442 1038 τρίχωμα
1475 1001 1507 1024 s·

841 1045 994 1094 capillos
1003 1044 1173 1080 maxime
1185 1044 1323 1094 crispos
1333 1045 1509 1081 omnium

841 1099 1058 1149 hominum,
1080 1107 1236 1151 apparet
1255 1101 1416 1152 intelligi
1437 1099 1510 1139 Ni-

843 1171 939 1208 gros,
960 1170 1055 1209 quos
1074 1170 1178 1194 nunc
1194 1164 1353 1206 vocant,
1374 1159 1511 1210 Aegy-

844 1216 900 1266 pti
921 1215 1068 1252 accolas
1097 1213 1147 1251 ad
1165 1213 1368 1252 meridiem
1398 1216 1511 1268 eique

846 1272 1040 1319 finitimos,
1080 1284 1176 1323 quos
1214 1270 1320 1309 haud
1350 1273 1428 1309 scio
1461 1284 1512 1308 an

842 1330 924 1380 ipse
937 1328 1072 1366 viderit
1092 1327 1268 1365 historiae
1279 1336 1398 1380 pater,
1421 1341 1512 1366 cum

845 1387 885 1423 in
914 1387 1093 1438 Aegypto
1127 1393 1352 1424 versaretur.
1422 1385 1511 1423 Vid.

844 1445 1011 1480 Heeren.
1029 1442 1159 1480 Ideen.
1180 1443 1227 1491 ΙΙ,
1252 1446 1271 1483 1
1305 1455 1394 1494 pag.
1416 1446 1512 1484 317.

845 1501 904 1537 Ac
938 1513 1051 1551 supra
1078 1501 1157 1536 iam
1184 1499 1351 1537 indicavi
1379 1498 1427 1536 ad
1447 1500 1511 1548 IV,

851 1559 931 1598 197
961 1556 1146 1594 Herodoti
1181 1555 1389 1608 Aethiopes
1408 1569 1513 1594 nunc

850 1612 1049 1662 Nigrorum
1068 1614 1226 1650 nomine
1243 1614 1414 1651 vocitari.
1463 1614 1515 1651 A-

849 1672 973 1708 siatici
985 1671 1178 1722 Aethiopes,
1203 1672 1268 1723 qui
1287 1670 1390 1708 Indis
1402 1671 1516 1707 simili

850 1727 970 1765 modo
999 1736 1087 1765 sunt
1122 1729 1258 1764 armati
1299 1727 1516 1779 iisdemque

854 1785 1003 1822 accensi
1030 1786 1070 1821 in
1099 1785 1303 1821 Persarum
1334 1785 1515 1832 exercitu,

851 1842 918 1879 vix
947 1842 1010 1878 alii
1026 1849 1136 1878 erunt
1155 1848 1270 1893 atque
1290 1841 1410 1878 Indici
1430 1854 1517 1877 ma·-

851 1899 900 1935 ris
932 1899 1103 1946 accolae,
1134 1911 1242 1935 oram
1269 1897 1401 1934 Indiae
1422 1910 1518 1934 con-

853 1956 1058 1991 terminam
1080 1954 1292 1992 habitantes
1325 1955 1518 1992 Gedrosiae

852 2018 890 2048 et
925 2012 1139 2049 Carmaniae
1155 2042 1163 2058 ,
1203 2019 1246 2048 ut
1272 2013 1370 2048 bene
1390 2011 1519 2048 statuit

852 2070 1017 2106 Heeren.
1046 2068 1178 2106 Ideen.
1212 2076 1283 2106 eto.
1311 2070 1359 2115 ΙΙ,
1382 2072 1408 2109 2
1428 2080 1519 2118 pag.

853 2127 948 2166 291.
1006 2124 1110 2163 Add.
1137 2132 1235 2163 nott.
1264 2124 1313 2162 ad
1334 2124 1519 2162 Herodot.

853 2184 920 2228 ΙΙΙ,
938 2181 1006 2223 94.
1064 2184 1114 2218 Hi
1133 2183 1248 2233 igitur
1269 2179 1469 2234 ἰθύτριχες
1488 2195 1519 2220 5.

858 2234 1090 2290 εὖθύτριχες
1103 2237 1163 2290 (ut
1176 2238 1290 2276 habet
1299 2238 1522 2277 Eusthatius

855 2295 951 2334 haec
965 2297 1083 2334 citans
1094 2295 1143 2333 ad
1156 2296 1289 2348 Odyss.
1302 2298 1320 2333 I
1339 2310 1378 2347 p.
1399 2297 1520 2343 1386,

859 2356 910 2395 17
940 2366 970 2390 s·
1002 2355 1066 2401 13,
1097 2351 1180 2405 24)
1218 2355 1245 2391 i.
1266 2367 1299 2391 e.
1320 2360 1465 2390 rectam
1486 2359 1524 2389 et

855 2411 1083 2477 promissam
1104 2411 1246 2448 alentes
1259 2424 1425 2457 comam,
1447 2408 1522 2461 qua

855 2469 924 2518 ips·
915 2467 937 2503 ἲι
956 2468 1128 2504 maxime
1149 2467 1332 2505 differunt
1348 2468 1395 2505 ab
1407 2467 1523 2503 Afris.

858 2546 910 2551 ——-
941 2523 1004 2561 Ad
1038 2537 1151 2562 voces
1189 2519 1407 2564 ου’λότατον
1439 2523 1524 2586 τρί-

857 2594 968 2630 χωμα
1003 2579 1135 2631 ε’χουσι
1164 2578 1328 2620 πάντων
1357 2574 1524 2630 ανθρω-

861 2651 950 2674 πων
979 2638 1080 2674 conf.
1108 2637 1245 2676 Matth.
1275 2639 1343 2675 Gr.
1382 2639 1450 2674 Gr.
1485 2636 1522 2680 ξ.

863 2690 944 2733 459
973 2700 1054 2734 not.
1090 2707 1177 2745 pag.
1209 2695 1305 2735 857
1337 2693 1406 2731 Cr.
1429 2704 1523 2728 con-

860 2748 949 2785 ferri
968 2751 1049 2787 vult
1070 2750 1205 2802 Odyss.
1225 2751 1334 2797 XIX,
1349 2748 1429 2789 246
1451 2748 1524 2783 ibi-

861 2817 936 2857 que
964 2806 1137 2844 Eustath.
1171 2821 1208 2857 p.
1238 2805 1342 2852 694,
1365 2806 1417 2844 29
1439 2805 1523 2855 (qui

861 2875 910 2899 ex
939 2863 1135 2901 Herodoto
1163 2861 1291 2900 laudat
1312 2856 1524 2912 ου’λόθριξ)
