1897 3340
540 186 1014 225 POLYMNiA.

1078 186 1103 220 v
1121 187 1133 220 1
1151 187 1176 221 Ι.
1407 192 1483 231 54η

225 300 294 342 καὶ
326 299 576 353 προβόλους
608 297 689 341 δύο
720 294 985 348 λυκοεργέας
1006 292 1184 343 ἕκαστος
1214 291 1324 348 εἶχε·
1353 296 1420 338 ἐπὶ
1452 299 1497 340 ὁὲ
1555 305 1632 344 545

223 371 321 423 τῇσι
340 372 554 424 κεφαλῇσι
576 365 739 418 κράνεα
755 362 932 418 χάλκεα·
965 360 1077 414 πρὸς
1101 362 1146 404 δὲ
1168 366 1282 404 τοῖσι
1303 362 1533 415 novimen&

227 435 315 478 οὖτά
348 452 390 478 τε
420 436 492 478 καὶ
521 434 646 486 κέρεα
666 434 838 486 προσῆν
872 428 977 486 βοὸς
1034 429 1221 484 χάλκεα·
1253 430 1420 485 ἐπῆσαν
1451 433 1496 474 ὁὲ
1553 445 1588 462 ‹10
1609 437 1691 464 1¹¹¹0¹
1710 440 1772 466 eiu
1760 442 1799 474 J·

226 504 298 546 καὶ
319 502 474 558 λόφοι·
506 501 582 550 τοὶς
601 499 646 541 δὲ
665 498 833 554 κνήμας
858 498 1008 552 ῥάκεσι
1032 498 1296 551 φοινικέοισι
1315 501 1494 542 κατειλί-

227 587 347 627 χατο.
380 571 426 612 ἐν
447 567 639 611 τούτοισι
669 571 782 608 τοῖσι
816 564 1001 620 ἀνδράσι
1021 566 1172 620 ’Ἀρεός
1203 567 1291 608 ἐστι
1309 565 1492 623 χρηστή-

227 655 336 693 ριον.

166 826 271 862 tinuo
282 828 516 859 memoratur
526 821 735 869 oraculum,
749 828 830 858 tum

166 894 211 918 eo
232 879 335 932 quod
358 878 547 930 Chalybes
569 879 745 928 gentibus
767 893 830 916 su-

165 950 232 988 pra
253 937 470 973 memoratis
487 935 627 971 fuerint
648 936 779 973 affines
799 937 830 984 Ι,

165 997 233 1035 98.
290 994 417 1044 Atque
446 991 515 1028 hos
547 990 734 1043 Chalybes
762 1006 829 1043 pro

164 1057 270 1101 parte
309 1050 472 1087 nationis
502 1049 731 1085 Cinnneriae
752 1049 830 1086 dis—

163 1120 317 1158 persae,
350 1120 448 1158 quae
478 1104 526 1141 ad
546 1107 673 1157 Halyn
704 1119 746 1142 ac
768 1107 830 1144 Si-

165 1178 293 1214 nopen
313 1163 547 1210 consederit,
585 1161 719 1199 haberi
749 1164 831 1200 vult

164 1219 340 1266 Volcker,
371 1217 494 1271 Myth.
517 1220 656 1269 Geogr.
676 1233 712 1269 p.
733 1222 829 1260 209.

164 1279 222 1314 De
252 1278 438 1326 Aegyptiis
459 1289 507 1312 ne
533 1277 615 1327 quis
639 1275 700 1312 hic
722 1277 831 1326 cogi-

164 1341 238 1371 tet:
284 1336 425 1385 quippe
456 1345 622 1384 quorum
652 1333 756 1368 nulla
788 1334 829 1369 in

164 1390 238 1427 hoc
281 1393 456 1441 gentium
496 1388 622 1425 iudice
660 1392 829 1437 menti03

162 1461 254 1484 nam
274 1449 352 1497 ipse
365 1445 580 1483 Herodotus
597 1459 750 1483 causam
771 1446 830 1482 af-

163 1504 235 1541 fert
269 1506 337 1550 IX,
370 1507 435 1544 32.
496 1504 587 1539 Utut
618 1510 696 1549 est,
732 1501 829 1538 nihil

162 1574 253 1598 sane
275 1560 446 1606 dubium,
478 1560 654 1595 lacunam
683 1561 722 1595 in
749 1561 828 1595 He-

164 1616 340 1665 rodoteis,
363 1617 488 1668 qualia
517 1629 620 1652 nunc
640 1617 827 1664 feruntur,

163 1682 310 1711 exstare
361 1686 523 1725 eamque
562 1674 828 1724 perantiquam

164 1745 243 1768 esse
264 1738 299 1767 et
315 1731 417 1767 libris
436 1730 592 1780 scniptis,
615 1731 680 1782 qui
700 1728 826 1766 adhuc

161 1794 376 1838 supersunt,
397 1788 578 1836 priorem.

218 1844 284 1883 καὶ
305 1840 530 1895 προβόλους
556 1837 630 1881 δυο
661 1844 826 1894 λυκοερ-

164 1899 279 1954 γέας]
313 1896 541 1951 προβόλους
568 1900 703 1935 Noster
731 1898 826 1936 dixit

163 1957 351 2004 venabula,
365 1957 488 1993 hastas
509 1970 536 1995 s.
551 1959 689 2003 veruta,
713 1951 827 1995 α’κὸν-

162 2030 247 2063 τια,
269 2021 310 2051 ut
332 2014 497 2051 Graecus
526 2012 682 2065 quidam
704 2025 827 2063 expo-

163 2073 218 2108 nit
238 2073 523 2121 grammaticus.
552 2071 631 2106 Nec
652 2070 724 2106 alio
737 2083 826 2120 per-

164 2129 297 2164 tinebit
323 2123 548 2178 προβόλωνΥ
566 2125 669 2177 apud
689 2127 827 2163 Xeno-

163 2183 350 2234 phontem
365 2185 404 2220 in
426 2185 611 2236 Cyneget.
636 2186 687 2223 10
710 2184 745 2228 ξ.
762 2186 826 2224 12.

171 2243 220 2280 16
243 2247 279 2277 et
304 2237 548 2290 προβόλαιον
577 2239 678 2290 apud
701 2242 827 2276 Hero-

166 2295 301 2332 dotum
316 2297 398 2341 vll,
415 2295 506 2342 148,
527 2298 592 2333 ubi
605 2297 707 2333 conf.
727 2303 826 2337 nott.

164 2352 258 2388 Mox
293 2350 395 2388 edidi
424 2351 656 2403 λυκοεργέας
685 2366 704 2388 e
726 2353 828 2389 San-

166 2408 277 2445 crosti
306 2408 401 2443 libro
433 2408 590 2458 aliisque
620 2415 656 2444 et
676 2410 828 2458 Harpo-

166 2465 352 2510 cratione,
375 2461 515 2509 Snidfi,
545 2462 706 2511 Photio,
737 2478 828 2501 cum

166 2519 366 2557 Athenaeo
398 2521 454 2555 XI
498 2532 536 2569 p.
557 2517 652 2565 486,
684 2521 750 2570 qui
767 2527 828 2556 ta-

166 2590 260 2614 men
291 2578 402 2614 scribi
417 2575 535 2612 voluit
566 2573 826 2626 λυκιοεργέας,

168 2641 211 2670 ut
241 2635 315 2671 sint
333 2632 507 2670 venabula
539 2632 577 2668 in
607 2630 725 2680 Lycia
755 2631 830 2667 ela-

169 2690 314 2737 borata,
354 2689 396 2729 ἐν
425 2687 561 2741 Λυκίᾳ
581 2685 829 2738 εἰργασμένα.

170 2747 297 2797 Atque
318 2746 367 2782 ita
397 2752 481 2796 post
500 2746 831 2793 lungermannum

169 2801 342 2838 exhibuit
362 2800 588 2838 Schaeferus
610 2806 645 2836 et
672 2797 830 2836 Bekke-

227 2860 450 2895 Hssflonor.
470 2858 542 2894 ΙΙΙ.

397 633 612 691 Καβηλέες
643 633 688 677 δὲ
718 635 761 677 οἱ
779 636 986 690 Μηΐονες,
1020 634 1235 679 Λασόνιοι
1266 635 1311 679 δὲ
1342 634 1500 679 καλεύ-

888 835 963 868 rus,
995 821 1105 859 valde
1125 823 1311 873 probante
1335 825 1551 877 Bellanger.

886 880 926 915 in
947 886 1043 916 nott.
1065 879 1167 930 apud
1197 880 1448 919 Larcherum.
1505 885 1550 919 In

886 937 1106 974 Florentino
1139 938 1295 990 aliisque
1331 946 1452 976 exstat
1480 942 1552 978 λυ-

886 992 1069 1044 κεργέας,
1121 994 1224 1045 quod
1271 996 1550 1046 VVesselingius

889 1049 1018 1088 edidit.
1075 1050 1268 1102 Equidem
1314 1053 1551 1104 reliquorum

887 1107 1073 1143 librorum
1103 1110 1366 1144 auctoritatem
1400 1117 1551 1147 secutus

887 1162 1122 1216 λυκοέργεας
1160 1166 1387 1215 interpretor
1415 1171 1549 1215 veruta,

888 1233 976 1270 quae
1007 1221 1102 1270 lupis
1131 1223 1324 1259 coercendis
1349 1236 1378 1259 s.
1413 1225 1549 1274 interfi-

887 1277 1018 1314 ciendis
1046 1279 1117 1314 sint
1140 1282 1246 1328 apta3
1283 1280 1378 1315 bene
1400 1293 1550 1316 memor

886 1347 980 1371 voce
1010 1330 1231 1385 προβόλους
1261 1336 1466 1386 significari
1481 1351 1549 1387 pa-

886 1393 1061 1428 storitz'um
1095 1392 1214 1427 telum
1235 1406 1264 1428 s.
1294 1395 1548 1431 venatorium.

885 1449 1061 1498 Namque
1090 1448 1338 1498 cogitandum
1356 1479 1366 1497 ,
1399 1452 1548 1500 opinor,

886 1503 933 1540 de
954 1511 1069 1553 gente
1090 1506 1280 1554 pastoritia
1296 1536 1305 1552 ,
1338 1520 1436 1557 quae
1456 1508 1550 1543 soli-

884 1567 921 1596 ta
948 1561 1018 1597 sibi
1047 1573 1152 1596 arma
1184 1563 1223 1597 in
1258 1562 1403 1599 bellum
1429 1564 1549 1613 profi-

885 1619 1027 1653 ciscens
1068 1619 1235 1654 retinuit.
1296 1619 1379 1664 Quo
1411 1619 1549 1656 eodem

884 1672 987 1710 haud
1008 1675 1085 1710 scio
1114 1687 1161 1710 an
1192 1682 1363 1725 spectent
1384 1677 1550 1727 insignia

881 1732 998 1781 galeis
1035 1730 1162 1768 addita
1197 1733 1348 1769 aurium
1387 1740 1423 1770 et
1462 1746 1550 1770 cor-

881 1801 1005 1824 nuum
1025 1788 1255 1825 bovinorum
1276 1803 1325 1826 ex
1345 1803 1431 1826 aere
1453 1803 1550 1827 con«

883 1845 1085 1883 fectorum.

940 1931 1011 1980 voig-
1041 1929 1198 1984 κνήμας
1231 1931 1369 1984 ῥάκεσι
1410 1950 1549 1984 φοινι-

842 2016 847 2023 ·
882 1989 1006 2030 κεόισι
1035 1992 1305 2041 κατειλίχατο]
1337 1994 1361 2028 i.
1384 2005 1416 2028 e.
1440 2005 1550 2029 crura

876 2050 1066 2098 purpureis
1091 2050 1224 2098 pannis
1252 2049 1409 2085 involuta
1439 2049 1549 2085 liabe-

882 2106 981 2141 bant.
1041 2105 1139 2141 Citat
1168 2104 1342 2143 Eustath.
1374 2104 1422 2141 ad
1442 2106 1486 2142 Il.
1508 2119 1548 2156 p.

883 2161 977 2206 234,
1012 2161 1062 2202 14
1085 2174 1115 2198 s.
1139 2163 1230 2207 177,
1252 2165 1318 2209 26,
1349 2163 1415 2212 qui
1443 2161 1548 2198 idem

884 2217 933 2254 ad
963 2219 1121 2269 Dionys.
1143 2219 1292 2268 Perieg.
1324 2221 1405 2259 793
1432 2220 1548 2255 etiam

882 2275 999 2312 verba
1027 2276 1225 2326 sequentia
1258 2276 1422 2321 excitat,
1467 2289 1548 2312 non

884 2330 1191 2368 animadvertens
1231 2331 1413 2369 excidisse
1446 2345 1548 2368 non-

883 2387 979 2424 nihil
1000 2390 1108 2425 initio
1138 2387 1251 2425 huius
1283 2390 1427 2440 capitis.
1486 2387 1548 2424 Ad

883 2444 1049 2480 formam
1092 2445 1333 2496 κατειλίχατο
1365 2445 1465 2483 conf.
1490 2446 1548 2481 al—

883 2500 958 2536 lata
988 2500 1034 2536 ad
1069 2502 1149 2548 Vll,
1183 2504 1236 2541 62
1269 2509 1305 2538 et
1340 2500 1388 2538 de
1428 2501 1546 2538 verbo

883 2556 1141 2595 κατειλίσσειν
1170 2559 1250 2605 Vll,
1276 2560 1369 2598 181.

1063 2645 1154 2698 Cap.
1173 2647 1367 2685 Lxxvn.

944 2745 1170 2798 Καβηλέες]
1194 2746 1279 2784 Vid.
1300 2752 1395 2783 nott.
1417 2743 1465 2781 ad
1480 2745 1545 2792 111,

887 2804 940 2842 90
952 2809 989 2839 et
1011 2802 1059 2840 ad
1081 2804 1270 2898 Μηίονὲἓ
1284 2809 1380 2840 nott.
1401 2800 1449 2838 ad
1465 2801 1545 2848 VII,

1553 376 1596 393 ex·
1599 369 1779 406 -ἰ(1-4ιι“ιιιιῑιμι
1773 383 1789 398 4·,

1552 410 1579 426 ιι(
1573 403 1719 443 mniulp(
1722 408 1789 439 »puli

1558 626 1668 654 Martis
1689 637 1790 657 Osann<

1558 661 1629 689 lum.
1640 662 1825 691 Cabelenses
