1897 3340
387 235 447 274 98

797 226 1251 264 HERODOT!

390 338 660 394 κολαμμένα,
701 333 754 377 τοὶ
783 335 923 378 πολλὰ
953 335 1082 390 ὁμοῖα
1112 333 1240 376 ἐόντα
1269 339 1384 376 τοῖσι
1410 332 1648 375 Ἰωνικοῖσι,

362 408 420 453 Ξὸ
453 407 532 464 μὲν
562 402 614 458 δή
647 399 707 452 εἷς
735 406 824 446 τῶν
854 403 1076 457 τριπόδων
1105 401 1350 456 ἐπίγραμμα
1381 401 1475 455 ἔχει,
1666 405 1707 438 15

526 479 750 526 Ἀμφιτρύων
772 478 816 525 μ’
842 478 1003 526 ἀνέθηκε
1023 479 1117 515 νέων
1142 477 1220 514 οἷπό
1248 477 1484 523 Τηλεβοάων.

333 636 558 683 potestatem
577 627 721 665 faciunt
750 628 931 665 sacrificia
950 627 990 664 in

334 689 406 725 hoc
436 687 530 723 festo
553 685 696 733 oblata,
730 697 751 721 e
772 687 907 737 quibus
928 685 991 720 in-

334 745 454 782 censis
483 742 642 792 auguria
681 742 901 792 capiebant,
954 748 991 777 et

335 802 407 837 alia
428 813 450 836 a.
486 799 673 835 Creuzero
703 799 729 834 l.
751 799 776 835 l.
797 811 885 849 pag.
910 799 988 838 163

335 858 459 894 allata.
479 877 535 882 --
565 853 627 891 Ad
648 855 763 891 verba
788 855 830 894 ἐν
855 850 992 907 Θήβῃ-

332 926 372 952 σι
392 911 493 949 conf.
524 909 665 948 Herod.
685 911 722 957 I,
744 911 798 952 52
818 910 883 947 fin.
914 911 987 946 ibi-

334 982 408 1022 que
437 974 532 1005 nott.
591 966 692 1004 Add.
712 967 758 1015 V,
791 970 844 1016 63
874 963 988 1006 Ἀλω-

332 1027 476 1079 πεκῇσι
511 1025 591 1060 sine
611 1024 748 1061 vocula
769 1027 774 1053 l
782 1023 824 1063 ἐν
857 1031 894 1060 et
923 1023 987 1069 VI,

336 1084 401 1123 19.
458 1081 573 1117 Plura
594 1079 692 1117 dabo
713 1078 762 1116 ad
791 1080 842 1127 V,
864 1082 931 1120 82.

391 1132 439 1187 μ’
467 1133 641 1186 ἀνέθηκε
669 1134 771 1175 νέων
808 1131 885 1175 ἀπὸ
919 1138 992 1186 Τη-

333 1190 536 1245 λεβοάων]
569 1194 694 1242 Vulgo
730 1187 993 1242 ἀνέθηκεν

334 1249 451 1298 ἐών,
500 1249 604 1302 quod
642 1247 892 1285 Valckenaer.
922 1246 993 1284 ad-

335 1306 538 1357 stipulante
548 1318 672 1356 nuper
681 1303 819 1342 Bothio
832 1305 871 1340 in
885 1304 993 1354 Opu-

334 1364 440 1400 scull.
482 1364 580 1399 critt.
618 1374 707 1412 pag.
748 1360 812 1408 14,
864 1367 993 1396 muta-

334 1427 418 1463 tum
455 1419 575 1456 voluit
612 1419 676 1454 in:
727 1412 774 1468 μ’
817 1412 993 1466 ἀνέθηκε

335 1471 443 1515 ἐόντ’
493 1469 593 1515 οἶπςόμ
631 1468 889 1523 Τηλεβοάων,
951 1478 993 1508 ut

333 1534 451 1582 tripus
470 1543 505 1567 se
526 1531 655 1567 diceret
675 1529 874 1566 dedicatum
886 1528 927 1564 cle
938 1530 994 1564 vi-

335 1591 402 1625 ctis
422 1586 596 1631 Telebois,
625 1587 773 1622 cumin
808 1583 994 1621 eiusmodi

337 1644 446 1680 rebus
469 1642 649 1679 dedicatis
675 1637 757 1680 οἷπό
786 1639 860 1677 hoc
882 1653 993 1677 sensu

334 1700 553 1752 frequenter
583 1699 732 1748 legatur
760 1696 868 1747 apud¹
890 1698 995 1733 Pau—

335 1759 494 1793 saniam.
524 1755 781 1804 Wesselingio
794 1755 896 1804 prius
909 1754 996 1804 pla-

337 1820 486 1849 cuerat:
520 1805 692 1861 ἐνέθηκ’
717 1806 866 1857 οἷνιών,
907 1810 995 1847 dein

335 1869 507 1919 Bergleri
546 1868 720 1918 probavit
756 1865 996 1903 emendatio-

334 1938 439 1972 nem,
466 1924 613 1961 Wolfio
644 1924 684 1959 in
713 1923 890 1973 Prolegg.
913 1924 996 1960 Ho-

336 1995 449 2018 merr.
472 1980 587 2032 p.55,
620 1978 827 2017 Schaefero
847 1987 884 2016 et
895 1980 996 2016 Mat-

336 2036 438 2074 thiae
472 2048 625 2089 quoque
654 2036 853 2086 probatam
885 2043 922 2072 et
957 2037 996 2072 in

337 2101 487 2131 textum
536 2099 725 2142 receptam
754 2104 763 2129 :

339 2149 385 2189 ἰώ
394 2165 429 2198 ν,
450 2151 475 2186 i.
498 2162 531 2186 e.
551 2149 759 2198 Amphitryo
774 2160 825 2184 me
847 2149 993 2186 dedica-

335 2209 387 2244 vit
418 2207 555 2243 veniens
586 2205 675 2252 [nisi
695 2206 841 2255 potius:
871 2209 994 2242 ventu-

337 2263 415 2311 rus]
438 2275 461 2299 a
486 2261 652 2298 Telebois.
692 2259 994 2311 Schweighaeu-

338 2332 441 2356 serus
462 2324 575 2369 atque
598 2316 831 2353 Gaisfordius
845 2347 854 2364 ,
899 2331 992 2369 quos

339 2374 518 2427 equidem
540 2380 688 2410 secutus
709 2386 806 2419 sum,
828 2374 996 2411 eVilloi-

337 2433 420 2469 soni
452 2429 644 2481 (Anecdd.
675 2430 832 2466 Graeco.
853 2431 887 2466 11
907 2444 994 2482 pag.

341 2489 438 2536 129)
477 2487 538 2523 vel
579 2486 700 2536 potius
729 2487 914 2534 Bentleii,
954 2494 996 2524 ut

338 2550 470 2581 monet
489 2541 716 2588 Larcherus‚
757 2542 996 2580 emendatio-

337 2613 407 2647 ne,
429 2598 651 2636 ediderunt:
675 2593 849 2648 ἐνέθηκε
864 2597 996 2638 νέων

340 2652 418 2696 eiad
462 2649 714 2706 Τηλεβοάων,
744 2656 768 2691 i.
791 2668 824 2691 e.
847 2655 994 2705 Amphi-

338 2716 417 2763 tryo
451 2722 503 2748 me
536 2711 715 2748 dedicavit
758 2714 933 2748 revertens
971 2725 994 2748 a

343 2768 519 2806 Telebois:
541 2768 578 2803 in
599 2767 736 2819 quibus
750 2774 877 2811 tamen
891 2766 993 2804 haud

339 2826 416 2862 scio
437 2837 486 2861 an
506 2825 632 2861 aoristi
658 2824 899 2874 participium
930 2837 993 2861 re-

824 2087 998 2142 ἀνέθηκ’

1047 628 1239 678 quiratur‚
1267 635 1310 664 ut
1329 628 1396 664 sit:
1440 638 1655 664 reversus
1683 638 1707 663 α

1051 683 1208 720 Telebois
1227 697 1278 721 me
1292 685 1334 721 A.
1356 683 1546 730 dedicavit,
1569 695 1707 734 quem-

1051 738 1263 776 admodum
1294 741 1333 776 in
1367 741 1485 776 altero
1515 741 1707 790 epigram-

1048 804 1150 833 mate
1180 797 1226 844 V,
1260 799 1314 836 60
1341 796 1505 846 legitur:
1540 792 1709 846 νικήσας

1049 848 1244 902 οἷνέθηκε,
1285 853 1310 888 i.
1333 865 1365 888 e.
1407 855 1616 903 „postquam
1652 854 1707 889 vi-

1045 913 1163 956 cerat,
1205 922 1256 945 me
1281 909 1501 945 (leclicavit.“
1559 907 1709 944 Deinde

1045 978 1198 1017 quoque
1219 978 1309 1002 cum
1328 964 1475 1002 Wolfio
1505 977 1550 1000 eo
1581 963 1726 1001 offen-.

1046 1022 1127 1070 dor,
1143 1021 1244 1073 quod
1256 1022 1407 1058 nullum
1423 1033 1611 1072 umquam
1631 1021 1707 1057 mi-

1046 1077 1087 1114 hi
1126 1079 1292 1114 innotuit
1338 1078 1559 1128 exemplum
1602 1077 1707 1113 verbi

1048 1136 1160 1171 activi
1180 1133 1285 1173 νέειν
1314 1134 1508 1171 revertendi
1538 1135 1709 1181 notione,

1049 1191 1125 1242 quit
1144 1190 1318 1227 medium
1331 1192 1491 1227 verbum
1513 1189 1614 1240 apud
1628 1192 1710 1227 Ho-

1048 1260 1212 1293 merum,
1222 1248 1485 1297 Apollonium,
1501 1248 1592 1283 alios
1605 1260 1711 1283 sem-

1048 1316 1117 1354 per
1152 1305 1319 1354 ponitur.
1394 1302 1506 1348 Quod
1545 1304 1648 1339 enim
1690 1315 1711 1338 e

1050 1360 1210 1396 Homeri
1239 1361 1384 1410 Hymn.
1416 1360 1457 1395 in
1479 1359 1605 1396 cerer.
1627 1358 1709 1400 395

1049 1415 1236 1452 afferunt:
1262 1415 1314 1462 ὥς
1327 1413 1400 1465 μὲν
1420 1412 1494 1467 γάρ
1513 1430 1556 1454 κε
1569 1411 1709 1461 νέουσ’,

1047 1473 1153 1509 locus
1179 1479 1307 1523 aperte
1335 1472 1540 1508 mendosus
1557 1470 1559 1473 ’
1577 1478 1614 1508 et
1653 1472 1711 1507 la·-

1049 1541 1212 1565 cunosus
1249 1535 1324 1574 est,
1365 1529 1427 1564 cui
1457 1526 1711 1564 Ruhnkenius

1049 1584 1195 1621 mederi
1239 1584 1381 1621 studuit
1417 1585 1607 1621 scribens:
1659 1583 1711 1631 ὥς

1051 1638 1122 1692 μὲν
1143 1637 1217 1693 yolo
1241 1637 1282 1679 κ’
1312 1636 1537 1687 οἷνιοῦσ’,
1574 1642 1614 1677 in
1636 1653 1711 1692 quo

1051 1710 1139 1734 eum
1162 1698 1403 1748 nuperrimus
1418 1697 1538 1734 editor
1548 1710 1627 1733 non
1639 1698 1712 1734 ob·-

1051 1761 1202 1791 secutus
1252 1760 1328 1802 est,
1377 1753 1482 1805 quod
1531 1752 1712 1805 equidem

1051 1809 1162 1848 valde
1181 1811 1314 1860 probo.
1375 1810 1417 1846 C.
1441 1811 1486 1848 Ο.
1506 1811 1657 1847 Miiller.
1671 1811 1711 1847 in

1051 1868 1235 1916 Bottiger.
1262 1865 1434 1903 Amalth.
1461 1868 1478 1903 I
1511 1879 1600 1918 pag.
1632 1868 1713 1907 129

1052 1924 1231 1975 proponit
1260 1924 1299 1959 in
1320 1922 1539 1960 Herodoto:
1568 1919 1712 1974 Ἀμφι-

1052 1977 1184 2030 τρύων
1212 1975 1259 2029 μ’
1296 1975 1472 2028 οἷνὲθηκε
1499 1983 1602 2018 νεῶν
1632 1977 1711 2019 ἄπο

1060 2031 1309 2087 Τηλεβοάων.
1375 2037 1457 2073 Erit
1486 2037 1602 2086 igitur
1630 2035 1712 2085 (hic

1053 2094 1157 2128 enim
1177 2091 1272 2128 mihi
1292 2091 1441 2129 videtur
1470 2105 1548 2129 esse
1577 2093 1711 2130 inscri-

1049 2150 1188 2200 ptionis
1208 2146 1353 2200 sensus)
1377 2148 1600 2200 cogitandus
1611 2149 1709 2186 Am-

1048 2204 1214 2257 phitryo,
1247 2207 1313 2257 qui
1334 2205 1456 2242 redux
1480 2207 1527 2242 ab
1549 2204 1709 2257 expedi-

1047 2264 1151 2299 tione
1171 2264 1210 2297 in
1227 2263 1415 2299 Teleboas
1436 2263 1555 2310 facta,
1591 2264 1628 2299 in
1650 2263 1709 2299 vi-

1052 2320 1192 2355 ctoriae
1230 2326 1442 2369 reportatae
1480 2319 1709 2357 memoriam

1052 2381 1204 2425 gratum
1240 2373 1312 2411 deo
1335 2377 1507 2411 animum
1538 2374 1710 2412 declara-

1052 2438 1170 2477 turus,
1200 2430 1392 2481 tripodem
1412 2432 1582 2482 Apollini
1602 2430 1711 2469 dedi-

1051 2489 1162 2525 cavit.
1225 2487 1412 2536 Teleboae,
1452 2488 1517 2539 qui
1554 2486 1602 2524 ad
1634 2488 1711 2524 Le-

1053 2545 1182 2594 legum
1211 2545 1366 2594 stirpem
1400 2545 1622 2594 pertinuisse
1650 2545 1708 2581 vi-

1054 2599 1204 2646 dentur,
1234 2613 1311 2636 una
1331 2613 1419 2636 cum
1440 2598 1598 2650 Taphiis
1621 2599 1711 2648 (nisi

1053 2656 1167 2692 iidem
1200 2669 1350 2706 prorsus
1372 2655 1536 2692 habendi
1557 2658 1649 2705 sint)
1670 2658 1709 2693 in

1052 2712 1275 2749 occidentali
1308 2713 1543 2748 Acarnaniae
1566 2726 1631 2749 ora
1651 2714 1711 2750 vi-

1051 2769 1219 2820 cinisque
1241 2769 1369 2805 insulis
1400 2768 1487 2805 inde
1509 2771 1711 2819 cognomi-

1050 2826 1145 2862 natis
1173 2823 1279 2862 sedes
1309 2824 1489 2862 dicuutur
1518 2825 1706 2873 habuisse,
