1897 3340
413 199 496 240 138
810 198 1269 237 HERODOTI

415 311 527 362 τιῆς·
570 307 675 356 τέως
703 306 786 361 γὰρ
827 306 1070 362 ἀμφότεροι
1100 310 1292 353 εἵποντο·
1334 310 1675 365 παραλυομένου

411 376 457 419 δὲ
487 373 655 417 τούτων
683 378 764 417 τοῦ
788 374 952 430 ἑτέρου,
981 379 1317 421 καταλείπεσθαι
1348 378 1417 420 καὶ
1448 381 1537 420 τῶν
1565 382 1672 421 Τυν-

412 442 626 497 δαριδέων
661 442 739 487 τὸν
776 443 944 498 ἕτερον·
986 443 1071 497 πρό
1112 449 1192 488 τοῦ
1228 444 1312 500 γὰρ
1353 444 1405 499 δή
1446 445 1520 487 καὶ
1554 452 1730 489 ουτοι91

379 506 680 565 δᾶμφότεροι,
731 510 950 568 ἐπίκλητοί
990 524 1069 566 σφι
1111 510 1274 564 ἐόντες,
1318 513 1506 556 εἵποντο.
1571 511 1678 556 Τότε

412 576 465 632 δὴ
496 576 542 619 ἐν
571 580 624 632 τῇ
649 575 862 622 Ἐλευσῖνι
890 578 1099 633 ὁρέωντες
1131 582 1175 623 οἱ
1212 580 1359 623 λοιποὶ
1389 583 1477 622 τῶν
1508 579 1673 635 συμμά-

408 661 498 701 χων
525 644 632 696 τούς
661 661 704 688 τε
736 647 937 700 βασιλέας
966 651 1053 690 τῶν
1075 649 1434 702 Λακεδαιμονίων
1457 646 1541 690 οὐκ
1572 646 1673 701 ὁμο-

409 712 660 766 λογέοντας,
701 714 774 756 καὶ
812 716 1083 769 Κορινθίους
1122 715 1377 765 ἐκλιπόντας
1421 714 1503 769 τήν
1536 712 1672 766 τάξιν,

280 776 345 820 76
403 780 581 834 οἴχοντο
621 781 693 824 καὶ
739 779 866 825 αὐτοὶ
903 781 1289 840 ἀπαλλασσόμενοι.

348 942 428 979 31115
466 943 506 978 10
546 955 676 979 rerum
716 941 1008 993 discriminibus,

349 999 398 1034 ita
419 1000 458 1034 111
482 999 669 1036 bellorum
686 1012 840 1051 quoque
859 1003 1007 1051 pericu-

349 1056 395 1092 lis
411 1056 592 1093 salutares
612 1056 724 1092 fuisse
735 1055 882 1094 habitos
903 1057 1006 1106 deos,

343 1113 431 1148 satis
452 1110 540 1149 111110
562 1113 689 1163 colligi
716 1125 826 1163 posse
846 1115 1007 1151 arbitra-

343 1176 415 1204 tur.
449 1170 552 1214 Quae
574 1183 662 1206 011111
681 1171 733 1206 ita
753 1171 844 1214 sint,
874 1171 912 1207 in
923 1172 1006 1207 Xe—

344 1224 548 1275 nophontis
569 1227 652 1263 1000
675 1225 722 1262 de
743 1227 905 1277 Republ.
926 1229 1005 1264 La—

344 1294 430 1318 000.
447 1283 551 1328 XIII,
581 1286 607 1323 2
620 1312 631 1329 ‚
662 1283 727 1319 ubi
763 1296 832 1319 rex
852 1283 901 1320 ad
921 1284 1005 1320 bel-

342 1338 424 1374 lum
445 1339 697 1389 proficiscens,
727 1341 896 1390 primum
917 1341 1007 1392 qui-

343 1394 432 1431 dem
453 1395 558 1432 domi
586 1409 691 1433 sacra
720 1396 844 1433 facere
870 1397 1008 1434 dicitur

341 1451 422 1488 Iove·
443 1455 581 1501 agetori
600 1452 666 1499 (de
693 1466 770 1504 quo
792 1452 868 1490 vid.
892 1455 934 1491 C.
957 1454 1002 1491 O.

340 1509 490 1545 Mijller.
511 1510 537 1546 l.
566 1510 594 1549 l.
613 1511 648 1544 ΙΙ
668 1523 706 1559 p.
727 1511 793 1549 99.
811 1508 893 1549 240
915 1511 1000 1546 coll.

339 1565 356 1598 Ι
393 1578 480 1615 pag.
513 1564 624 1615 408)
666 1563 732 1603 καὶ
764 1568 877 1611 τοῖς
908 1563 1002 1604 σύν

340 1617 400 1660 αὖ
417 1624 478 1672 τῷ
492 1651 501 1667 ,
541 1633 584 1657 ac
617 1620 755 1658 deinde
776 1622 842 1657 ubi
870 1622 1001 1669 litavst,

340 1676 388 1714 ad
410 1678 502 1714 fines
532 1679 656 1725 exire3
698 1677 875 1729 equidem
898 1677 1001 1715 haud

338 1735 416 1770 5010
439 1747 486 1770 an
509 1747 598 1770 cum
626 1733 862 1771 Schneidero
884 1736 999 1771 intel—

338 1792 455 1841 ligam
491 1790 722 1841 Tyndaridas
752 1792 829 1827 sive
848 1791 996 1828 Dioscu-

340 1860 407 1893 ros,
440 1847 624 1883 indicatos
656 1846 725 1883 hac
749 1848 785 1883 in
810 1861 847 1884 re
869 1850 996 1884 omni-

339 1905 406 1941 bus
429 1905 623 1941 notissima
643 1905 787 1941 verbis:
818 1908 900 1950 τοῖς
921 1902 994 1943 σύν

337 1956 472 2013 αὕτςὸς
521 1962 693 2012 quamvis
715 1973 836 2011 nuper
857 1961 994 1997 admo-

336 2016 429 2053 dum
450 2019 494 2054 L.
515 2017 689 2053 Dindorf'.
713 2017 992 2068 (praesanpag.

336 2075 473 2119 XVIII,
497 2074 561 2110 ubi
583 2073 787 2110 Herodotei
821 2075 892 2111 1001
914 2088 992 2111 11011

335 2131 540 2166 immemor
560 2130 662 2178 fuit),
697 2138 995 2167 commonstrare

332 2186 518 2224 studuerit
546 2186 661 2224 Iouem
691 2187 834 2237 deosque
858 2192 995 2224 cunctos

334 2242 405 2279 hac
428 2243 577 2280 dicendi
599 2244 760 2279 formula
778 2245 993 2294 significari.

330 2300 441 2345 Quod
477 2299 571 2336 mihi
598 2300 780 2352 *quidem
819 2301 991 2337 nondum

334 2358 527 2407 persuasit.
559 2379 614 2383 —
657 2358 704 2393 Ut
736 2356 783 2393 ad
817 2357 992 2394 Herodo-

332 2420 416 2450 tum
437 2420 473 2450 et
493 2414 619 2463 legem
645 2414 690 2449 ab
714 2426 758 2450 eo
788 2412 825 2450 11.
848 2415 872 2450 1.
902 2428 991 2465 pro-

333 2469 452 2506 ditam
472 2477 659 2516 revertar,
692 2471 788 2506 bene
819 2472 991 2508 observat

333 2528 376 2563 C.
398 2528 442 2563 0.
473 2527 621 2563 Miiller.
652 2528 687 2562 Π
718 2541 754 2577 p.
781 2528 879 2574 105,
920 2526 989 2564 hac

332 2584 415 2634 lege
453 2596 587 2634 regum
621 2583 897 2633 Spartanorum
920 2597 990 2634 po-

331 2646 524 2687 testatem,
555 2653 671 2691 quam
693 2641 731 2675 in
762 2640 860 2676 bello
881 2654 987 2676 511111-

332 2709 436 2732 1113111
464 2710 534 2733 1100
567 2697 650 2733 111115
672 2697 816 2746 legibus
838 2704 986 2747 tempe—

331 2760 452 2790 ratam
472 2753 584 2790 fuisse
605 2754 819 2803 accepimus
834 2782 843 2800 ,
884 2752 986 2790 haud

330 2809 556 2848 diminutam
583 2809 650 2847 sed
679 2817 830 2847 auctam
860 2810 985 2857 ruisse,

1363 782 1577 836 Τέταρτον
1617 781 1670 838 δή
1683 788 1729 822 95

1065 959 1187 997 quum
1216 942 1381 981 eandem
1408 943 1515 979 illam
1553 943 1634 980 aliis
1664 943 1727 981 iuz-

1063 1004 1198 1040 stitutis
1234 1000 1449 1038 diminuere
1497 999 1725 1037 studuerint.

1064 1061 1307 1111 Quamquam
1379 1058 1498 1093 rarius
1565 1057 1725 1092 omnino

1063 1114 1268 1167 utrum'que
1309 1126 1441 1163 regem
1475 1112 1614 1163 Spart&
1655 1113 1725 1149 ab·

1062 1173 1174 1209 fuisse
1210 1171 1313 1208 idem
1348 1169 1459 1207 docet
1492 1183 1513 1206 e
1542 1167 1724 1220 Xenoph.

1062 1230 1211 1265 Hellen.
1231 1229 1277 1274 V,
1299 1230 1336 1273 3,
1357 1230 1421 1267 10.

1117 1281 1420 1336 παραλυομένου
1435 1279 1477 1321 δὲ
1487 1277 1640 1321 τούτων
1652 1283 1726 1320 τοῦ

1063 1340 1215 1393 ἑτέρου]
1246 1343 1273 1377 1.
1295 1353 1329 1376 e.
1348 1342 1500 1376 cessante
1519 1339 1641 1384 altero,
1654 1350 1724 1375 ‘oa-

1064 1403 1165 1436 cante
1185 1412 1208 1435 a
1228 1396 1371 1444 militia,
1403 1409 1475 1432 nec
1505 1396 1545 1431 in
1578 1395 1722 1431 bellum

1062 1455 1344 1506 proficiscente,
1383 1451 1449 1489 sed
1491 1451 1595 1488 domi
1633 1464 1721 1487 ma·-

1061 1518 1189 1548 neute.
1229 1511 1294 1546 Tu
1316 1510 1417 1549 conf.
1439 1508 1486 1546 de.
1508 1509 1622 1545 verbo
1643 1522 1721 1546 πα-

1061 1563 1283 1619 ραλύεσθαι
1304 1566 1369 1611 ΙΙΙ,
1396 1565 1473 1605 105
1500 1566 1590 1615 ibiq.
1622 1571 1720 1605 nott,

1059 1619 1280 1663 -τούτων
1303 1623 1512 1672 scripsipro
1533 1619 1719 1660 τουτέων.

1250 1713 1342 1763 cap.
1363 1712 1540 1748 Lxxvl.

1118 1790 1308 1842 Τέταρτον
1328 1788 1378 1840 δή
1398 1792 1514 1829 τοῦτο
1538 1806 1576 1829 κ,
1605 1805 1637 1828 τ.
1661 1791 1716 1838 λ.]

1053 1849 1235 1896 „Poterat
1263 1846 1442 1897 πέμπτον
1473 1847 1569 1895 dici,
1610 1859 1714 1894 nam,

1051 1906 1199 1955 singula
1221 1905 1250 1941 si
1271 1911 1442 1954 reputes,
1474 1906 1599 1954 quinta
1619 1902 1714 1940 haec

1051 1962 1121 1998 suit
1142 1960 1349 2012 expeditio.
1388 1962 1445 1996 De
1463 1963 1592 2011 prima,
1615 1973 1714 2012 quae

1051 2017 1175 2055 Codro
1196 2024 1380 2068 regnante
1401 2016 1558 2064 accidit,
1595 2029 1712 2068 quam

1053 2088 1130 2111 uno
1151 2075 1275 2111 solum
1295 2074 1412 2111 verbo
1424 2075 1712 2125 tangitscriptor

1052 2139 1200 2177 noster,
1242 2130 1429 2168 videndus
1449 2137 1599 2182 praeter
1619 2131 1712 2167 alios

1051 2189 1255 2225 Pausanias
1265 2189 1293 2235 Ι,
1306 2190 1371 2228 39.
1387 2187 1599 2234 Secundam,
1613 2186 1711 2224 duce

1049 2244 1294 2282 Anchimoiio
1325 2257 1462 2295 parum
1492 2244 1591 2280 felici
1621 2256 1710 2280 suo-

1049 2316 1155 2338 cessu
1175 2307 1406 2352 susceptam,
1435 2301 1608 2351 exposuit
1628 2301 1710 2337 No-

1046 2366 1122 2395 ster
1161 2372 1244 2409 oap.
1277 2360 1341 2397 63.
1394 2357 1577 2401 Tertiam,
1611 2369 1709 2407 quae

1046 2416 1169 2465 prima
1198 2416 1269 2451 fuit
1291 2415 1506 2450 Cleomenis
1535 2414 1575 2449 iu
1603 2413 1707 2449 Atti-

1047 2485 1133 2508 cam
1155 2470 1346 2522 expeditio
1360 2499 1369 2516 ‚
1413 2483 1488 2522 qua
1509 2483 1557 2506 ex
1578 2470 1704 2505 Attica

1046 2530 1249 2579 profugere
1280 2527 1400 2563 coacti
1423 2533 1511 2564 sunt
1531 2527 1706 2562 Pisistra·

1047 2584 1167 2632 tidae,
1209 2585 1382 2634 exposuit
1413 2582 1515 2620 idem
1546 2595 1630 2633 cap.
1651 2581 1704 2622 64

1045 2648 1081 2678 et
1102 2655 1207 2692 seqq.
1232 2642 1352 2689 [anno
1374 2639 1454 2680 510
1476 2653 1510 2675 a.
1532 2637 1621 2676 Chr.
1643 2638 1703 2687 n.]

1043 2699 1124 2734 Iam
1145 2701 1275 2747 quarta
1296 2697 1486 2732 numerari
1513 2693 1705 2747 expeditio

1044 2755 1181 2804 poterit
1202 2766 1244 2789 ea
1259 2782 1268 2800 ,
1289 2766 1387 2805 quae
1407 2752 1572 2789 secunda
1587 2753 1703 2789 Cleo-

1044 2811 1164 2848 menis
1195 2810 1290 2847 suit:
1335 2808 1408 2862 qus«
1431 2822 1559 2847 arcem
1579 2807 1702 2846 Athe-

1731 373 1813 416 410
