1897 3340
419 188 1076 228 TERPSICHORE.
1134 189 1180 226 V.
1386 193 1441 232 97

179 297 412 353 γράμματα
449 297 496 340 ἐν
533 300 595 355 τῷ
632 297 713 354 ἵρῷ
757 300 837 339 τοῦ
874 293 1148 347 ’Λπόλλωνος
1191 300 1270 340 τοῦ
1308 296 1441 355 Ἰσμη-
1501 315 1647 355 Momm*
1663 318 1755 344 imm

180 368 282 409 νίου
301 366 347 409 ἐν
375 364 542 421 Θήβῃσι
569 367 668 421 τῇσι
689 367 896 408 Βοιωτῶν
925 364 992 407 ἐπὶ
1014 366 1189 420 τρίποσί
1218 376 1306 408 τισι
1327 365 1442 421 ἐγκε-

125 526 228 563 hunc
251 539 328 563 esse
347 524 538 576 tripodem
559 532 673 577 atque
702 526 783 560 He-

123 583 323 621 rodoteum
334 583 413 619 vult
435 583 593 620 Siebelis
614 581 662 618 ad
678 583 783 618 Pau-

122 653 202 678 san.
234 640 259 676 l.
288 640 314 675 l.
335 652 425 690 pag.
454 639 521 680 35.
579 640 637 674 De
667 639 782 675 literis

122 695 260 747 tripodi
296 696 491 746 insculptis
532 694 628 731 nihil
668 694 783 747 quid-

122 765 238 804 quam
259 759 535 789 commemorat
564 753 782 799 Pausanias,

121 822 214 860 quas
251 808 467 846 Herodotus
495 822 535 845 se
565 808 702 845 vidisse
724 815 779 845 te-

119 872 261 913 statur,
295 878 477 918 quasque,
512 867 558 902 ab
583 864 778 902 Herodoto

119 935 215 959 mox
235 923 383 970 allatas,
412 935 433 958 a
465 921 597 959 dextra
619 922 668 959 ad
698 923 780 958 lae-

119 991 208 1016 vam
248 980 471 1030 processisse
512 992 582 1029 pro
623 980 778 1031 antiquo

117 1049 237 1082 more,
250 1035 354 1073 haud
373 1037 474 1072 male
494 1037 563 1073 viri
585 1034 687 1073 docti
714 1049 781 1072 su-

117 1094 322 1149 spicantur.
401 1094 484 1138 Quo
522 1094 648 1130 minus
692 1106 782 1129 cum

118 1151 162 1186 F.
192 1150 240 1186 A.
273 1142 390 1186 Wolf
413 1150 592 1200 Prolegg.
620 1149 669 1186 ad
697 1151 781 1186 Ho-

117 1219 213 1243 mer.
249 1219 339 1257 pag.
365 1207 445 1246 LV.
467 1207 662 1254 iaciamus,
703 1207 782 1242 mi-

117 1270 243 1310 rante,
285 1262 390 1314 quod
430 1262 645 1299 Herodotus
684 1260 779 1300 haec

119 1321 395 1370 epigrammata
424 1319 474 1355 ad
508 1319 644 1356 Cadmi
675 1326 782 1356 aeta-

118 1383 197 1412 tem
225 1377 400 1427 proxime
424 1375 594 1412 retrudat
625 1383 662 1412 et
695 1377 779 1412 Ho-

117 1445 224 1469 mero
261 1433 379 1469 tribus
408 1440 618 1484 quatuorve
645 1433 779 1470 seculis

117 1489 320 1526 constituat
339 1490 485 1539 priora,
511 1490 640 1540 itaque
652 1491 779 1525 Hero-

118 1545 253 1583 dotum
286 1544 482 1582 contendit
502 1558 524 1582 a
543 1552 777 1582 monstrato—

118 1603 222 1640 ribus
242 1602 295 1639 sic
317 1601 498 1639 edoctum
516 1603 630 1639 fuisse
653 1609 690 1639 et
712 1615 778 1639 ac-

116 1666 226 1711 cepta
255 1672 325 1710 pro
355 1672 463 1696 more
483 1660 676 1707 retulisse,
706 1658 777 1696 ‹ie--

114 1723 271 1767 ceptum
289 1717 467 1753 inusitata
486 1717 683 1753 literarum
696 1716 777 1753 for—

113 1786 180 1810 ma
209 1786 281 1810 nec
307 1774 463 1824 ingenio
494 1774 581 1810 satis
619 1774 775 1810 subacto

114 1830 356 1867 instructum.
422 1832 526 1881 Ipsos
558 1843 687 1867 versus
728 1829 776 1866 ad

102 1888 311 1923 ‘Homerici
337 1888 363 1923 i.
395 1900 428 1923 e.
460 1887 627 1924 cultioris
655 1887 777 1923 Ionici

114 1945 299 1981 sermonis
307 1944 561 1980 imitationem
568 1944 687 1981 factos
697 1957 776 1981 esse

115 2001 208 2048 vult,
231 2001 277 2037 ab
298 2002 390 2048 ista,
413 2014 510 2052 quae
531 2001 684 2048 feratur,
707 2014 777 2038 ve·-

117 2064 254 2095 tustate
275 2058 495 2108 longissime
516 2056 776 2095 abhorrentes.

116 2113 351 2165 Tripodes„
371 2127 538 2166 quorum
568 2116 647 2151 iam
676 2113 780 2165 apud

116 2172 332 2208 Homerum
342 2171 520 2223 frequens
529 2173 675 2209 mentio
689 2185 780 2222 par—

117 2229 189 2265 tim
209 2227 258 2265 ad
289 2229 564 2279 supellectilem
597 2228 781 2266 domesti—

118 2298 203 2322 cam
213 2286 466 2336 pertinebant,
484 2287 607 2324 varios
628 2284 677 2322 ad
693 2298 780 2322 usus

117 2340 295 2389 adhibiti,
346 2343 486 2392 partim
533 2341 582 2379 ad
619 2355 780 2378 munera

118 2405 251 2449 sponte
273 2400 405 2435 amicis
427 2400 552 2436 oblata
572 2400 650 2436 sive
666 2412 780 2450 prae-

118 2456 196 2491 mia
215 2457 254 2491 in
276 2457 547 2493 certaminibus
569 2455 650 2492 dari
670 2457 781 2492 solita

119 2512 335 2549 victoribus.
395 2512 468 2558 Qui
491 2512 610 2549 iidem
630 2526 719 2549 cum
739 2513 779 2549 in

119 2579 223 2604 sacra
249 2570 436 2619 Apollinis
466 2570 696 2620 supellectili}
720 2582 781 2606 es-

120 2630 223 2672 sent,
253 2626 418 2663 crebrius
450 2626 496 2663 ab
519 2627 779 2678 antiquissimo

120 2678 211 2716 inde
232 2687 425 2732 tempore,
455 2684 679 2734 praesertiln
708 2695 780 2718 an—

120 2742 277 2787 tequam
287 2739 486 2776 simulacra
497 2739 671 2776 dedicare
683 2752 779 2776 con-

121 2799 311 2840 suessent,
340 2795 381 2830 iu
409 2797 560 2847 templis
589 2797 778 2847 Apollinis

178 2850 400 2888 Henonor.
429 2853 496 2889 111.

1501 349 1552 380 nii
1573 359 1601 384 q
1604 359 1715 377 ιιι-υιιι
1709 355 1771 386 rpi-

1498 388 1612 414 garinim
1617 385 1772 421 filialiter-is

1503 415 1595 441 (3¹11dn
1601 416 1643 441 tis

1669 419 1737 450 [pro
1742 425 1773 447 ιιι

1500 447 1582 474 Hero
1586 449 1653 475 dolo
1677 451 1772 481 xiuum

1501 484 1562 517 est]
1583 484 1662 520 scrip
1656 489 1706 513 ¹-ta

840 537 909 575 pro
969 524 1135 562 donariis
1202 526 1500 564 collocabantur.

840 582 1012 627 Quorum
1033 580 1121 619 hinc
1145 595 1327 620 numerus
1348 590 1501 634 tempo-

839 651 926 675 rum
958 638 1137 685 decursu,
1174 646 1216 676 ut
1235 640 1300 687 fit,
1329 642 1500 678 maxime

839 696 976 743 crevit,
1006 695 1110 732 unde
1129 696 1294 744 factum,
1316 704 1359 734 ut
1378 699 1500 734 Isme-

838 753 891 788 nii
912 753 1099 803 Apollinis
1119 754 1321 804 templum,
1351 755 1390 790 in
1423 768 1499 806 quo

836 815 915 845 tam
935 809 1047 845 multi
1062 810 1308 846 servabantur
1321 811 1500 862 tripodes,

836 864 1024 903 Pindarus
1077 873 1231 917 vocaret
1279 865 1500 904 thesaurum

835 922 1029 973 tripodum
1043 935 1257 971 aureorum,
1267 923 1418 975 Pythie.
1430 926 1501 972 XI,

836 980 920 1016 init.
978 978 1063 1016 Vid.
1086 978 1298 1030 Spanhem.
1331 980 1379 1017 ad
1409 981 1499 1017 Cal—

836 1035 992 1074 limach.
1022 1037 1062 1072 in
1081 1037 1165 1072 Del.
1198 1038 1250 1076 89
1280 1050 1317 1087 p.
1347 1038 1426 1078 451
1446 1038 1498 1089 vE.

839 1100 876 1129 et
904 1094 1145 1144 potissimum
1166 1091 1368 1130 Thierscli.
1389 1095 1497 1145 Epo-

838 1148 936 1187 chen
969 1149 1007 1187 d.
1037 1149 1128 1186 bild.
1150 1151 1285 1197 Kunst,
1308 1163 1395 1201 pag.
1421 1150 1498 1192 147

838 1206 899 1244 ed.
921 1208 982 1246 alt.
1007 1206 1143 1258 (quem
1165 1206 1229 1244 Cr.
1252 1208 1374 1258 citat.)
1395 1206 1499 1244 Add.

837 1263 879 1300 C.
903 1263 1181 1300 O.Mtille1.in
1201 1265 1500 1314 Bottig.An1al—

836 1318 925 1356 thea
944 1321 962 1356 I
988 1333 1025 1370 p.
1051 1322 1128 1360 123
1150 1333 1256 1372 seqq.
1290 1322 1369 1361 129
1391 1334 1498 1373 seqq.

893 1375 937 1416 ἐν
968 1379 1021 1429 τῷ
1047 1375 1119 1427 ἱρῷ
1148 1380 1219 1415 τοῦ
1253 1371 1502 1424 ’Λπόλλωνος

834 1447 906 1472 του
960 1417 1158 1483 Ἰσμηνίου
1213 1432 1255 1471 ἐν
1307 1429 1498 1488 Θήβῃσι]

835 1489 1023 1539 Apollinis
1053 1489 1210 1524 Ismenii
1236 1491 1429 1540 templum
1450 1490 1500 1528 ad

834 1543 1010 1582 dextram
1065 1542 1292 1581 Thebarum
1347 1554 1500 1597 portam

832 1602 904 1639 fuit
925 1602 1226 1649 exstructum,in
1248 1603 1358 1651 colle,
1382 1617 1499 1655 quem

832 1659 1121 1709 praeterlabitur
1134 1660 1322 1696 Ismenius
1342 1661 1499 1698 rivulus.

833 1715 920 1754 Vid.
941 1717 1106 1752 Pausan.
1136 1717 1215 1763 IX,
1248 1718 1299 1755 10
1321 1719 1357 1763 ξ.
1379 1720 1419 1758 2.
1455 1718 1499 1754 C.

834 1773 879 1810 Ο.
899 1773 1050 1809 Maller.
1073 1771 1304 1809 Orchomen.
1334 1788 1372 1824 p.
1406 1772 1500 1815 148.

832 1828 914 1870 487
946 1830 1030 1866 coll.
1059 1828 1244 1866 Herodot.
1275 1830 1304 1876 I,
1325 1831 1402 1877 52,
1433 1831 1501 1867 ubi

834 1885 1005 1923 eiusdem
1025 1885 1127 1922 aedis
1157 1886 1314 1924 mentio.
1375 1887 1501 1931 Quem

832 1942 1052 1993 Apollinem
1076 1944 1287 1979 Ismenium
1305 1955 1326 1979 a
1352 1943 1498 1981 Cadmo

833 1999 1170 2051 Phoenicibusque
1224 2000 1385 2036 allatum
1431 2001 1499 2038 vix

835 2057 955 2094 alium
986 2070 1064 2094 esse
1104 2055 1259 2092 credam
1290 2055 1407 2094 deum
1437 2065 1497 2094 at-

836 2127 912 2166 que
944 2114 1138 2150 Punicum
1157 2126 1304 2149 numen
1324 2115 1495 2151 Esmun:

837 2184 914 2223 quo
946 2169 1103 2223 quidem
1139 2171 1373 2207 salutiferam
1411 2172 1498 2208 solis

836 2230 918 2265 vim
939 2226 1146 2265 duodecim
1165 2227 1262 2264 coeli
1282 2229 1390 2278 signa
1408 2241 1499 2279 per-

836 2286 999 2321 meantis
1020 2283 1242 2321 indicabant
1262 2291 1298 2321 et
1310 2286 1498 2322 colebant.

835 2341 922 2379 Vid.
946 2342 1122 2378 Creuzer.
1145 2342 1322 2392 Symbol.
1342 2343 1379 2377 H
1407 2354 1498 2392 pag.

840 2399 918 2440 159
939 2412 1018 2450 seq.
1064 2399 1147 2443 Quo
1170 2396 1307 2434 eodem
1328 2405 1498 2449 spectare

834 2454 986 2492 videtur
1014 2452 1402 2505 Daphnephoriorum
1438 2455 1500 2491 fe-

836 2519 951 2555 stum,
983 2525 1088 2548 nono
1110 2524 1265 2563 quoque
1287 2525 1388 2549 anno
1408 2510 1498 2549 huic
1538 2546 1541 2551 ι

837 2569 1012 2619 Apollini
1032 2569 1215 2605 celebrari
1234 2569 1403 2616 solitum,
1427 2582 1499 2604 an-

835 2626 1094 2677 tiquissimum
1131 2624 1229 2672 illud,-
1267 2625 1425 2677 qnidem
1458 2625 1497 2660 in
1532 2619 1543 2629 ¹

835 2681 1024 2719 honorem
1045 2682 1145 2729 solis,
1165 2689 1208 2718 ut
1224 2689 1357 2718 monet
1377 2682 1498 2717 Creu-

835 2752 912 2775 zer.
933 2740 959 2776 l.
975 2739 1001 2775 l.
1022 2752 1112 2789 pag.
1138 2741 1239 2785 1613
1260 2751 1351 2774 nam
1366 2736 1413 2772 ad
1433 2747 1497 2772 so-

834 2796 913 2832 lare
952 2808 1099 2832 numen
1139 2795 1297 2846 eiusque
1335 2794 1414 2830 vim
1453 2803 1496 2827 ac

1189 2852 1216 2888 7
