1897 3340
4 661 69 708 98

445 222 919 262 POLYMNIA.
975 220 1082 258 V11.

1307 226 1390 266 747

135 332 181 375 δὲ
209 334 351 384 τοῦτο,
381 337 494 376 τοῖσι
523 329 860 388 ἐπιγενομένοισι
891 328 932 379 ἐξ
962 327 1132 371 ἑωυτοῦ
1153 332 1282 382 μῆνιν
1310 337 1390 375 τοῦ

106 403 253 442 5θεοῦ
282 398 466 455 ἐνέβαλε.
525 400 686 455 ,Ξέρξης
715 397 761 440 δὲ
788 398 927 439 ταῦτα
957 394 1164 447 οἰκούσας,
1196 395 1254 446 ὠς
1282 398 1390 441 κατὰ

133 465 182 511 τὰ
215 466 345 519 ἄλσος
387 467 572 524 ἐγένετο,
617 463 746 515 αὐτός
779 479 824 507 τε
854 463 1000 518 ἔργετο
1031 459 1196 515 αὐτοῦ,
1228 464 1303 505 καὶ
1339 468 1447 520 τῇ34ο

136 539 317 592 στρατιῇ
346 535 462 593 πάσῃ
491 532 768 589 παρήγγειλε·
798 535 887 575 τῶν
906 547 951 574 τε
985 528 1257 585 Ἀθάμαντος
1287 528 1392 573 ἄπο-

131 601 214 659 γόι
217 619 278 646 ων
306 603 387 658 τήν
416 604 556 656 οἰκίην
586 599 744 656 ὁμοίως
765 599 836 642 καὶ
856 597 906 642 τό
934 598 1110 654 τέμενος
1139 596 1319 652 ἐσέβετο.

226 675 372 714 Ταῦτα
408 671 486 724 μὲν
526 667 579 710 τοὶ
609 666 656 711 ἐν
687 668 915 722 Θεσσαλίῃ,
959 667 1031 710 καὶ
1060 665 1112 709 τὰ
1142 665 1189 710 ἐν
1212 664 1391 721 Ἀχαιίῃ.
1448 676 1544 716 Mari
1563 686 1613 704 m·
1617 682 1664 705 tus
1691 678 1720 707 in

131 737 230 783 Ἀπὸ
260 739 305 782 δὲ
331 735 497 780 τούτων
526 738 615 778 τῶν
642 734 794 791 χώρων
822 733 890 790 ἤϊε
919 734 961 785 ἐς
989 733 1069 789 τὴν
1099 733 1277 816 Μηλίδα
1316 746 1395 775 πα-
1453 720 1535 771 εὛ
1540 711 1672 772 Mf¹r¹¹3ig⁰
1670 747 1720 773 aa

133 805 190 860 ροὲ
221 804 386 849 κόλπον
415 802 657 859 θαλασσης,
698 803 745 846 ἐν
781 818 842 858 τῳ
873 801 1064 857 ἄμπωτίς
1091 817 1136 844 τε
1164 801 1238 844 καὶ
1269 801 1448 858 ῥηχίη45
1451 787 1495 838 ἰτ
1483 788 1531 839 pa
1502 779 1615 839 ι’
1582 799 1586 804 '
1612 780 1653 805 P
1619 785 1723 854 υθῑᾼιιῡ

104 872 220 916 Ξᾶνα
258 876 405 915 πᾶσαν
435 869 599 928 ἡμέρην
636 872 813 926 γίνεται.

131 938 291 984 τοῦτόν
311 939 399 983 ἐστι
427 943 568 995 χῶρος
588 937 775 989 πεδινός,
805 939 859 994 τῇ
889 953 968 992 μεν
990 935 1132 992 εὐρὺς,
1159 941 1212 994 τῇ
1242 938 1288 981 δὲ
1318 938 1392 981 καὶ

1449 846 1490 872 tic
1476 855 1556 880 qima
1576 821 1678 874 ¹Fluxii

131 1007 267 1061 κάρτα
297 1008 475 1059 στεινός.
505 1008 604 1062 περὶ
626 1007 672 1049 δὲ
703 1005 779 1049 τόν
807 1008 949 1059 χῶρον
979 1003 1113 1059 οὔρεα
1142 1004 1289 1061 ὑψηλοὶ
1318 1006 1392 1049 καὶ

131 1076 274 1132 ἄβατα
311 1078 549 1131 περικληίει
587 1079 732 1118 πᾶσαν
774 1073 852 1129 τὴν
893 1076 1074 1130 Μηλίδα
1101 1078 1204 1129 γῆν,
1240 1076 1396 1129 Τρηχί-

101 1150 227 1186 3νιαι
255 1143 407 1197 πέτραι
438 1140 704 1199 καλεόμεναι.
762 1140 914 1197 πρώτη
943 1143 1022 1197 μέν
1052 1158 1134 1185 νυν
1162 1141 1288 1191 πόλις
1308 1141 1395 1184 ἐστὶ
1407 1148 1451 1182 50

131 1212 179 1255 ἐν
207 1215 268 1268 τῷ
296 1210 442 1270 κόλπῳ
472 1211 585 1255 ἰόντι
613 1209 697 1255 ἀπὸ
722 1208 919 1266 Ἀχαιίης,
938 1207 1181 1265 Ἀντικύρη·
1212 1206 1310 1264 παρ’
1340 1207 1395 1266 ἢν

73 1419 290 1457 lustrandae
310 1427 433 1458 terrae
460 1434 574 1459 causa
594 1422 736 1458 immo-

74 1477 165 1514 lare.
196 1479 263 1514 Est
279 1479 384 1514 enim
402 1475 612 1529 καθαρμός
633 1479 736 1528 quid-

75 1534 161 1583 quid
192 1534 241 1570 ad
262 1536 494 1584 purgandum
526 1549 555 1572 s.
585 1537 736 1585 expian-

74 1590 154 1628 dum
173 1591 369 1638 adhibetur,
401 1599 443 1628 ut
461 1588 664 1642 κάθαρμα,
687 1591 735 1628 de

77 1659 154 1697 quo
195 1648 303 1698 plura
343 1648 508 1698 disputat
540 1649 732 1686 Lambert.

73 1704 162 1742 Bos.
183 1706 366 1742 Exercitt.
387 1704 532 1755 philoll.
554 1704 630 1742 adl
646 1705 731 1744 Cor.

74 1761 137 1807 IV,
170 1764 235 1801 13.
293 1763 351 1797 De
381 1762 456 1799 Aea
492 1761 653 1799 Colchide
683 1762 731 1800 cf.

74 1817 156 1863 ΥΠ,
178 1820 253 1857 193
267 1825 304 1854 et
325 1817 372 1854 de
392 1831 486 1856 voce
496 1821 616 1870 μῆνις
636 1825 731 1858 nott.

76 1872 124 1910 ad
144 1874 226 1922 ΥΠ,
251 1872 343 1914 134.

247 1964 341 2016 cap.
363 1964 563 2003 cxcvm.

132 2039 198 2092 ἤϊε
225 2042 264 2089 ἐς
300 2039 374 2092 τήν
411 2043 606 2092 Μηλίδα]
647 2041 734 2081 Vid.

77 2106 172 2137 nott.
207 2099 255 2136 ad
284 2100 364 2147 Vll,
399 2102 492 2140 132.
549 2101 655 2145 Quae
675 2113 738 2137 se-

79 2170 157 2208 quu
148 2163 267 2193 ntur:
291 2155 333 2195 ἒν
356 2171 408 2209 τῳ
429 2153 607 2207 ἄμπωτίς
619 2171 658 2195 τε
669 2155 736 2195 καὶ

80 2213 196 2265 ῥηχίη
226 2208 302 2252 ανά
325 2215 460 2251 πᾶσαν
488 2211 644 2265 ημέρην
675 2213 738 2264 γί-

80 2283 188 2308 νεται
214 2270 239 2306 ἱ.
268 2282 302 2305 ο.
329 2270 368 2306 in
393 2282 457 2319 quo
472 2271 603 2320 fluxus
623 2273 656 2306 et
679 2282 738 2307 re-

80 2327 204 2375 fluxus
229 2337 259 2361 s.
281 2337 431 2361 recessus
452 2330 484 2362 et
513 2339 670 2363 accessus
693 2339 739 2363 a-

82 2394 228 2432 quarum
260 2381 414 2429 quotidie
429 2382 501 2431 fit,
531 2382 666 2419 eadem
686 2384 740 2419 le-

81 2445 225 2489 guntur
254 2438 301 2484 11,
334 2440 383 2477 11
417 2438 502 2474 coll.
525 2438 623 2485 VIII,
648 2441 740 2479 129.

81 2496 209 2546 Atque
231 2493 305 2530 huc
317 2500 484 2543 spectare
499 2495 635 2530 Catulli
654 2507 742 2530 ver*

82 2552 130 2588 ba
150 2553 189 2588 in
203 2552 313 2600 Eleg.
337 2547 531 2600 (LXVIII)
554 2550 602 2587 ad
622 2551 740 2590 Manl,

82 2622 137 2646 vs.
159 2607 210 2648 53
227 2621 305 2658 seq.
341 2608 468 2643 statuit
497 2606 655 2657 Kriegk.
684 2608 743 2643 De

82 2665 269 2703 Malienss.
302 2676 389 2714 pag.
424 2665 486 2710 16,
507 2665 571 2700 ubi
589 2637 744 2729 ssAppia-

83 2734 180 2758 num
210 2734 363 2773 quoque
391 2721 499 2768 citat,
535 2721 602 2771 qui
636 2721 741 2771 Syrr.

87 2780 138 2818 17
159 2774 369 2816 θάλασσαν
397 2780 579 2829 τραχεῖαν
603 2776 669 2816 καὶ
692 2773 743 2816 α’-

86 2834 247 2885 λίμενον
275 2841 399 2873 vocat.
455 2834 638 2873 Observat
674 2847 741 2872 au-

789 1427 869 1458 tem
896 1419 1057 1458 Rennel.
1078 1432 1115 1470 p.
1128 1421 1208 1460 673
1231 1432 1354 1456 errare
1376 1432 1451 1469 eos,

792 1479 858 1529 qui
886 1475 1224 1525 mediterraneum,
1246 1476 1350 1528 quod
1380 1490 1453 1514 vo-

791 1541 923 1581 catur,
953 1546 1059 1569 mare
1090 1532 1199 1569 fluxu
1228 1546 1271 1570 ac
1302 1533 1452 1570 refluxu

791 1603 919 1627 carere
940 1591 1170 1638 existiment,
1196 1603 1286 1626 cum
1304 1604 1345 1627 re
1364 1603 1454 1628 vera

789 1654 963 1699 uterque,
992 1648 1152 1696 exiguus
1173 1648 1365 1698 quamvis,
1392 1660 1456 1684 re-

789 1705 957 1755 periatur
1012 1702 1275 1755 Herodotique
1338 1704 1455 1755 igitur

790 1761 1060 1811 comprobetur
1080 1761 1354 1798 testimonium.

847 1815 968 1866 οὕρεα
991 1813 1134 1866 ’ὑψηλοὶ
1147 1816 1215 1856 καὶ
1236 1813 1367 1868 ἄβατα
1387 1831 1455 1856 πε-

791 1874 959 1926 ρικληίει
995 1876 1130 1912 πᾶσαν
1162 1870 1237 1923 τη“ν
1284 1874 1454 1924 Μηλίδα

789 1931 898 1984 γῆν]
931 1929 1018 1970 vid.
1039 1937 1135 1967 nott.
1165 1929 1213 1966 ad
1242 1930 1323 1978 VII,
1360 1932 1454 1971 176.

791 1987 1013 2039 περικληίει
1032 1999 1136 2023 nunc
1157 1993 1259 2023 recte
1293 1986 1454 2033 editum,

793 2050 835 2080 ut
866 2042 1013 2080 dudum
1042 2044 1214 2080 voluerat
1242 2045 1366 2080 Koen.
1405 2042 1455 2080 ad

793 2101 954 2150 Gregor.
976 2101 1061 2141 Cor.
1085 2099 1132 2136 de
1150 2099 1298 2141 dialect.
1315 2102 1398 2137 Ion.
1415 2100 1454 2145 ξ.

794 2159 818 2197 3
850 2171 885 2207 p.
919 2159 1011 2197 377.
1079 2155 1204 2207 Vulgo
1235 2152 1453 2210 περικλῄει,

795 2215 901 2250 cuius
922 2213 1007 2250 loco
1028 2213 1269 2250 Florentinus
1298 2214 1454 2264 praebet

794 2270 1015 2320 περικλείει.
1063 2269 1238 2307 Reiskius
1268 2271 1457 2307 maluerat

796 2323 925 2376 ἄβατα
942 2322 990 2364 to?
1010 2323 1173 2380 περικλῄ
1182 2341 1214 2365 ει
1231 2356 1240 2374 ,
1270 2327 1456 2377 probante

796 2383 1066 2433 Wesselingio‚
1094 2384 1160 2435 qui
1180 2396 1273 2420 mox
1292 2396 1362 2434 pro
1383 2380 1459 2434 τήν

799 2435 996 2490 Μηλιοὲδα
1016 2446 1118 2477 recte
1140 2439 1245 2477 dedit
1265 2438 1338 2490 τήν
1364 2443 1459 2490 Μη-

796 2497 886 2536 λίδα
925 2499 1023 2548 γῆν,
1069 2504 1112 2533 ut
1139 2498 1221 2545 ΥΠ,
1242 2499 1337 2538 201.
1358 2498 1458 2544 VIII,

798 2556 865 2594 31.
889 2551 1070 2603 Sophocl.
1091 2553 1234 2591 Trach.
1251 2557 1347 2594 637.

854 2605 1086 2662 Ἀντικύρη]
1117 2612 1224 2647 Unus
1245 2610 1381 2647 Strabo
1402 2609 1458 2644 IX

800 2679 839 2717 p.
871 2666 951 2707 640
979 2668 1023 2705 B.
1055 2681 1083 2704 s.
1105 2681 1144 2718 p.
1172 2667 1253 2707 418
1275 2665 1376 2701 hunc
1398 2665 1457 2701 vi-

800 2736 912 2771 cum,
949 2725 1014 2760 ubi
1052 2722 1312 2767 helleborum,
1353 2719 1457 2773 quod

800 2793 849 2817 ex
869 2780 985 2818 Oetae
1004 2784 1198 2819 montibus
1218 2780 1347 2829 colligi
1364 2778 1457 2816 scri-

798 2837 854 2875 bit
884 2835 1140 2890 Theophrast.
1155 2840 1205 2876 H.
1225 2838 1284 2875 Pl.
1304 2838 1374 2886 IX,
1391 2839 1456 2878 11.

877 869 976 924 περὶ
1020 868 1065 911 δὲ
1108 867 1188 912 τόν
1227 867 1392 911 κόλπον
1449 879 1643 949 ξὲὲετῗῶιᾶε
1664 857 1709 915 D’y
