1897 3340
22 1982 33 2382 -ᾷ--μ-ψ-

532 249 1010 291 POLYMNIA.
1071 250 1172 288 VII.

1379 257 1464 297 545

135 417 139 420 Ι
164 363 394 407 4Κισσίων
423 362 470 407 δὲ
500 356 603 416 ἦρχε
631 359 819 414 Ἀνάφης
849 357 874 401 ὁ
901 356 1104 401 Ὀτάνεω.
1160 356 1387 412 Ὑρκάνιοι
1418 362 1463 405 δὲ
1476 372 1520 405 20

192 430 305 474 κατά
339 447 420 486 περ
460 429 628 483 Πέρσαι
664 425 913 482 ἐσεσάχατο,
952 422 1145 482 ἡγεμόνα
1171 425 1464 482 παρεχόμενοι

135 616 226 642 vero
247 605 398 651 mitram,
421 613 535 653 quam
545 598 650 637 Cissii
669 605 798 649 gesta-

135 661 241 708 bant,
264 673 285 696 a
304 662 399 697 tiara
420 660 623 695 Persarum
644 655 711 706 (de
722 668 798 708 qua

136 716 214 755 vid.
241 717 334 764 V11,.
352 718 432 761 61)
463 714 652 752 diversam
683 713 798 750 fuisse

133 774 212 810 iam
232 773 329 810 bene
348 770 443 809 vidit
462 772 626 809 Brisson.
646 771 705 807 De
714 783 797 821 reg.

133 831 257 866 Perss.
283 828 444 880 princip.
467 830 498 876 Ι,
518 826 591 876 49,
623 828 685 864 cui
706 826 795 864 add.

131 887 308 935 Mongez.
330 886 355 924 l.
378 885 404 922 l.
432 897 521 935 pag.
547 883 613 924 15.
669 885 800 922 Accu-

131 943 271 979 ratiora
291 941 395 979 dabit
415 942 446 980 I.
469 941 518 979 de
539 943 737 978 Hammer.
758 942 799 977 in

131 999 288 1036 Annali·
322 999 462 1036 Vienn.
489 998 547 1035 IX
567 1011 656 1049 pag.
679 997 798 1039 58—-

133 1058 200 1103 62,
233 1056 300 1092 ubi
334 1054 445 1093 docet
474 1058 615 1093 mitram
648 1056 800 1106 proprie

132 1110 208 1149 dici
227 1113 345 1149 tiarae
358 1119 505 1161 partem
521 1119 675 1149 ornatus
688 1125 803 1149 causa

133 1167 302 1206 additam
321 1168 446 1206 form&
474 1169 696 1217 orbiculari,
718 1170 803 1220 api-

134 1238 221 1263 cem
244 1225 385 1263 dixeris
406 1227 522 1263 tiarae
535 1227 800 1274 orbicularem,

130 1283 201 1320 soli
230 1296 260 1320 s.
291 1282 456 1320 Mithrae
485 1282 558 1320 deo
599 1295 802 1320 consecra-

130 1345 216 1376 tum
246 1339 414 1393 indeque
446 1341 562 1376 etiam
595 1342 801 1378 Persarum

130 1396 284 1446 regibus
368 1397 606 1434 attributum.
695 1396 801 1434 Add.

131 1451 301 1490 Schoen.
320 1453 361 1489 in
384 1453 604 1491 Comment.
631 1453 678 1491 de
700 1467 798 1505 pers.

130 1509 170 1546 in
190 1510 324 1561 Eurip.
343 1508 486 1548 Bacch.
508 1523 595 1561 pag.
623 1510 714 1558 141,
735 1511 801 1548 ubi

132 1566 233 1604 bene
272 1567 458 1614 observat,
488 1569 622 1604 mitrae
642 1580 801 1617 nomen,

135 1636 225 1660 cum
242 1623 282 1660 in
304 1625 474 1674 capitalis
509 1623 707 1661 cuiusdam
734 1637 800 1661 or—

133 1687 245 1717 uatus
270 1680 588 1731 significationem
618 1682 797 1729 cessisset,

135 1735 289 1773 dilatata
309 1750 516 1789 parumper
529 1739 579 1786 vi,
600 1737 705 1775 idem
727 1737 799 1775 ad-

128 1790 295 1830 hibitum
329 1807 407 1832 esse
446 1793 495 1832 ad
516 1794 797 1846 designandum

131 1849 288 1901 aliquod
325 1851 416 1902 pilei
450 1864 592 1901 genus,
633 1851 739 1903 quod
758 1853 798 1888 in

130 1906 298 1944 barbaris
337 1908 554 1945 nationibus
594 1909 799 1959 praecipue

130 1964 281 2000 Asianis
302 1976 373 2000 usu
393 1965 523 2002 venire
544 1965 799 2007 consueverit,

131 2020 260 2072 Atque
280 2018 354 2057 hoc
382 2034 494 2058 sensu
517 2022 632 2058 etiam
655 2022 702 2058 ab
723 2023 799 2057 He-

130 2076 266 2114 rodoto
279 2077 413 2114 Cissios
428 2077 640 2115 dicistatuit
661 2093 801 2130 μιτρη-

132 2129 295 2185 φόρους,
316 2134 414 2172 bene
447 2134 704 2186 distinguente
724 2134 799 2173 hoc

132 2191 223 2241 pilei
252 2203 373 2240 genus
395 2204 416 2228 a
447 2193 651 2230 Persarum
677 2193 798 2242 pileis.

132 2248 213 2284 Nec
241 2248 347 2284 aliter
381 2249 459 2285 fere
489 2248 604 2287 tradit
632 2248 799 2286 Schnei-

134 2301 214 2340 der.
234 2304 275 2339 in
294 2305 390 2341 Lex.
412 2306 478 2342 Gr.
499 2319 530 2344 s.
545 2320 583 2344 v.
614 2306 743 2358 μίτρα,
776 2318 799 2342 a

142 2358 209 2396 Cr.
232 2361 437 2409 excitatus,
477 2363 543 2413 qui
571 2361 677 2400 idem
704 2361 802 2400 haec

136 2413 356 2466 adscripsit:
438 2419 508 2464 „In
558 2420 646 2457 viris
695 2422 802 2458 mitra

138 2477 193 2506 est
211 2471 386 2507 luxuriae
417 2472 602 2511 Asiaticae
633 2476 800 2526 signum.

138 2525 225 2565 Vid.
248 2529 384 2578 Heyne
405 2527 453 2564 ad
473 2530 605 2580 Virgil.
626 2532 725 2568 Aen.
736 2533 801 2580 IV,

139 2585 233 2630 216,
259 2585 326 2620 ubi
347 2585 462 2621 etiam
497 2584 543 2621 de
563 2586 717 2624 Baccho
738 2603 804 2638 μι-

138 2637 342 2693 τρηφόρῳ.
384 2641 454 2677 Cui
475 2655 577 2679 nnnc
599 2641 686 2680 add.
704 2656 801 2695 quae

139 2698 248 2746 posui
278 2697 325 2734 ad
346 2699 501 2735 Nice-tae
522 2697 703 2749 Epitheta
722 2701 804 2736 De-

141 2764 216 2788 orr.
247 2753 287 2790 in
319 2754 467 2792 Melett.
502 2756 519 2791 I
540 2768 628 2807 pag.
649 2758 699 2796 21
723 2763 805 2794 not.

143 2808 244 2847 17.“

195 2860 400 2916 Ὑρκάνιοι
420 2863 464 2906 δὲ
487 2862 589 2907 κατά
607 2881 682 2920 περ
701 2865 805 2921 Πέρ-

202 2922 430 2960 Hssflonor.
460 2924 529 2962 111.

855 608 921 639 σαι
942 593 1186 650 ἐσεσάχατο]
1228 599 1413 652 Hyrcanii
1431 616 1521 644 cum

852 656 894 693 in
921 656 1062 703 Persici
1091 657 1242 708 imperii
1269 660 1521 710 satrapiarmn

853 725 897 750 ac
917 714 1091 763 gentium
1111 714 1350 763 singularum
1382 730 1520 754 recen-

852 770 979 819 sione,
1014 783 1113 822 quae
1146 771 1244 809 libro
1274 774 1330 809 111
1359 786 1443 825 cap.
1464 777 1519 816 90

854 839 961 879 seqq.
982 827 1201 875 instituitur,
1218 827 1323 867 haud
1344 843 1521 867 comme-

855 890 1067 931 morentur,
1088 897 1151 922 eos
1170 886 1321 934 Daritis,
1341 888 1521 936 Pausicis,

857 941 938 977 aliis
959 941 1136 991 gentibus
1157 955 1270 993 supra
1284 945 1349 992 III,
1374 946 1428 986 92
1458 958 1523 981 re-

857 999 1007 1035 censitis
1038 1005 1075 1034 et
1107 998 1261 1036 easdem
1294 1001 1373 1037 fere
1393 1003 1523 1052 regio-

856 1068 947 1102 nes,
977 1067 1075 1107 quae
1095 1057 1294 1107 Hyrcaniis
1323 1058 1440 1109 vulgo
1465 1072 1523 1097 as-

855 1112 1067 1162 signantur,
1104 1119 1169 1149 aut
1189 1121 1291 1151 certe
1312 1117 1523 1153 contermi-

857 1181 926 1205 nas
947 1169 1164 1206 tenentibus
1198 1172 1385 1208 contineri
1416 1179 1524 1223 putat

857 1226 1020 1263 Rennel.
1048 1239 1138 1277 pag.
1171 1227 1268 1269 502.
1324 1230 1437 1266 Nunc
1459 1243 1523 1266 re-

857 1283 942 1333 gio,
987 1295 1104 1334 quam
1131 1285 1314 1335 Hyrcanii
1341 1286 1433 1322 olim
1455 1299 1524 1325 oc-

858 1346 1058 1390 cuparunt,
1070 1347 1229 1377 vocatur
1242 1341 1391 1389 Corkan,
1404 1356 1522 1380 mon-

855 1403 937 1433 tosa
968 1395 1169 1449 densisque
1201 1399 1315 1449 sylvis
1337 1401 1524 1450 optimam

856 1453 1015 1490 navibus
1055 1454 1282 1492 fabricandis
1320 1459 1524 1494 materiam

856 1511 1124 1561 praebentibus
1137 1512 1291 1562 repleta,
1313 1513 1526 1552 laetissimis

857 1567 1018 1605 vallibus
1048 1569 1155 1604 omni
1184 1569 1264 1605 fere
1283 1583 1414 1607 rerum
1434 1584 1528 1622 pro-

858 1630 978 1661 ventu
1006 1624 1219 1675 insignibus
1250 1633 1396 1665 ornata.
1436 1627 1526 1668 Vid.

855 1682 1020 1718 Heeren.
1050 1681 1180 1720 Ideen.
1209 1683 1239 1731 1,
1265 1686 1284 1723 1
1307 1697 1397 1735 pag.
1428 1685 1524 1727 315.

856 1758 909 1765 —-
931 1739 1007 1774 Pro
1029 1734 1240 1789 ἐσεσάχατο
1260 1740 1302 1776 in
1332 1741 1526 1779 Sancrofti

853 1794 950 1831 libro
964 1795 1158 1832 invenitur
1168 1793 1369 1847 ἐτετάχατο
1381 1811 1392 1846 3
1408 1799 1525 1846 male,

856 1849 1057 1888 Eustathio
1079 1865 1235 1904 quoque
1255 1860 1364 1899 teste,
1388 1856 1453 1906 qui
1473 1854 1524 1892 ad

853 1908 898 1946 Il.
920 1909 956 1944 II
977 1921 1015 1958 p-
1036 1908 1131 1956 234,
1155 1911 1206 1949 12
1230 1923 1260 1948 S.
1286 1912 1378 1958 177,
1400 1914 1454 1952 26
1476 1925 1526 1949 ex

855 1963 1054 2001 Herodoto
1071 1964 1182 2002 affert
1210 1961 1423 2018 ἐσεσάχατο
1435 1964 1526 2008 α’ντὶ

855 2022 930 2059 τοῦ
959 2019 1203 2072 ὠπλισμένοι
1224 2017 1343 2073 ἦσαν.
1400 2025 1451 2061 Et
1473 2025 1527 2062 cf.

857 2076 1002 2115 Herod.
1025 2079 1106 2125 VII,
1127 2081 1195 2119 70.
1225 2082 1293 2120 73.
1323 2082 1392 2122 86.
1421 2080 1527 2119 Add.

856 2135 894 2171 T
898 2133 1054 2173 heocrit.
1075 2136 1196 2183 XVII,
1220 2134 1274 2177 94
1300 2143 1337 2174 et
1357 2136 1526 2191 Hesych-

855 2193 957 2243 11‘p.
990 2194 1109 2240 1171,
1146 2193 1213 2229 ubi
1239 2190 1456 2245 σεσάχθαι’
1485 2194 1528 2235 ἐ-

856 2244 1098 2296 σκευάσθαι,
1119 2250 1529 2300 καθοπλίζεσθαιμῑιο-

855 2311 960 2342 tante
981 2303 1168 2343 Valcken.
1226 2307 1292 2343 Tu
1320 2306 1400 2350 vid.
1430 2315 1527 2347 nott.

858 2359 907 2399 ad
935 2363 1001 2410 111,
1033 2365 1059 2403 7
1089 2369 1127 2399 et
1165 2362 1215 2400 cf.
1246 2364 1391 2413 Blomf.
1413 2366 1530 2404 Glos-

857 2431 929 2457 sar.
951 2418 1000 2457 ad
1020 2417 1201 2471 Aeschyl.
1223 2420 1266 2458 S.
1287 2433 1320 2458 c.
1342 2420 1528 2463 Th.119.

857 2476 1230 2528 Plusquamperfecti
1250 2477 1418 2516 formam
1439 2479 1530 2516 atti-

859 2532 915 2582 git
960 2531 1096 2570 Matth.
1129 2534 1196 2571 Gr.
1227 2534 1294 2572 Gr.
1323 2548 1412 2586 pag.
1446 2538 1528 2576 377

860 2588 946 2637 (ubi
965 2602 1081 2639 prave
1091 2590 1319 2642 impressum
1338 2594 1377 2638 2,
1393 2594 1446 2633 62
1458 2603 1528 2642 pro

859 2645 899 2692 7,
921 2646 1008 2695 62).
1065 2646 1150 2691 Quo
1178 2647 1317 2684 eodem
1336 2649 1530 2699 pertinent

861 2697 1065 2752 ἐτετάχατο
1085 2703 1166 2751 VII,
1188 2706 1255 2745 87.
1273 2699 1528 2754 ἐπετετάχατο

859 2757 943 2804 VII,
959 2759 1012 2800 85
1032 2757 1101 2796 fin.
1126 2762 1193 2802 87.
1219 2756 1528 2811 προσετετάχατο

862 2812 944 2862 VH,
973 2818 1042 2856 70.
1082 2813 1326 2866 κατειλίχατο
1360 2816 1441 2863 VII,
1473 2817 1528 2856 76

864 2868 932 2907 fin.
964 2873 1033 2912 90.
1075 2867 1315 2912 ἐσταλάδατο
1347 2871 1429 2919 VII,
1459 2873 1528 2912 89.
