1897 3340
321 715 388 760 29

446 272 532 312 260

845 258 1310 305 1⁷1'ERODOT1

420 379 522 423 4'Ev
553 379 599 423 δὲ
628 375 824 422 τούτοισι
853 380 967 420 τοῖσι
995 378 1193 435 χωρίοισι
1223 373 1426 430 ἐτύγχανε
1454 371 1539 416 ἐών
1555 370 1712 426 Ι’Ἀρετα-

446 464 546 504 γος,
579 444 689 501 ἀνὴρ
712 445 900 500 Πέρσης,
934 444 1170 500 στρατηγὸς
1201 445 1403 498 στρατιῆς
1435 438 1516 484 οὐκ
1548 439 1714 496 ὀλίγης·

449 516 499 568 ὅς
528 516 572 558 οἱ
602 512 816 567 ἀποβάντι
847 511 1106 567 συμβαλών,
1147 508 1281 554 αὐτόν
1324 525 1367 552 τε
1406 507 1609 552 Ἱστιαῖον
1640 509 1716 559 ζω-

446 584 549 640 γρίῃ
589 581 725 636 ἔλαβε,
755 579 829 622 καὶ
858 577 937 622 τὸν
968 577 1156 634 στρατόν
1194 575 1333 622 αὐτοῦ
1373 575 1451 619 τὸν
1487 573 1602 618 πλέω
1633 572 1773 617 defi-70

449 656 620 707 φθειρε.

525 712 773 771 Ἐζωγρήθη
804 713 850 758 δὲ
878 712 902 758 ὁ
942 712 1141 763 Ἱστιαῖος
1180 707 1278 755 ὦδε.
1335 708 1394 761 ὥς
1437 707 1646 765 ἐμάχοντο
1676 707 1719 750 οἱ

433 784 639 840 ’Έλληνες
667 786 782 824 τοῖσι
813 781 1007 837 Πέρσῃσι
1029 780 1076 823 ἐν
1104 782 1159 836 τῇ
1186 776 1376 834 Μαλήνῃ
1409 782 1485 833 τῆς
1509 776 1722 830 Ἀταρνεί-

449 855 568 903 τιδος
607 849 776 907 χώρης,
817 850 860 892 οἱ
899 849 979 903 μὲν
1010 848 1281 892 συνέστασαν
1309 843 1472 901 χρόνον
1512 845 1582 888 ἐπὶ
1609 846 1721 888 πολ-

449 920 550 970 λὸν,
582 916 608 974 ἡ
640 917 686 961 δὲ
717 918 846 967 ἵππος
874 915 1062 970 ὕστερον
1092 914 1336 971 ὁρμηθεῖσα
1366 912 1578 955 ἐπιπίπτει
1607 915 1723 955 τοῖσι

422 987 636 1041 &Ennea
689 983 784 1028 τότε
823 983 876 1041 δὴ
912 984 1043 1039 ἔργον
1080 987 1155 1038 τῆς
1191 984 1329 1025 ἵππου
1366 982 1497 1022 τοῦτο
1534 977 1722 1034 ἐγένετο·

450 1054 525 1098 καὶ
557 1051 863 1107 τετραμμένων
891 1054 980 1095 τῶν
1004 1050 1234 1107 Ἑλλήνων,
1267 1046 1290 1091 ὁ
1316 1047 1515 1098 Ἱστιαῖος
1544 1045 1778 1099 ἐλπίζων75

451 1121 534 1167 οὐκ
565 1119 827 1164 ἀπολέεσθαι
867 1116 957 1162 ὑπὸ
999 1118 1198 1175 βασιλέος
1235 1114 1307 1160 διά
1346 1114 1426 1170 τὴν
1469 1117 1723 1169 παρεοῦσαν

448 1187 702 1245 ἁμαρτάδα,
736 1187 1004 1243 φιλοψυχίην
1034 1183 1208 1242 τοιήνδε
1237 1181 1336 1226 τινά
1370 1180 1631 1237 ἀναιρέεται·
1664 1178 1723 1232 ὥς

452 1257 630 1314 φεύγων
659 1270 705 1298 τε
733 1253 1081 1309 κατελαμβάνετο
1115 1251 1200 1296 ὑπὸ
1235 1249 1396 1305 ἀνδρὸς
1427 1250 1617 1305 Πέρσεω,
1648 1248 1723 1292 καὶ

453 1325 514 1376 ὥς
548 1321 887 1377 καταιρεόμενος
931 1320 1017 1364 ὑπ’
1059 1318 1199 1364 αὐτοῦ
1245 1319 1391 1375 ἔμελλε
1429 1314 1721 1374 συγκεντηθή-

450 1398 630 1443 σεσθαι,
675 1391 874 1446 Περσίδα
902 1391 1107 1446 γλῶσσαν
1145 1387 1282 1443 μετεὶς
1317 1387 1583 1444 καταμηνύει
1611 1385 1719 1430 έωυ-
1733 1390 1778 1424 80

392 1627 524 1658 auctus
543 1621 779 1669 Pergamum
799 1619 934 1655 urbem
943 1630 1057 1669 prae-

392 1677 591 1715 terlabitur
612 1683 649 1712 et
669 1688 789 1727 prope
809 1676 969 1711 Elaeam
990 1688 1056 1711 ur-

393 1735 484 1772 bem
503 1734 544 1769 in
574 1733 688 1769 maris
711 1733 790 1769 exit
809 1732 958 1780 sinum,
991 1731 1057 1783 qui

392 1803 497 1828 nuuc
517 1795 673 1827 vocatur
694 1787 904 1836 Sandarlz'lc,
944 1801 965 1824 e
995 1801 1058 1824 re-

393 1849 510 1898 gione
547 1846 693 1882 insulae
732 1845 858 1883 Lesbi.
945 1846 1057 1880 Nunc

393 1901 668 1951 Mandragorai
707 1901 836 1938 vocari
874 1907 1057 1937 asserunt.

393 1958 626 1997 Vid.Her0d.
640 1956 790 2004 Vn,42.
801 1958 905 2008 Virg.
917 1958 1056 2007 Georg.

394 2016 458 2062 IV,
491 2018 586 2056 370.
618 2012 729 2051 ovid.
760 2015 852 2051 Met.
882 2015 930 2061 11,
962 2013 1058 2054 243.

394 2073 481 2118 XV,
501 2073 595 2111 278.
628 2071 728 2107 Pnu.
757 2070 802 2117 V,
830 2073 883 2110 30
904 2070 996 2119 (32)
1019 2070 1058 2115 §-

399 2131 492 2168 121.
514 2127 704 2162 Manuert.
727 2127 868 2176 Geogr.
888 2127 951 2173 VI,
974 2129 998 2165 3
1018 2139 1056 2176 p.

397 2185 493 2224 397.
525 2184 619 2223 399.
650 2180 858 2219 Prokesch.
889 2183 1057 2218 Erinne-

397 2251 535 2289 rungg.
566 2251 632 2275 aus
652 2239 818 2290 Aegypt.
830 2251 868 2274 u.
890 2239 1053 2277 Kleiuas.

397 2296 451 2332 111
471 2306 559 2346 pag.
581 2296 740 2335 317.—‹
761 2293 822 2331 Ad
842 2295 957 2331 verba
987 2296 1058 2340 ζω-

397 2351 489 2405 γρίῃ
519 2349 631 2400 ἔλαβε
669 2350 770 2387 conf.
802 2351 864 2398 Vl,
898 2353 963 2391 37.
992 2351 1058 2398 111,

398 2409 436 2454 ξ.
455 2410 482 2449 2
501 2407 593 2459 ibiq.
622 2413 718 2443 nott.

598 2529 695 2581 Cap.
716 2530 863 2568 XXIX.

457 2627 500 2669 ἐν
522 2631 572 2684 τῇ
584 2626 761 2684 Μαλήνῃ
775 2632 845 2680 τῆς
865 2625 1057 2682 Ἀταρνεί-

400 2686 508 2732 τιδος
525 2681 680 2737 χώρης]
711 2688 754 2722 Ιιι
786 2685 841 2723 his
873 2687 1057 2725 fluctuant

400 2743 498 2779 libri.
556 2744 662 2779 Unus
688 2739 906 2795 Μεγαλήνῃ
923 2772 933 2787 ,
956 2744 1052 2782 duo:

400 2798 568 2852 Μαλίνῃ
590 2801 660 2849 τῆς
677 2794 912 2850 Ἀρτανίδυς,
944 2814 1054 2837 acce-

399 2853 513 2892 dente
523 2856 638 2894 Valla.
658 2856 720 2893 Ex
740 2856 882 2893 Herod.
894 2858 972 2904 ΠΙ,
1001 2859 1052 2898 42

1107 1612 1316 1667 Ἀταρνέος
1357 1615 1397 1664 ἒς
1437 1615 1622 1668 Καρίνην
1658 1610 1778 1654 πόλιν

1112 1675 1241 1711 nescio
1261 1686 1312 1709 au
1334 1674 1492 1727 Καρίνῃ
1510 1673 1571 1710 vel
1602 1666 1776 1722 Καρήνῃ

1112 1731 1322 1781 lepositum
1346 1731 1438 1767 velit
1456 1728 1776 1779 Wesselmgius.“

1115 1787 1151 1824 G
1161 1800 1185 1824 a
1196 1789 1211 1824 i
1218 1786 1289 1837 sso
1298 1799 1317 1822 r
1327 1786 1363 1824 cl.

1172 1864 1422 1915 φιλοψυχίην
1431 1885 1487 1891 -
1499 1859 1739 1916 α’ναιρέεται]
1750 1856 1782 1901 i..

1115 1936 1150 1959 e.
1181 1922 1408 1973 cupiditatem
1449 1923 1545 1958 vitae
1584 1921 1778 1958 servandae

1114 1980 1282 2029 suscipit,
1312 1980 1405 2015 vitae
1422 1978 1618 2016 servandae
1635 1979 1777 2028 capitur

1113 2048 1243 2073 amore.
1273 2033 1384 2081 Quod
1405 2047 1484 2071 non
1505 2035 1611 2072 aliter
1631 2033 1776 2072 dictum

1114 2098 1208 2142 puto
1229 2098 1344 2143 atque
1356 2086 1613 2143 ἀναιρεῖσθαι
1625 2087 1776 2137 πόνους

1113 2148 1211 2197 (VI,
1243 2148 1359 2196 108)
1378 2143 1550 2199 πόλεμον
1584 2147 1659 2198 (V,
1680 2147 1775 2198 36),

1114 2205 1186 2240 alia
1218 2203 1258 2240 id
1287 2216 1421 2254 genus.
1479 2205 1554 2241 Pro
1585 2205 1776 2255 βασιλῆος

1113 2259 1271 2297 exhibui
1292 2258 1484 2311 βασιλέος,
1496 2261 1589 2297 utin
1598 2273 1677 2312 seq.
1689 2272 1774 2312 cap.

1113 2315 1276 2368 βασιλέα
1292 2329 1361 2368 pro
1382 2317 1569 2368 βασιλῆα.

1151 2403 1205 2453 οἷς
1216 2400 1378 2458 φεύγων
1386 2419 1426 2445 τε
1437 2404 1773 2457 κατελαμβάνετο]

1115 2458 1434 2513 καταλαμβάνειν
1462 2461 1525 2500 hic
1549 2464 1649 2501 valet
1676 2476 1774 2500 asse-

1117 2521 1190 2570 qui,
1211 2526 1254 2556 ut
1273 2520 1318 2567 V,
1339 2521 1409 2560 98.
1439 2518 1549 2560 Suid.
1569 2533 1599 2557 s.
1619 2521 1716 2558 v.T.
1735 2520 1774 2556 11

1115 2589 1153 2626 p.
1169 2576 1265 2617 257.
1277 2597 1331 2603 —
1348 2577 1393 2612 In
1415 2575 1490 2613 fine
1499 2576 1630 2627 capitis
1645 2578 1774 2629 γλῶσ-

1114 2644 1188 2671 σαν
1219 2631 1415 2682 μετιέναι,
1452 2639 1496 2670 ut
1525 2633 1614 2670 alibi
1647 2635 1773 2684 γλῶσ-

1113 2701 1187 2727 σαν
1210 2687 1325 2737 ἱέναι,
1346 2688 1481 2741 dequo
1501 2688 1579 2726 vid.
1600 2690 1663 2736 1V,
1678 2688 1772 2730 135.

1112 2744 1333 2795 Schweigh.
1356 2745 1483 2783 laudat
1512 2747 1581 2787 vl,
1603 2749 1656 2787 37
1679 2746 1773 2796 βλα-

1112 2799 1205 2843 στόν
1227 2801 1411 2851 μετιέναι.
1441 2802 1510 2851 ΙΧ,
1535 2804 1587 2844 16
1617 2798 1772 2854 δάκρυα

1110 2856 1298 2909 μετιέναι.

1866 2244 1867 2262 ᾼ
1859 1164 1874 2193 ““---·--------ξ-ᾐ---,--.-“ξ-.,--.,,-.,--,”,ἡ
1868 1063 1873 1146 -Φρ,
1870 959 1872 1021 -ᾲᾼ
