1897 3340
305 584 402 628 137

136 646 322 679 Quidmnltis
339 657 390 688 pos
378 651 406 675 et

133 681 220 707 annis
241 681 347 709 eadem
372 683 405 708 ii-

134 714 163 740 la
181 714 335 749 Taltmbii
360 715 405 742 ira

133 748 294 782 Spartanis
308 749 405 776 damni

134 783 353 817 importaverit.

464 271 547 311 642

465 395 621 434 ,,μιμα,
665 377 1002 429 ἀποκτείναντας
1041 378 1255 433 κήρυκας·
1288 376 1420 430 αὐτὸς
1455 379 1521 430 δὲ,
1552 377 1604 420 τοὶ
1636 380 1721 421 κεί-
1781 386 1878 430 565

859 270 1324 308 HERODOTI

464 458 605 499 ,,νοισι
633 445 895 502 ἐπιπλήσσει,
926 450 1058 490 ταῦτα
1090 444 1144 489 οὐ
1177 445 1386 501 ποιήσειν,
1417 443 1511 489 οὐδ’
1534 443 1725 488 οἷνταποἸ

462 516 655 566 ,,κτείνας
700 514 892 564 ἐκείνους
909 548 920 563 ,

970 513 1205 557 ἀπολύσειν
1245 514 1620 569 Λακεδαιμονίους
1649 516 1725 568 τῆς

460 583 662 637 ,,αι’τίης.“
692 579 817 622 Οὕτω
840 579 865 636 ἡ
890 584 1143 637 Ταλθυβίου
1164 585 1303 636 μῆνις,
1339 582 1410 625 καὶ
1439 584 1577 624 ταῦτα
1605 596 1723 636 ποιη-
1736 587 1780 621 80

463 649 632 692 σάντων
664 648 988 702 Σπαρτιητέων,
1018 650 1236 692 ἐπαύσατο
1270 649 1317 691 τό
1351 649 1620 702 παραυτίκα,
1651 648 1725 690 καί

461 732 539 770 περ
570 713 963 770 ἀπονοστησάντων
1006 715 1047 766 ἐς
1077 716 1286 770 Σπάρτην
1315 715 1542 768 Σπερθίεώ
1579 731 1622 758 τε
1653 715 1725 758 καὶ

436 791 458 824 2
476 781 671 833 Βούλιος.

405 955 568 998 πάντων
615 951 848 1007 οἷνθρώπων
899 953 1061 1007 νόμιμα]

407 1017 507 1052 citat
527 1012 700 1051 Eustath.
731 1011 778 1049 ad
799 1014 842 1049 ll.
872 1014 887 1048 I
909 1026 946 1063 p.
972 1016 1062 1060 110,

406 1074 459 1111 30
478 1085 507 1107 s.
529 1072 594 1117 83,
616 1072 682 1110 21.
712 1070 774 1105 Ius
794 1070 966 1119 gentium
989 1071 1066 1105 La-

405 1140 518 1164 cones
547 1126 667 1162 Xerxi
694 1127 851 1162 violasse
880 1125 1065 1162 videban-

404 1191 487 1230 tur,
531 1184 764 1219 Graecorum
802 1183 972 1219 instituta
1021 1194 1064 1218 ac

404 1252 553 1276 morem
581 1240 816 1289 respicienti,
865 1251 982 1290 quem
1012 1240 1064 1275 ita

341 1324 344 1328 .
406 1297 578 1333 enuntiat
598 1294 809 1345 Antiphon.
829 1309 867 1345 p.
894 1298 985 1342 126,
1009 1297 1063 1335 26

407 1354 462 1404 [Ρ.
485 1352 580 1394 685
587 1366 672 1420 seq·
686 1353 751 1400 Κ]
783 1347 1065 1398 ὅστις-οἶνό-

406 1424 490 1461 μως
522 1423 611 1448 τινα
648 1404 895 1455 ἀποκτείνει,
931 1403 1069 1457 οἷσεβεῖ

405 1464 477 1518 μὲν
513 1464 604 1517 περὶ
635 1480 730 1511 τους
759 1461 907 1511 θεους,
949 1477 1065 1530 συγ-

404 1526 493 1588 χεῖ
512 1519 554 1561 δὲ
584 1536 630 1560 τα
662 1517 715 1561 νό
732 1536 857 1572 μιμα
886 1522 966 1559 τῶν
992 1515 1065 1558 οἷν-

403 1570 598 1630 θρωπων.
632 1580 710 1614 Nec
732 1579 838 1614 aliter
859 1576 961 1627 apud
980 1578 1064 1612 Eu-

403 1635 515 1686 ripid.
537 1635 673 1684 Suppl·
696 1637 773 1674 311
805 1629 956 1684 νόμιμα
987 1648 1063 1671 πα-

406 1703 478 1741 σης
497 1687 683 1736 Ἑλλαὸος
707 1693 863 1740 συγχεῖν
885 1689 1063 1726 dicuntur

403 1748 475 1784 viri
496 1747 642 1799 βίαιοι,
674 1747 739 1797 qui
768 1744 952 1783 cadavera
982 1758 1061 1782 ma-

404 1805 468 1841 tris
497 1804 731 1854 operimento
760 1803 838 1852 tegi
867 1803 1058 1841 nolebant.

405 1860 510 1906 Quae
539 1861 636 1896 bene
661 1858 786 1895 attulit
806 1858 1059 1895 Valckenaer.

401 1915 679 1966 Wesselingius
716 1915 894 1953 excitavit
922 1916 1059 1956 Liban,

402 1973 592 2023 Panegyr.
613 1973 652 2008 in
672 1972 807 2009 Iulian.
829 1971 971 2022 p.246,
993 1973 1059 2023 qui

402 2031 501 2080 regis
521 2031 724 2065 Persarum
745 2028 918 2064 animum
938 2041 1060 2078 gene-

402 2098 531 2123 rosum
550 2097 716 2136 vereque
743 2085 891 2134 regium
912 2086 1059 2132 extulit,

403 2149 440 2179 et
470 2141 518 2179 de
532 2143 612 2192 ipso
632 2142 845 2191 legatorum
865 2143 946 2177 iure
957 2143 1058 2191 Hug.

403 2199 509 2235 Grot.
541 2199 598 2234 De
627 2198 700 2233 iur.
733 2198 821 2234 bell.
851 2205 887 2234 et
906 2210 990 2247 pac.
1010 2199 1057 2243 11,

404 2255 455 2292 18
476 2255 512 2298 §.
540 2257 573 2293 1.
594 2274 650 2280 -
669 2253 837 2289 Verbum
869 2249 1060 2303 ἐπιπλήσ-

403 2321 485 2347 σειν
515 2310 620 2359 attigi
641 2307 689 2345 ad
710 2310 775 2353 ΙΙΙ,
810 2308 900 2347 142.

558 2396 650 2447 cap.
671 2396 900 2432 cxxxvn.

457 2474 582 2528 χρόνῳ
613 2471 655 2512 δὲ
682 2471 881 2524 μετέπειτα
902 2474 1052 2527 πολλῷ]

399 2532 457 2568 De
476 2530 548 2568 hac
568 2531 757 2567 locutione
778 2529 852 2567 vid.
875 2531 984 2567 allata
1005 2530 1053 2566 ad

400 2588 466 2635 111,
496 2590 547 2628 36
579 2594 616 2624 et
643 2586 691 2623 ad
720 2587 835 2622 verba
867 2585 965 2625 κατά
984 2584 1053 2625 τόν

399 2639 570 2693 πόλεμον
602 2641 715 2694 (belli
735 2644 896 2693 tempore)
919 2642 1051 2682 Matth.

400 2701 467 2737 Gr.
483 2702 548 2736 Gr.
569 2700 607 2744 ξ.
628 2700 704 2740 581
730 2712 816 2749 pag.
841 2698 957 2746 1154,
987 2701 1052 2750 qui

401 2755 503 2793 idem
524 2768 612 2807 pag.
632 2756 713 2796 580
725 2757 867 2792 confer.
880 2755 927 2791 ad
939 2757 1050 2792 verba

400 2810 515 2852 τοῦτό
541 2827 608 2862 μοι
636 2810 680 2850 ἐν
709 2815 809 2851 τοῖσι
840 2810 1050 2850 θειότα-

398 2883 487 2907 τον
535 2868 719 2918 φαίνεται
746 2866 952 2919 γενέσθαι,
984 2869 1048 2904 ubi

727 781 873 838 χρόνῳ
904 783 950 826 δὲ
980 782 1201 838 μετέπειτα
1218 787 1364 840 πολλῷ
1390 782 1620 839 ἐπηγέρθη,
1651 798 1724 826 κα-

1121 954 1225 1007 quod
1258 968 1326 1005 pro
1354 951 1563 995 θειότατον
1592 954 1778 993 Vale-ken.

1121 1013 1273 1048 rescribi
1293 1012 1412 1047 voluit
1433 1008 1549 1051 θεῖόν
1576 1027 1618 1063 γε
1641 1008 1688 1051 ου’
1710 1011 1779 1062 (ut

1121 1070 1235 1134 paulo
1275 1068 1429 1103 infeiins
1469 1069 1592 1116 δηλον
1619 1070 1675 1107 ὠν
1712 1083 1780 1119 μοι

1123 1121 1183 1164 ότι
1199 1126 1314 1163 θεῖον
1337 1119 1429 1162 οὐκ
1454 1123 1604 1176 ἐγένετο
1629 1122 1779 1191 τόπρῆ-

1119 1196 1219 1233 γμα,
1249 1181 1315 1216 ubi
1344 1181 1434 1230 vulg
1422 1193 1459 1216 r0
1481 1182 1586 1217 abest
1615 1175 1719 1230 οὐκ),
1741 1180 1780 1217 id

1121 1250 1143 1273 a
1173 1244 1301 1273 mente
1330 1238 1517 1287 scriptoris
1537 1249 1688 1287 prorsus
1710 1237 1780 1273 ab-

1120 1292 1274 1330 horrere
1317 1292 1485 1341 videtur,
1527 1306 1643 1344 quam
1681 1293 1780 1330 bene.

1120 1356 1357 1401 perspectam
1383 1349 1581 1386 Schultzio
1607 1351 1659 1386 ita
1679 1356 1779 1386 retu-

1120 1408 1163 1444 lit
1192 1405 1597 1456 Schweighaeuserus:
1654 1407 1779 1453 „Tal-

1119 1462 1243 1514 thybii
1263 1465 1317 1499 ira
1351 1463 1398 1499 ob
1431 1464 1590 1500 violatos
1618 1475 1778 1513 praeco-

1119 1533 1186 1556 nes
1214 1521 1350 1556 merito
1368 1520 1592 1556 incumbere
1609 1520 1647 1555 iu
1658 1519 1779 1570 Spar-

1119 1583 1250 1625 tanos,
1289 1575 1411 1613 donec
1442 1576 1622 1613 effectum
1649 1577 1778 1613 sortita

1120 1640 1237 1682 esset,
1279 1632 1421 1669 debuit.
1479 1634 1634 1684 Itaque,
1657 1644 1777 1684 quum

1119 1688 1194 1726 duo
1234 1689 1371 1739 legati,
1405 1690 1471 1740 qui
1492 1690 1589 1725 illius
1610 1689 1776 1725 criminis

1117 1746 1271 1796 culpam
1305 1744 1487 1781 luendam
1515 1746 1556 1781 iu
1586 1758 1625 1781 se
1645 1757 1776 1782 susce-

1115 1802 1355 1852 perant,salvi
1367 1802 1600 1853 sospitesque
1615 1800 1777 1838 domum

1115 1858 1306 1905 redierint,
1319 1857 1391 1894 hoc
1406 1856 1514 1905 mihi,
1534 1859 1668 1909 inquit,
1690 1870 1776 1894 ma-

1114 1916 1219 1951 xime
1249 1914 1427 1952 divinitus
1459 1913 1637 1951 accidisse
1665 1913 1775 1950 vide-

1115 1978 1198 2019 tur,
1239 1971 1344 2023 quod
1373 1978 1502 2008 tamen
1536 1968 1604 2007 filii
1633 1982 1774 2007 eorun-

1116 2026 1219 2074 dem,
1239 2029 1355 2079 longo
1381 2025 1536 2079 quidem
1564 2033 1648 2077 post
1677 2032 1774 2062 tem-

1115 2097 1233 2135 pore,
1264 2097 1333 2122 suo
1356 2085 1476 2134 capite
1504 2094 1645 2133 poenas
1673 2083 1773 2119 iilius

1116 2141 1282 2177 criminis
1317 2139 1526 2190 Talthybio
1557 2137 1771 2175 dederint.⁸‘

1115 2197 1214 2232 Nam
1240 2202 1441 2246 pareutum
1462 2201 1629 2245 peccata,
1650 2196 1771 2246 inpri-

1114 2253 1185 2288 mis
1197 2253 1418 2302 periurium,
1440 2251 1478 2287 in
1496 2251 1652 2301 posteris
1672 2264 1770 2302 quo-

1114 2321 1189 2359 que
1227 2309 1353 2358 puniri
1391 2309 1626 2344 Graecorum
1656 2307 1770 2344 fnisse

1113 2365 1334 2414 opinionem
1369 2363 1535 2401 diximus
1564 2362 1611 2400 ad
1631 2364 1693 2412 VI,
1714 2365 1769 2405 86

1115 2421 1152 2464 §.
1193 2422 1232 2460 3.
1300 2419 1378 2457 Sed
1423 2418 1662 2458 Herodotum
1696 2421 1769 2456 alia

1113 2476 1224 2513 fuisse
1262 2484 1390 2513 mente
1428 2490 1500 2514 nec
1533 2477 1631 2512 ultra
1669 2477 1768 2513 vitae

1110 2530 1302 2569 humanae
1311 2534 1449 2571 limites
1460 2531 1671 2570 extendisse
1679 2545 1767 2569 mo-

1111 2587 1347 2626 derationem
1378 2591 1481 2626 illam
1511 2588 1680 2625 divinam
1695 2589 1767 2625 ob-

1109 2653 1231 2683 servat
1259 2647 1401 2696 laeger.
1463 2646 1654 2695 (Disputt.
1684 2646 1766 2680 He—

1110 2701 1218 2738 rodd.
1239 2715 1328 2753 pag.
1350 2702 1445 2752 46);
1486 2714 1562 2753 quo
1583 2699 1766 2737 accedere

1107 2759 1157 2795 ait
1187 2771 1272 2794 eam
1293 2757 1339 2796 de
1369 2760 1535 2795 numinis
1565 2756 1682 2793 divini
1703 2756 1765 2793 di-

1104 2815 1248 2864 gnitate
1278 2821 1338 2862 et,
1369 2813 1537 2852 humana
1556 2812 1764 2850 mediocri-

1105 2877 1180 2908 tate
1199 2871 1391 2922 superiore
1409 2900 1419 2919 ,
1448 2870 1675 2924 praestantia
1695 2882 1763 2907 co-
