1897 3340
504 921 1053 972 EXCURSUS
1122 923 1147 970 I

356 1049 456 1086 AD
514 1050 1052 1090 HERODOTUM
1110 1049 1168 1098 V,
1218 1052 1291 1091 66.

138 1300 266 1346 Μετὰ
297 1302 343 1345 δὲ
372 1302 674 1357 τετραφύλους
703 1301 853 1354 ἐόντας
888 1302 1170 1360 Ἀθηναίους,
1219 1302 1497 1360 δεκαφύλους
1535 1304 1571 1347 ἓ-

251 1371 426 1425 ποίησε,
459 1375 547 1413 τῶν
567 1371 721 1422 Ἴωνος
750 1374 931 1424 παίδων,
964 1375 1194 1424 Γελέοντος
1222 1374 1295 1416 καὶ
1318 1372 1572 1427 Αἰγικόρεος

249 1439 322 1483 καὶ
349 1437 563 1493 Ἀργάδεω
593 1440 665 1483 καὶ
683 1439 899 1496 “Ὀπλητος
930 1439 1176 1493 ἀπαλλάξας
1208 1440 1285 1492 τάς
1314 1442 1572 1496 ἐπωνυμίας.

191 1545 317 1594 Vulgo
337 1552 513 1593 narrant⁷
543 1547 690 1594 Ionem,
719 1544 843 1582 Xuthi
864 1545 948 1598 (qui
968 1546 1174 1584 Erechthei
1194 1553 1366 1595 tempore
1386 1545 1424 1580 in
1446 1545 1572 1580 Attica

80 1614 254 1664 tetrapoli
274 1612 484 1650 consedisse
504 1613 640 1663 fertur)
669 1614 732 1651 vel
751 1615 875 1664 potius
905 1616 1091 1665 Apollinis
1119 1622 1231 1666 atque
1254 1615 1415 1650 Creusae
1435 1612 1571 1659 filium,

81 1682 143 1718 cui
170 1682 398 1731 reipublicae
427 1681 626 1733 descriptio
655 1683 768 1719 fuerit
789 1684 1009 1731 commissa,
1048 1684 1191 1719 incolas
1212 1695 1280 1733 pro
1306 1683 1406 1719 vitae
1432 1693 1572 1730 genere

82 1755 196 1800 atque
215 1751 375 1798 negotiis
396 1764 463 1801 per
484 1758 646 1803 quatuor
665 1752 783 1787 tribus
802 1765 831 1788 S.
863 1748 992 1800 φυλὰς
1014 1750 1243 1788 distribuisse
1270 1750 1391 1801 iisque
1411 1749 1571 1785 nomina

11 1863 14 1866 ,
79 1816 324 1865 imposuisse,
355 1830 452 1869 quae
478 1819 524 1854 ab
544 1819 644 1855 Ionis
665 1817 822 1870 quidem
842 1818 949 1868 filiis,
979 1826 1023 1856 ut
1042 1817 1265 1869 perhibent,
1298 1817 1478 1868 repetita,
1522 1814 1572 1852 ad

80 1885 203 1935 ipsam
223 1890 350 1920 tamen
371 1886 585 1922 incolarum
604 1887 723 1923 vitam
744 1893 857 1938 atque
879 1887 1146 1938 occupationes
1167 1892 1352 1937 spectasse
1372 1883 1468 1921 nihil
1498 1882 1573 1920 du·-

0 1962 15 1986 Ἃ
81 1952 211 2000 bium3
244 1965 478 2004 quamquam
500 1953 592 2005 quid
621 1955 771 2004 singula
790 1955 941 1992 valeant
961 1956 1142 2003 nomina,
1185 1953 1234 1990 ad
1263 1952 1460 2006 quodnam
1479 1952 1580 1988 vitae

82 2033 225 2071 genus,
266 2027 384 2067 artes,
425 2023 692 2072 occupationes
720 2023 851 2059 referri
881 2022 1070 2071 debeant,
1111 2021 1159 2059 de
1197 2035 1242 2058 eo
1272 2022 1334 2059 vel
1372 2021 1579 2071 antiquitus

14 2135 15 2138 Ἴ
81 2088 180 2124 inter
201 2086 330 2124 doctos
351 2088 448 2125 viros
470 2088 722 2140 disceptatum
747 2104 826 2128 esse
842 2090 1028 2128 videmus,
1090 2089 1202 2127 Conf.
1222 2086 1417 2126 Plutarch.
1441 2087 1576 2124 Solon.

82 2158 150 2196 23.
186 2155 363 2192 Strabon.
391 2157 478 2193 VIII
497 2171 536 2208 p.
559 2158 639 2199 588
658 2160 706 2196 A.
727 2172 757 2195 5.
773 2173 812 2209 p.
835 2160 939 2206 383,
970 2159 1042 2194 alia
1062 2164 1104 2195 ut
1122 2165 1284 2195 taceam.
1341 2158 1392 2194 Et
1418 2155 1577 2192 Polluce

84 2235 238 2274 quoque
268 2228 422 2258 auctore
449 2224 548 2273 Vm,
581 2227 658 2265 109
693 2226 740 2263 ab
770 2227 873 2263 Ionis
902 2225 985 2261 filiis
1005 2223 1100 2262 haec
1121 2233 1284 2278 quatuor
1302 2225 1374 2262 illis
1403 2223 1576 2261 tribubus

83 2291 240 2327 nomina
274 2296 362 2326 suut
390 2289 529 2328 indita:
585 2290 1046 2344 Τελέοντες,”οπλητες,
1075 2293 1323 2346 Αἰγικορεῖς,
1361 2286 1578 2344 Ἀργάδεις.

83 2360 187 2395 Inter
235 2371 330 2410 quos
370 2359 436 2410 qui
474 2366 659 2396 vocantur
694 2357 902 2412 ”Ὀπλητες,
949 2361 1077 2398 milites
1114 2362 1228 2399 fuisse
1265 2373 1410 2398 nomen
1448 2360 1575 2410 ipsum

85 2427 234 2477 arguit3
263 2427 434 2478 itemque
463 2426 689 2479 Αἰγικορεῖς
727 2436 894 2479 pastores
920 2429 961 2465 in
990 2429 1110 2479 capris
1144 2427 1340 2480 pascendis
1369 2432 1574 2472 versantes,

85 2508 250 2547 quarum
278 2495 490 2531 maximam
522 2495 613 2531 aluit
642 2496 792 2546 copiam
822 2497 949 2534 Attica
978 2504 1092 2535 terra.
1153 2495 1308 2534 Accedit
1328 2496 1436 2532 tertia
1457 2493 1575 2530 tribus

83 2557 284 2614 Ἀργάδεις
304 2563 498 2612 agricolae,
530 2565 592 2612 qui
606 2565 708 2611 agris
728 2564 880 2601 colendis
900 2564 989 2601 dant
1002 2577 1149 2615 operam,
1170 2565 1242 2601 nisi
1263 2577 1351 2601 cum
1370 2559 1576 2598 Plutarcho

86 2631 248 2668 scribere
281 2632 390 2668 malis
426 2626 649 2682 Ἐργάδειςτ
701 2632 767 2682 qui
798 2638 894 2668 artes
913 2632 1117 2670 sellularias
1136 2638 1297 2670 tractant
1317 2636 1381 2667 aut
1400 2630 1439 2665 in
1461 2627 1575 2665 ditio-

87 2711 176 2735 rum
194 2697 397 2735 hominum
424 2698 551 2736 fundis
570 2699 846 2735 mercenariam
867 2712 1022 2750 operam
1042 2701 1207 2748 faciunt,
1247 2711 1368 2750 quum
1397 2697 1576 2735 Geleontes

87 2768 188 2815 sive,
227 2774 269 2804 ut
296 2780 411 2818 prave
439 2768 515 2804 illic
544 2767 719 2804 scribitur
736 2796 745 2814 ,
778 2766 970 2806 Gedeontes
997 2781 1066 2820 pro
1094 2769 1182 2820 ipsis
1212 2767 1383 2817 agricolis
1408 2766 1483 2803 sint
1503 2762 1576 2800 ha-
