1897 3340
365 192 634 232 EXCURSUS
656 194 709 230 111
729 194 798 230 AD
819 191 1140 230 HERODOTUM
1160 195 1222 242 w,
1244 198 1310 236 69.
1488 200 1573 241 803

442 637 1054 689 EXCURSUS
1125 640 1221 689 111

535 757 605 793 An
634 756 959 793 HERonoTUM
987 755 1051 804 v1,
1072 758 1139 797 69.

239 856 324 907 (Ex
359 857 590 897 Creuzerz'
619 857 862 897 commentatt.
895 857 1059 898 Herodd.
1083 870 1174 909 pag.
1205 859 1287 899 236
1318 859 1430 909 seqq.)

141 1114 196 1121 —
225 1090 273 1134 ἐκ
310 1095 392 1135 τοῦ
418 1091 587 1149 ἡρωΐου
617 1094 698 1136 τοῦ
725 1091 844 1147 παρὰ
880 1095 981 1151 τῇσι
1018 1091 1187 1149 θύρῃσι
1230 1094 1331 1149 τῇσι
1369 1091 1567 1150 αὐλείῃσι

252 1160 503 1215 ἱδρυμένου.

195 1253 400 1303 „Agnosce
420 1267 668 1292 communem
687 1255 850 1292 formam
871 1255 1034 1293 Doribus
1054 1254 1212 1306 aliisque
1232 1253 1385 1291 Graecis
1403 1253 1569 1291 familia-

83 1332 187 1357 rem:
223 1318 336 1374 θύρα
365 1318 527 1361 αὐλείας
567 1324 782 1360 Atticorum
812 1330 892 1361 erat
924 1322 954 1376 ἦ
974 1321 1131 1371 αὔλειος
1147 1318 1260 1374 θύρα
1280 1328 1317 1358 et
1337 1321 1382 1360 αἵ
1404 1319 1570 1361 afflator.

83 1387 168 1433 Qu&
188 1387 236 1425 de
255 1402 296 1425 re
315 1392 551 1442 praecipiunt
572 1393 807 1429 Graecorum
827 1393 1079 1444 grammatici.
1136 1389 1224 1428 Vid.
1251 1391 1411 1438 Moerin,
1440 1391 1570 1442 ibique

82 1456 254 1494 Pierson.
275 1471 314 1509 p.
336 1461 403 1500 88.
423 1461 582 1497 Dorvill.
604 1459 651 1498 ad
668 1459 863 1499 Chariton.
883 1476 922 1513 p.
952 1464 1033 1503 217
1055 1459 1113 1498 ed.
1133 1460 1234 1510 Lips.
1255 1456 1421 1495 Fischeri
1451 1456 1568 1496 indic.

83 1523 133 1561 ad
163 1523 419 1577 Theophrast.
440 1527 647 1567 character.
666 1530 706 1566 iu
728 1528 799 1567 hac
832 1544 916 1568 voc.
936 1530 1087 1566 Platon.
1108 1528 1287 1580 Sympos.
1307 1539 1396 1578 pag.
1419 1527 1501 1566 212
1525 1525 1570 1566 C.

83 1605 168 1644 cap.
196 1595 315 1632 xxx
344 1593 383 1635 11.
412 1596 436 1636 1.
472 1597 602 1649 ibique
631 1599 675 1635 F.
704 1599 752 1640 A,
779 1599 904 1638 Wolf.
936 1599 992 1650 [p.
1015 1597 1068 1638 95
1089 1610 1119 1634 s.
1139 1598 1218 1638 106
1235 1594 1296 1636 ed.
1317 1595 1455 1646 [Aps-J·
1513 1596 1569 1631 lta

84 1661 188 1697 enim
207 1660 321 1700 habet
338 1665 508 1702 Lexicou
529 1667 722 1704 Graecum
740 1668 780 1703 in
800 1666 971 1704 Bekkeri
989 1664 1195 1703 Anecdott.
1215 1665 1233 1700 I
1250 1677 1290 1716 p.
1310 1662 1404 1704 463.
1447 1657 1570 1701 αὕλία

83 1724 196 1781 ’θύρα
221 1733 361 1771 πυλῶν
391 1731 460 1772 καὶ
483 1732 513 1785 ἦ
550 1731 702 1782 αὔλιος.
759 1734 839 1773 Sed
859 1748 946 1772 eam
961 1735 1127 1772 formam
1156 1745 1178 1769 a
1206 1732 1363 1768 librariis
1383 1731 1568 1767 intrusam

86 1794 216 1835 dicunt
245 1800 402 1838 Dorviil.
432 1808 470 1839 et
498 1801 665 1842 Fischer.
722 1806 856 1857 Neque
885 1811 1014 1841 tamen
1035 1814 1120 1839 eam
1149 1802 1188 1837 in
1209 1799 1428 1837 Herodiano
1444 1800 1567 1847 V11,5

83 1877 269 1916 reponere
289 1876 445 1907 conatus
466 1877 520 1908 est
537 1870 710 1914 Irmisch.
726 1886 763 1923 p.
781 1875 861 1913 673
876 1885 955 1924 seq.
979 1893 1032 1899 —
1076 1870 1238 1908 Gravius
1247 1875 1301 1905 est
1321 1867 1427 1916 illud,
1451 1874 1493 1904 ut
1505 1880 1567 1904 re-

83 1940 143 1970 cte
162 1934 369 1986 intelligas}‚
398 1950 475 1990 quo
494 1940 680 1989 pertineat
700 1954 744 1977 ea
764 1953 840 1988 res,
871 1938 975 1992 quod
995 1938 1067 1977 hinc
1093 1939 1133 1975 in
1152 1936 1307 1975 historia
1326 1937 1432 1973 iuxta
1452 1935 1568 1973 Iovem

82 2001 256 2040 Herceum
281 2007 388 2042 etiam
419 2006 518 2043 heros
542 2007 732 2045 collocatur
758 2021 848 2044 cum
868 2007 1065 2044 mentione
1092 2006 1212 2044 aulae.
1278 2003 1568 2055 Dispiciendum

81 2070 220 2121 igitur,
249 2073 316 2109 ubi
340 2086 404 2110 ara
421 2075 520 2112 illius
541 2082 577 2112 et
605 2076 717 2113 huius
735 2077 916 2113 sacellum
935 2077 1005 2113 sita
1033 2075 1187 2114 fuerint.
1245 2073 1446 2119 Quaeritur
1474 2085 1568 2123 pro-

84 2139 196 2185 inde,
225 2140 317 2194 quid
337 2144 489 2194 proprie
510 2145 731 2194 cogitaverit
750 2143 985 2193 Herodotus,
1023 2155 1113 2180 cum
1138 2142 1316 2179 scriberet
1345 2136 1454 2191 παρά
1475 2141 1566 2194 τῇσι

83 2204 240 2262 θύρῃσι
270 2211 363 2264 τῇσι
395 2206 585 2265 αὐλείῃσι.
645 2213 750 2258 Quae
778 2226 836 2250 res
867 2211 1010 2264 pendet
1048 2224 1069 2247 a
1099 2215 1284 2262 potestate
1313 2208 1416 2245 vocis
1447 2202 1565 2259 αὐλή.

83 2276 214 2327 Apion
235 2276 356 2314 Gloss.
376 2279 534 2318 Homer.
554 2280 627 2317 ita:
677 2276 825 2332 αὐλήν,
856 2277 926 2320 τόν
947 2276 1124 2331 σταθμὸν
1141 2280 1223 2318 τῶν
1241 2271 1468 2329 προβάτων,
1499 2274 1568 2315 καὶ

86 2343 220 2384 οἰκίαν
245 2343 313 2384 καὶ
342 2341 552 2395 σπήλαιον.
580 2348 638 2384 Αο
666 2349 835 2398 primum
856 2345 986 2400 αὐλήν
1004 2358 1287 2398 nonnunquam
1307 2358 1385 2381 esse
1407 2342 1568 2381 domum

83 2413 229 2464 ipsam,
258 2413 320 2451 vel
350 2411 486 2450 domus
514 2414 671 2462 atrium,
712 2416 799 2452 satis
829 2417 1126 2467 comprobarunt
1153 2413 1375 2451 Athenaeus
1401 2412 1446 2450 V.
1467 2412 1505 2459 5,
1528 2414 1569 2451 3.

84 2495 125 2533 p.
158 2484 237 2523 196
262 2495 301 2532 p.
333 2483 415 2522 232
436 2479 658 2531 Schweigh.
680 2482 848 2520 Valesius
869 2482 917 2520 ad
936 2485 1079 2533 Euagri
1095 2485 1143 2521 H.
1159 2484 1206 2524 E.
1225 2483 1290 2530 IV,
1316 2485 1333 2522 1
1358 2492 1446 2532 pag.
1467 2477 1563 2519 343.

85 2550 249 2587 Perizon
269 2548 318 2587 ad
337 2550 483 2588 Aelian.
509 2549 557 2587 V.
582 2551 633 2586 H.
653 2550 720 2598 111,
743 2549 768 2591 5
790 2556 827 2587 et
845 2551 1078 2601 VVesseling.
1099 2549 1148 2588 ad
1171 2549 1328 2587 Diodor.
1357 2548 1452 2584 XIX
1482 2545 1568 2584 Vol.

16 2646 17 2649 η
84 2618 123 2654 Π
140 2631 177 2668 p.
204 2620 300 2659 323.
319 2638 376 2646 —-·
404 2618 548 2655 Verum
567 2615 616 2654 ad
634 2624 806 2654 nostrum
824 2619 954 2655 locum
973 2619 1116 2655 faciunt
1144 2618 1345 2669 praecipue
1365 2615 1428 2650 illa
1447 2610 1570 2648 Athe-

86 2687 174 2722 naei
188 2686 234 2734 V,
259 2685 309 2727 15
329 2700 368 2737 p·
391 2687 470 2727 189
485 2699 522 2736 p.
544 2688 626 2726 232
655 2681 1068 2738 Schweith'szpog
1091 2683 1133 2725 δὲ
1153 2681 1227 2735 τήν
1248 2678 1377 2733 αὐλὴν
1396 2676 1457 2720 cisi
1476 2674 1568 2718 τοῖτ-

86 2767 144 2792 τει
163 2751 228 2793 ἐπὶ
247 2755 330 2793 ταῖν
352 2752 571 2805 ’ὑπαίθρων
587 2748 738 2802 τόπων,
769 2752 872 2793 ἔνθα
892 2747 946 2805 ἦν
967 2753 991 2794 ό
1008 2755 1080 2793 τοῦ
1098 2751 1283 2803 “Ερκείου
1302 2745 1400 2795 Διός
1418 2743 1567 2799 βωμός.

88 2820 201 2860 vides
229 2820 329 2860 hano
357 2822 659 2861 observationem
684 2834 763 2858 non
783 2822 906 2858 solum
935 2821 983 2858 ad
1003 2822 1225 2858 Homericos
1244 2818 1432 2867 pertinere
1453 2816 1566 2860 locos,

1193 2881 1282 2925 51ᾗ
