1897 3340
409 278 495 318 694
801 274 1261 313 HERODOTI

83 385 200 419 tempus
217 392 236 412 a
254 383 327 412 Car-

84 419 322 452 thaginicnnibus

85 452 160 478 (lnce
180 452 328 479 Amilcare

85 485 209 512 Siciliae
226 486 354 513 illatum.

1834 174 1838 304 l

412 383 499 428 ὑπὸ
522 368 730 440 Θήρωνος
745 386 826 428 τοῦ
855 383 1154 440 Αἰνησιδήμου
1180 379 1530 435 Ἀκραγαντίνων
1550 386 1714 436 μου-30
1835 309 1839 443 l

412 451 577 508 νάρχου
613 451 852 504 ἐξελασθεὶς
889 452 931 505 ἐξ
964 451 1127 507 Ἱμέρης
1171 449 1381 505 Τήριλλος
1421 448 1445 492 ὁ
1486 449 1663 502 Κρινίπ-
1835 447 1839 503 ξ

413 535 524 571 που,
564 518 781 575 τύραννος
814 517 900 561 ἐών
933 516 1108 574 Ἱμέρης,
1150 517 1278 574 ἐπῆγε
1306 515 1377 560 ὑπ’
1420 513 1556 559 αὐτὸν
1583 514 1662 559 τόν

358 741 413 779 20
432 749 538 788 seqq.
559 735 645 772 coll.
665 735 734 781 XI,
759 736 796 773 1.
832 734 916 780 Quo
941 747 1012 771 au—

359 801 462 832 ctore
492 790 821 840 Carthaginienses
852 804 900 828 ex
926 791 1012 827 foe-

360 849 448 886 dere
465 860 556 885 cum
574 848 696 884 Persis
706 848 800 883 inito
817 845 931 885 hosce
947 848 1013 884 Si—

361 906 466 942 culos
496 906 660 941 Graecos
698 905 863 953 aggressi
902 911 1010 941 sunt:

359 959 465 1013 quod
484 967 613 997 tamen
629 958 764 996 foedus
780 959 890 997 valde
903 961 1014 1012 equi-

359 1017 449 1054 dem
468 1029 603 1054 vereor
622 1022 664 1052 ut
695 1028 868 1066 unquam
897 1017 1015 1053 exsti-

357 1075 458 1120 terit,
478 1080 657 1124 recteque
671 1073 838 1122 posuisse
864 1072 1016 1109 videtur

357 1129 590 1166 Dahlmann.
632 1127 773 1166 Herod.
808 1141 894 1180 pag.
936 1131 1016 1169 186

357 1199 437 1238 seq.
469 1185 622 1222 Gelonis
642 1186 785 1221 bellum
814 1199 903 1222 cum
925 1185 1019 1222 Car-

313 1261 316 1264 -
357 1241 658 1292 thnginiensibus
730 1240 828 1278 nihil
851 1239 859 1252 ¹
905 1240 1019 1294 quid-

358 1311 476 1351 quam
492 1297 540 1335 ad
550 1299 717 1334 Graecos
732 1299 913 1336 Persasve
932 1312 1016 1349 spe-

360 1362 475 1404 ctare,
499 1367 619 1407 quum
632 1360 740 1390 antea
759 1367 912 1406 quoque
922 1361 1016 1391 teste

360 1413 443 1463 ipso
484 1409 680 1448 Herodoto
708 1410 800 1458 VII,
824 1410 904 1452 158
939 1411 1017 1447 iam

360 1469 506 1505 bellum
527 1468 590 1504 ille
611 1479 701 1503 cum
720 1468 859 1504 Poenis
887 1480 1017 1518 gesse-

360 1525 434 1572 rit,
476 1522 696 1575 qui-denuo
733 1530 847 1576 atque
881 1525 1017 1560 maiori

360 1592 451 1617 cum
471 1580 653 1627 exercitu,
675 1592 752 1631 quo
781 1579 917 1617 certius
938 1582 1018 1617 Ge-

360 1636 491 1674 lonem
547 1637 805 1686 opprimerent
849 1637 1018 1673 Graeco-

360 1705 526 1744 rumque
566 1705 624 1728 res
654 1692 694 1727 in
718 1693 848 1730 Sicilia
869 1699 1016 1731 everte-

361 1755 470 1795 rent,
510 1748 746 1786 accesserint.
803 1750 937 1801 Neque
968 1763 1017 1786 ex

361 1803 516 1841 foedere
535 1805 755 1841 Poenorum
784 1818 874 1842 cum
893 1806 1016 1843 Persis

360 1861 456 1897 inito
481 1859 594 1897 huius
623 1859 714 1897 belli
749 1874 883 1898 causae
913 1875 1021 1913 repe-

361 1916 512 1965 tendae,
523 1915 589 1953 sed
606 1930 654 1953 ex
669 1930 727 1965 eo,
740 1919 886 1968 opinor,
903 1918 1019 1970 quod,

364 1986 456 2010 cum
475 1974 627 2025 utrique
649 1980 686 2010 et
707 1975 828 2011 Poeni
841 1982 877 2012 et
887 1976 1021 2012 Graeci

363 2030 478 2067 totius
517 2029 662 2065 insulae
691 2031 895 2081 imperium
926 2031 1022 2068 asfe-

364 2091 526 2132 ctarent,
548 2086 632 2122 illos
653 2087 780 2124 collidi
803 2088 1021 2140 bellumque

364 2142 455 2179 oriri
483 2154 637 2178 necesse
667 2150 758 2181 erat.
821 2144 879 2182 Cf.
901 2145 1023 2181 Botti-

365 2196 469 2234 cher.
500 2198 640 2234 Histor.
675 2198 876 2250 Carthagg.
897 2214 936 2251 p.
958 2203 1024 2240 37.

365 2253 434 2292 97.
489 2254 624 2304 Itaque
646 2261 747 2291 recte
766 2257 826 2292 Fr.
846 2258 1023 2292 Lorentz.

366 2306 467 2344 hanc
487 2307 583 2344 mihi
594 2311 760 2358 posuisse
775 2309 1022 2346 videturthe-

365 2363 562 2407 sin(llalae
579 2365 714 2414 1828):
736 2365 905 2415 ‚,foedns‚
919 2365 1021 2417 quod

366 2420 516 2455 Xerxes
537 2431 626 2454 cum
649 2419 1021 2470 Carthaginiensibus

368 2481 500 2511 contra
531 2475 695 2512 Graecos
721 2478 844 2513 iniisse
874 2477 1021 2526 dicitur,

369 2531 587 2569 Siculorum
608 2533 752 2569 vanitas
772 2534 923 2573 linxstf‘

427 2642 462 2681 εἰ
483 2639 537 2692 μή
557 2638 637 2680 v‘nd
657 2640 846 2692 Θήρωνος
870 2661 906 2683 κ.
924 2661 953 2683 τ.
967 2647 1019 2695 AL]

370 2698 583 2735 Diodorum
601 2699 631 2734 si
643 2699 852 2746 audiamus,
876 2704 1023 2738 llamil-

370 2768 434 2791 car
455 2767 543 2791 cum
557 2752 925 2805 Carthaginiensium
938 2771 1023 2795 ma-

371 2824 425 2848 nu
477 2809 621 2847 delecta
668 2814 864 2850 Himeram
904 2814 1024 2852 tendit

373 2867 530 2920 eiusque
568 2867 704 2906 incolis
719 2898 729 2918 ,
770 2871 836 2923 qui
871 2871 1022 2909 obviam

1070 735 1202 784 ierant,
1222 736 1400 786 inpugna
1416 735 1517 783 fusis,
1537 740 1721 772 terrorem

1068 792 1234 828 multum
1253 793 1393 831 iniecit.
1433 793 1566 842 Itaque
1587 789 1719 828 Thero

1069 848 1268 898 Agrigenti
1301 861 1390 895 rex,
1421 847 1467 884 de
1488 846 1643 884 Himera
1661 854 1723 884 tu-

1069 902 1185 940 tanda
1215 904 1393 941 sollicitus
1420 917 1580 955 propere
1601 905 1723 955 Syra-

1069 973 1176 997 cusas
1200 961 1302 996 misit
1323 972 1436 1010 opem
1463 962 1644 1011 petituros
1675 958 1723 996 ad

1071 1017 1278 1064 Gelonem,
1315 1017 1382 1067 qui
1421 1029 1514 1052 mox
1554 1029 1723 1067 egressus

1072 1074 1373 1124 coniunctusque
1411 1085 1501 1109 cum
1542 1071 1723 1110 Therone

1074 1129 1123 1166 ad
1152 1130 1348 1165 Himeram
1376 1130 1525 1165 Poenos
1543 1127 1654 1174 fudit,
1681 1136 1725 1165 ut

1074 1187 1243 1237 pluribus
1265 1192 1414 1222 enarrat
1436 1183 1624 1222 Diodorus
1655 1186 1723 1233 XI,

1073 1245 1124 1282 21
1148 1255 1253 1294 seqq.
1309 1243 1366 1278 Ac
1386 1241 1536 1279 videtur
1553 1254 1643 1278 sane
1663 1242 1726 1278 ille

1074 1299 1251 1347 Terillus,
1273 1299 1337 1350 qui
1347 1299 1502 1335 Himera
1520 1299 1658 1334 eiectus
1679 1296 1727 1335 ad

1072 1356 1222 1392 Poenos
1247 1355 1470 1405 confugerat
1485 1383 1497 1402 ‚
1516 1353 1618 1392 hisce
1638 1354 1727 1405 ipsis

1073 1419 1204 1449 auctor
1235 1412 1349 1448 fuisse
1389 1412 1535 1448 bellum
1575 1411 1727 1448 Graecis

1072 1466 1272 1516 inferendi,
1295 1468 1429 1519 quibus
1451 1467 1598 1504 dudum
1619 1474 1725 1504 eraut

1072 1524 1192 1562 invidi
1220 1531 1333 1576 atque
1366 1524 1492 1561 infesti
1523 1525 1570 1561 ob
1598 1523 1725 1574 impe-

1072 1580 1172 1617 rium
1190 1582 1311 1630 magis
1330 1581 1529 1633 magisque
1541 1593 1725 1618 crescens.

1077 1637 1202 1684 Thero,
1216 1639 1322 1674 cuius
1333 1637 1462 1674 laudes
1475 1635 1727 1674 cauit'Pinda..

1071 1707 1133 1730 rus
1155 1694 1305 1744 Olymp.
1317 1695 1352 1729 11
1373 1694 1466 1742 (ubi
1483 1693 1559 1731 vid.
1577 1693 1728 1744 potissi-

1071 1763 1180 1786 mum
1198 1763 1292 1787 vers.
1312 1752 1452 1802 6seqq.
1463 1763 1491 1786 s.
1503 1752 1555 1790 10
1569 1762 1664 1788 vers.
1675 1751 1728 1790 93

1076 1819 1178 1858 seqq.
1189 1820 1219 1843 s.
1235 1804 1348 1871 170)
1354 1813 1391 1843 et
1412 1804 1729 1857 Olymp.111‚h..l

1076 1869 1233 1900 vocatur
1269 1857 1495 1915 μούναοχος
1534 1861 1614 1911 (de
1653 1875 1730 1914 quo

1077 1918 1154 1958 vid.
1182 1918 1230 1955 ad
1250 1919 1294 1965 V,
1309 1921 1362 1960 92
1384 1921 1420 1965 ς.
1431 1920 1490 1967 6),
1521 1917 1623 1970 apud
1635 1920 1732 1956 Dio-

1079 1975 1216 2012 dorum
1247 1976 1315 2022 XI,
1338 1979 1391 2016 20
1421 1982 1578 2012 vocatur
1607 1972 1731 2014 δυνα-

1080 2044 1182 2081 στης.
1239 2033 1296 2068 De
1315 2032 1534 2068 Aenesidemo
1556 2032 1603 2068 cf.
1632 2042 1731 2082 quae

1081 2088 1160 2125 dixi
1180 2086 1227 2124 ad
1257 2089 1337 2134 Vll,
1372 2086 1462 2128 154.
1492 2088 1567 2123 Pro
1600 2085 1730 2133 ἐξελα-

1079 2143 1181 2191 θεὶς,
1203 2143 1304 2195 quod
1325 2144 1424 2179 male
1454 2144 1607 2179 retinuit
1624 2141 1731 2179 Bek-

1078 2199 1204 2247 kerus,
1222 2199 1371 2249 reposui
1392 2197 1626 2247 ἐξελασθεὶς,
1643 2205 1684 2236 ut
1700 2200 1729 2247 1,

1082 2257 1270 2296 163.173
1302 2254 1402 2290 alibi.

1134 2361 1201 2404 ὑπ’
1231 2362 1353 2404 αὐτόν
1377 2363 1441 2405 τὸν
1471 2362 1614 2416 χρόνον
1636 2368 1730 2406 τοῦ·Ι

1079 2423 1166 2470 τον]
1191 2423 1213 2458 i.
1235 2436 1268 2459 e.
1290 2423 1351 2458 sub
1370 2424 1482 2472 ipsum
1503 2422 1564 2459 hoc
1586 2426 1730 2473 tempus,

1080 2485 1119 2514 nt
1142 2477 1242 2528 apud
1264 2477 1484 2530 Thucydid.
1506 2480 1553 2525 11,
1569 2482 1622 2520 27
1643 2480 1730 2516 coll.

1079 2534 1215 2571 Matth.
1244 2536 1308 2572 Gr.
1331 2536 1396 2571 Gr.
1417 2549 1455 2586 p.
1480 2537 1600 2575 1187.
1644 2534 1731 2572 Vid.

1080 2590 1245 2628 Fischer.
1291 2590 1339 2627 ad
1389 2591 1551 2628 wener.
1582 2592 1648 2628 Gr.
1677 2591 1731 2627 111

1080 2661 1117 2698 p.
1136 2650 1233 2688 278.
1253 2646 1348 2684 Inde
1367 2649 1470 2684 male
1488 2646 1528 2684 h.
1548 2648 1573 2686 l.
1590 2648 1628 2683 in
1641 2648 1731 2683 Flo-

1080 2705 1228 2740 rentino
1258 2704 1413 2755 aliisque
1442 2699 1513 2743 ἐπ’
1535 2698 1655 2743 αὐτὸν
1666 2699 1731 2743 τὸν

1079 2755 1239 2811 χρόνον.
1296 2761 1422 2797 Minus
1443 2767 1615 2797 accurate
1635 2760 1730 2797 Dio-

1080 2815 1194 2854 dorus
1222 2817 1292 2864 XI,
1325 2819 1344 2857 1
1377 2819 1460 2864 τοῖς
1488 2812 1620 2864 αὐτοῖς
1639 2811 1730 2869 χρό-

1079 2886 1175 2919 νοις.
