1897 3340
63 886 128 932 78

596 179 896 231 ERATO.

955 191 987 226 V
995 192 1025 226 Ι.
1369 195 1450 234 33Ί

351 303 520 349 ἐξελάσῃ,
543 301 604 336 καὶ
627 301 741 340 κῦδος
762 290 810 334 ἐν4
829 297 1036 343 Ἀργείοισιν
1062 294 1210 343 ἄρηται,

350 359 488 400 πολλὰς
510 357 670 402 Ἀργείων
694 355 957 401 ἀμφιδρυφέας
984 355 1068 391 τότε
1091 353 1225 400 θήσει·

349 414 400 457 ὥς
423 413 514 449 ποτέ
536 427 598 454 τιςΙ
614 411 705 458 ἐρέει
729 414 791 449 καὶ
815 412 1069 458 ἐπεσσομένων
1095 409 1323 457 ἀνθρώπων,
1466 416 1482 447 1

347 471 470 512 δεινὸς
490 468 577 515 ὄφις
594 469 793 515 τριέλικτος
809 469 982 506 ἀπώλετο
1003 470 1109 515 δουρὶ
1128 471 1343 513 δαμασθείς.

156 547 341 586 4Ταῦτα
378 538 430 595 δὴ
469 537 612 583 πάντα
652 540 923 584 συνελθόντα
962 545 1076 583 τοῖσι
1102 536 1332 593 Ἀργείοισι
1369 537 1451 595 φό-

185 613 268 665 βον
294 612 482 662 παρεῖχε·
527 607 599 650 καὶ
630 606 682 663 δή
715 619 795 662 σφι
823 606 932 662 πρὸς
967 611 1102 650 ταῦτα
1139 605 1257 658 ἔδοξε
1287 611 1347 663 τῷ
1376 606 1450 663 κή-

184 694 285 730 ρυκι
316 679 405 718 τῶν
433 676 651 730 πολεμίων
680 678 882 730 χρᾶσθαι.
922 675 1054 727 δόξαν
1075 673 1119 718 δέ
1149 687 1240 728 σφι,
1272 675 1477 719 ἐποίευν5

185 742 376 787 τοιόνδε·
409 741 521 793 ὅκως
552 741 576 785 ὁ
607 741 888 799 Σπαρτιήτης
916 743 1054 798 κήρυξ
1087 743 1381 798 προσημαίνοι
1409 759 1451 786 τι

184 803 583 866 Λακεδαιμονίοισι,
608 811 782 854 ἐποίευν
801 812 874 854 καὶ
896 813 940 854 οἱ
955 810 1137 867 Ἀργεῖοι
1150 808 1291 853 τώυτὸ
1303 814 1446 853 τοῦτο.

184 877 364 923 Μαθών
401 879 447 922 δὲ
488 878 511 924 ὁ
543 877 790 935 Κλεομένης
830 883 1063 931 ποιεῦντας
1098 879 1202 930 τούς
1230 877 1448 934 Ἀργείους

183 944 333 992 ὁκοῖόν
359 963 401 989 τι
432 946 456 990 ὁ
487 946 694 1002 σφέτερος
728 946 864 1003 κήρυξ
900 947 1122 1005 σημήνειε,
1158 946 1446 1003 παραγγέλλει

182 1027 261 1071 σφι
291 1015 398 1059 ὅταν
428 1013 599 1071 σημῄνῃ
626 1014 649 1058 ὁ
691 1014 825 1071 κήρυξ
853 1016 1081 1060 ποιέεσθαι
1110 1014 1311 1070 ἄριστον,
1349 1015 1445 1059 τότε
1462 1023 1503 1056 10

181 1081 484 1140 ἀναλαβόντας
522 1083 575 1125 τὰ
618 1081 752 1136 ὅπλα,
797 1084 975 1140 χωρέειν
1010 1083 1052 1135 ἐς
1081 1082 1185 1134 τούς
1211 1082 1443 1139 Ἀργείους.

153 1157 323 1196 evocem
351 1152 425 1195 καὶ
455 1151 617 1207 ἐγίνετο
648 1151 839 1196 ἐπιτελέα
867 1152 914 1196 ἐκ
951 1155 1039 1194 τῶν
1067 1153 1442 1208 Λακεδαιμονίων.

181 1221 364 1277 ἄριστον
401 1218 485 1276 γοὶρ
523 1218 822 1275 ποιευμένοισι
856 1224 968 1262 τοῖσι
1009 1217 1234 1275 Ἀργείοισι
1275 1220 1323 1264 ἐκ
1361 1224 1444 1265 τοῦ

124 1405 173 1428 ex
194 1390 379 1429 Herodoti
399 1392 614 1430 narratione
623 1392 784 1444 planum

123 1461 203 1485 non
225 1455 292 1486 est.
351 1449 540 1494 Quorsum
563 1451 665 1486 enim
687 1445 783 1489 ὅταν

123 1503 152 1555 ή
172 1501 316 1554 θήλεια
335 1503 406 1545 τὸν
421 1503 567 1558 ἄρσενα
587 1502 783 1557 νικήσασα

120 1556 349 1615 Ἐξελοῖσῃ.“
376 1563 581 1599 Praeterita
598 1570 685 1599 sunt
700 1563 789 1613 Te—⁴

120 1618 263 1654 lesillae
301 1618 531 1656 documenta
570 1620 717 1656 virtutis
743 1625 780 1656 et

121 1673 373 1725 prudentiae,
415 1677 552 1728 quibus
586 1683 779 1712 matronas

119 1732 373 1782 Argivorum,
420 1740 463 1769 ut
500 1734 631 1770 sumtis
667 1734 779 1769 armis

120 1789 254 1825 urbem
295 1796 557 1839 protegerent,
600 1790 779 1826 Cleome-

119 1857 287 1896 nemque
309 1852 345 1881 et
364 1845 586 1882 invadentes
619 1846 778 1896 Sparta-

119 1914 189 1937 nos
210 1903 434 1952 repellerent
449 1932 457 1948 ,
482 1903 686 1950 animavit,
707 1915 779 1953 pe-

119 1957 234 1994 tenda
265 1972 314 1995 ex
353 1960 539 1995 Pausania
579 1960 634 2006 ΙΙ,
684 1959 778 1999 20.“

121 2014 231 2051 Conf.
253 2014 296 2051 C.
318 2016 362 2052 Ο.
382 2016 531 2052 Mtiller.
548 2016 639 2052 Dor.
661 2016 779 2065 Ipag.

122 2073 226 2115 173,
256 2072 322 2107 ubi
349 2085 506 2108 omnem
534 2070 633 2108 hanc
655 2074 780 2108 Hero-

123 2125 202 2163 doti
221 2128 415 2165 historiam
438 2128 527 2166 dicit
537 2130 685 2175 miram,
707 2141 779 2164 nec

121 2184 190 2220 sibi
223 2197 433 2235 congruam
471 2186 532 2222 vel
564 2198 632 2232 eo,
674 2184 778 2237 quod

120 2241 231 2290 primi
262 2243 403 2278 oraculi
431 2255 580 2290 versus,
612 2255 707 2294 quos
728 2241 777 2278 ad

121 2309 202 2333 rem
232 2298 425 2348 quandam
450 2306 618 2350 spectare
638 2305 776 2349 pateat,

120 2365 199 2389 non
232 2355 479 2404 explicentur.
544 2355 638 2392 Inde
670 2354 776 2392 idem

121 2410 267 2459 quaerit
283 2438 292 2453 ,
324 2424 419 2446 num
447 2410 476 2461 ή
499 2408 642 2462 θήλεια
662 2413 775 2449 forsi-

122 2471 185 2501 tan
209 2464 256 2501 ad
277 2467 463 2502 Iunonem
494 2475 647 2518 spectet.

176 2521 298 2568 κῦδος
310 2545 357 2550 -
375 2519 542 2573 ἄρηται]
574 2524 775 2561 Homerica

121 2577 260 2614 locutio
275 2607 284 2625 ‚
308 2591 404 2629 qnae
424 2579 523 2615 valet
543 2579 696 2627 gloriam
718 2593 775 2617 re-

118 2637 277 2682 portare,
308 2635 470 2685 auferre3
513 2634 559 2671 de
591 2648 665 2686 qua
692 2635 771 2672 vid.

124 2690 311 2725 Duncanii
345 2692 475 2729 Lexic.
504 2704 524 2727 a
556 2693 660 2728 Rost.
694 2690 777 2727 edi-

125 2751 208 2780 tum
236 2746 252 2779 I
280 2758 318 2795 p.
347 2747 414 2787 42.
471 2748 555 2784 Vox
573 2744 777 2797 ἀμφιδρυ-

125 2797 208 2851 φής
236 2800 414 2850 (undique
444 2803 642 2850 laceratus,
681 2803 776 2840 lace-

180 2859 401 2893 chonor.
421 2859 487 2895 III.

839 1405 918 1430 ‘ram
940 1397 1065 1430 vestem
1085 1392 1236 1443 gerens)
1258 1401 1296 1431 et
1315 1395 1395 1445 ipsa
1415 1396 1499 1432 Ho-

838 1463 990 1486 merum
1005 1449 1151 1488 redolet
1165 1480 1175 1498 ‚
1206 1452 1312 1488 cuius
1332 1452 1434 1489 conf.
1454 1453 1498 1489 Il.

837 1508 886 1555 ΙΙ,
909 1509 1004 1547 700.

895 1561 1132 1614 τριέλικτος]
1179 1563 1204 1602 i.
1243 1577 1276 1603 e.
1312 1563 1499 1614 tripliciter

838 1619 1044 1656 convolutus
1061 1622 1203 1668 anguis.
1262 1619 1379 1670 Apud
1405 1621 1498 1658 Sui—

837 1675 927 1712 dam
947 1678 981 1712 II
1000 1690 1039 1726 p.
1060 1676 1142 1717 588
1170 1689 1218 1712 ex
1238 1677 1414 1729 Eunapio
1439 1678 1498 1714 af-

836 1733 955 1769 fertur
990 1731 1351 1783 μυριέλικτος,
1391 1733 1498 1785 quod

837 1791 1047 1840 explicatur
1075 1788 1352 1838 πολυέλικτος,
1382 1792 1498 1827 item-

835 1858 910 1897 que
931 1844 1145 1897 τριέλικτον
1176 1841 1286 1897 ὕδωρ
1315 1859 1364 1883 ex
1395 1849 1497 1883 anti-

837 1915 912 1952 quo
934 1904 1209 1953 epigrammate
1231 1909 1268 1939 et
1281 1901 1498 1954 τριέλικτον

836 1956 935 2006 ὅφιν
958 1972 977 1994 e
997 1960 1123 1995 Nonn.
1144 1960 1303 2011 Dionys.
1322 1960 1397 2004 IX,
1413 1960 1496 2000 256

836 2017 959 2052 attulit
979 2016 1211 2066 VVesseling.

892 2071 1052 2111 ἐποίευν
1067 2071 1132 2111 καὶ
1144 2072 1185 2110 οἱ
1201 2067 1379 2123 Ἀργεῖοι
1389 2067 1496 2110 τωύ-

834 2125 876 2167 τὸ
915 2129 1057 2177 τοῦτο]
1129 2128 1234 2174 Quae
1249 2158 1259 2175 ‚
1307 2135 1350 2165 ut
1387 2135 1496 2166 notat

833 2186 1078 2235 VVesseling.,
1120 2187 1306 2236 copiosius
1346 2192 1494 2222 enarrat

833 2242 1020 2293 Polyaen.
1050 2243 1079 2291 Ι,
1105 2241 1155 2283 14
1186 2242 1272 2279 coll.
1293 2240 1491 2281 Plutarch.

831 2300 869 2335 II
886 2312 926 2350 p.
947 2302 1042 2340 223.

1000 2389 1091 2439 Cap.
1112 2389 1324 2426 Lxxvm.

886 2466 1034 2519 ἐγίνετο
1076 2466 1276 2516 ἐπιτελέα]
1343 2465 1493 2520 ἐγίνετο

833 2537 921 2561 cum
943 2524 1060 2561 Gaiss.
1091 2523 1177 2561 dedi
1197 2537 1266 2574 pro
1286 2524 1391 2574 vulg.
1413 2522 1491 2575 ἐγέ-

832 2594 941 2628 νετο,
964 2580 1067 2633 quod
1088 2582 1224 2617 retinet
1252 2581 1492 2616 Florentinus

832 2636 937 2672 liber.
995 2636 1058 2673 Ad
1079 2636 1252 2676 ἐπιτελέα
1273 2637 1372 2673 conf.
1394 2642 1491 2672 nott.

833 2692 880 2728 ad
900 2694 966 2739 ΙΙΙ,
990 2695 1055 2734 16.
1112 2695 1205 2729 Mox
1224 2691 1406 2731 ἐπεκέατο
1423 2703 1490 2726 va·-

833 2749 903 2784 let:
948 2751 1109 2799 impetum
1132 2749 1267 2798 fecere,
1327 2746 1492 2795 aggressi

832 2808 937 2848 sunt,
965 2811 1009 2841 ut
1038 2806 1138 2851 VIII,
1170 2804 1236 2843 84.
1266 2805 1335 2849 IX,
1356 2805 1423 2842 22.
1443 2801 1488 2846 V,

1503 361 1583 401 474

1507 888 1563 915 per
1582 879 1629 908 dol
1636 889 1683 908 um
1702 880 1747 909 su-

1506 917 1612 956 disset,
