1897 3340
15 645 19 692 l

8 766 114 814 '121

14 293 123 340 Ῐ’120
190 286 372 344 ἄμεινον
408 287 632 343 πρήξουσι.

438 177 1094 217 TERPSICHORE.

1152 179 1194 215 V.
1375 181 1461 220 225

701 285 1070 338 Βουλευομένοισι
1113 284 1158 328 δέ
1209 297 1288 341 σφι
1325 291 1462 331 ταῦτα

148 404 150 407 v
188 359 506 412 παραγίνονται
541 350 806 408 βοηθέοντες
837 351 1050 408 ΝΙιλήσιοί
1078 368 1123 396 τε
1163 354 1239 396 καὶ
1282 355 1326 397 οἷ
1355 352 1461 410 σύμ-

188 440 323 478 μαχοι
365 420 522 465 αὐτῶν.

590 421 787 464 ἐνθαῦτα
827 419 893 470 δὲ,
951 419 1005 462 τοὶ
1045 420 1126 475 μὲν
1163 421 1380 477 πρότερον
1417 424 1461 466 οἱ

1519 303 1638 336 iterum,
1659 313 1790 332 unacum

1520 336 1668 369 Milesiis,
1688 340 1724 365 :ul

1521 370 1682 398 habranda
1700 373 1742 398 in*

1516 407 1642 438 gentem
1672 406 1791 434 cladem

1519 438 1692 475 accipiunt:

185 493 331 545 Κᾶρες
358 487 673 544 ἐβουλεύοντο,
707 492 918 544 μετῆκαν,
952 489 994 531 οἱ
1025 490 1069 532 ὁὲ
1100 483 1223 541 αὖτις
1251 494 1539 550 πολεμεῖνὲο.

185 557 228 610 ἐξ
257 556 389 612 ἀρχῆς
430 554 663 610 α’ρτέοντο·
703 556 778 599 καὶ
814 555 987 599 ἐπιοῦσί
1021 572 1065 599 τε
1105 561 1220 600 τοῖσι
1261 558 1459 615 Πέρσῃσι

186 624 513 680 συμβάλλουσι,
553 625 627 667 καὶ
665 622 975 680 μαχεσάμενοι,
1023 623 1093 666 ἐπὶ
1128 628 1266 668 πλεῦν
1293 625 1324 682 ἢ
1351 625 1458 681 πρό-

184 707 314 745 τερον
345 691 603 748 ἑσσώθησαν
616 706 625 716 ’

184 763 294 810 λῶν,
326 758 542 814 Μιλήσιοι
569 759 755 815 μάλιστα
785 759 1046 816 ἐπλήγησαν.

179 843 228 870 το
277 826 326 871 τό
377 831 528 884 τρῶμα
580 827 796 885 ἀνέλαβόν
847 845 893 872 τε
931 828 1006 872 καὶ
1045 825 1365 885 ἀνεμαχέσαντο
1408 833 1452 875 οἱ

123 1027 304 1064 omittunt
335 1024 399 1075 δὲ,
449 1039 544 1079 quos
575 1034 659 1078 post
690 1027 783 1065 Val-

123 1082 250 1132 cken⁸⁷
281 1085 347 1136 qui
378 1084 494 1121 etiam
524 1085 636 1121 scribi
672 1098 781 1141 posse

122 1148 255 1178 monet
273 1139 571 1191 κατειληθέντες
603 1138 665 1181 δ
638 1157 663 1192 η
697 1157 717 1181 ο
730 1143 781 1180 ὑ-

121 1213 204 1245 τοι,
236 1195 316 1250 (hi,
348 1197 522 1248 inquam)
554 1200 673 1235 secuti
693 1206 782 1236 sunt

122 1253 344 1305 Schweigh.
378 1262 414 1291 et
441 1255 557 1291 Gaisf.
626 1257 671 1292 In
692 1257 784 1292 Flo-

121 1313 271 1348 rentino
291 1324 360 1363 pro
385 1309 427 1350 δὲ
450 1305 507 1350 ὦν
520 1312 652 1349 vitiose
673 1311 786 1349 exhi-

120 1369 232 1406 betur
251 1371 343 1408 τῶν.
364 1389 420 1395 —-
448 1367 511 1405 Ad
530 1382 643 1406 usum
667 1370 786 1407 futuri

120 1421 319 1478 πρήξουσι
339 1425 441 1464 conf.
461 1432 558 1463 nott.
580 1425 630 1463 ad
649 1427 695 1476 V,
715 1428 785 1468 43.

337 1527 427 1578 Cap.
441 1527 563 1564 CXX.

177 1592 275 1636 οἶδὲ
298 1611 411 1642 αυτις
438 1598 625 1646 πολεμεῖν
650 1594 690 1643 ἐξ
709 1591 784 1649 ἆρ-

116 1653 189 1704 χῆς
227 1647 441 1702 ἀρτέοντο]
492 1653 664 1689 Pertinet
702 1652 779 1690 huc

115 1708 274 1755 Diodori
310 1710 417 1746 locus
451 1710 492 1745 in
528 1710 727 1760 Excerptt.
756 1723 778 1746 a

113 1767 215 1803 Maio
250 1779 375 1816 nuper
403 1767 566 1816 vulgatis
604 1767 686 1815 VII,
722 1766 777 1807 47

113 1822 230 1873 (Nov.
266 1823 422 1860 Collect.
455 1824 506 1861 T.
539 1824 576 1859 11
602 1836 692 1873 pag.
723 1826 777 1864 37

113 1880 213 1931 seq.)
245 1879 356 1916 Cares
388 1881 573 1917 narrantis
596 1880 696 1917 bello
718 1887 778 1916 at-

111 1938 218 1974 tritos
281 1937 479 1973 oraculum
546 1938 777 1974 consuluisse

111 2000 244 2031 utrum
272 1994 438 2030 Milesios
456 1993 546 2030 belli
565 1995 686 2031 socios
706 1995 777 2030 sibi

111 2049 378 2101 adiungerent.
433 2051 616 2088 Dissuasit
634 2052 775 2102 Apollo

111 2105 169 2145 his
189 2108 332 2145 verbis:

156 2170 273 2207 πάλαι
289 2168 380 2206 ποτ’
412 2165 508 2217 ἦσαν
530 2167 677 2217 ἄλκιμοι
700 2173 774 2207 Ma-

249 2217 379 2263 λη’σιοι.

113 2276 218 2322 Quae
239 2278 373 2316 eadem
393 2279 603 2330 copiosiora
624 2280 670 2316 ab
691 2281 772 2316 He-

113 2333 276 2371 rodoteis
312 2335 489 2372 nonnihil
523 2336 671 2374 diversa
692 2343 772 2373 tra-

113 2389 254 2428 duntur
275 2405 323 2428 ex
341 2394 517 2430 Demoue
545 2394 586 2430 in
607 2392 771 2431 scholiis

113 2446 161 2484 ad
187 2447 381 2500 Aristoph.
409 2450 512 2487 Plut.
553 2452 674 2491 1003.
718 2471 766 2478 -

113 2504 280 2542 Voculae
302 2502 345 2545 δὲ
365 2507 404 2542 in
425 2507 546 2543 verbis
569 2506 611 2545 οἱ
629 2504 673 2546 δὲ
703 2520 771 2544 ea-

112 2559 201 2597 dem
220 2562 300 2598 fere
319 2563 374 2599 vis
406 2575 449 2599 ac
469 2564 589 2610 ratio,
623 2576 721 2615 quae
740 2565 771 2612 Ι,

111 2618 167 2656 66
199 2616 283 2667 (ubi
309 2618 387 2656 vid.
409 2620 524 2669 nott.)
546 2620 610 2667 VI,
643 2623 682 2660 3.
705 2623 771 2660 30.

111 2673 267 2719 VH‚6-
310 2678 374 2715 13
417 2679 510 2717 163.
561 2671 772 2727 αρτέεσθαι

113 2729 200 2779 (plo
220 2724 436 2782 οἷρτᾶσθαι)
453 2732 647 2770 Herodoto
669 2731 773 2769 haud

110 2785 327 2836 infrequens
343 2789 499 2825 notione
518 2802 589 2827 ,sese
600 2789 774 2840 parandi,

167 2842 388 2881 HERODOT.
409 2843 475 2881 III.

674 692 901 736 πεσόντων
943 692 989 736 δὲ
1030 695 1120 735 τῶν
1148 692 1327 737 πάντων
1354 699 1458 739 πολ-

1106 759 1231 804 Meto}
1267 761 1329 814 δὲ,
1357 767 1456 807 τοῦ-

1515 774 1574 793 ηοῐι
1591 768 1694 793 tamen
1713 764 1756 792 in-

1515 800 1679 833 nlti,cu1n
1698 799 1773 827 Per-

1509 842 1563 861 sae
1582 840 1690 875 postea
1713 834 1743 861 in

1509 877 1616 895 corum
1633 869 1679 896 ins
1666 868 1760 895 ‹aidias

1508 902 1640 938 delapsi,
1665 902 1704 929 ad

1509 945 1603 963 unum
1633 944 1738 964 omnes

1510 974 1653 1006 pereant.

841 1032 885 1063 ut
914 1026 996 1073 VH,
1032 1024 1129 1067 143.
1150 1027 1250 1075 VIII,
1282 1030 1350 1070 97.
1409 1030 1510 1068 Hinc

841 1078 1106 1135 οἷναρτέεσθαι
1139 1084 1169 1132 Ι,
1199 1087 1266 1126 90.
1308 1082 1443 1126 αὐτῶν
1471 1094 1508 1125 et

838 1138 913 1177 hoc
935 1141 1057 1191 capite
1071 1146 1108 1177 et
1128 1153 1213 1192 cap.
1231 1144 1306 1183 121
1330 1142 1507 1182 dedimus

839 1209 909 1248 pro
931 1192 1098 1236 αὐτέων.
1119 1220 1170 1226 —
1193 1197 1257 1235 Ad
1285 1198 1351 1239 ἐπὶ
1381 1203 1508 1241 πλεῦν

842 1254 945 1291 conf.
964 1254 1029 1301 VI,
1051 1252 1119 1294 42.

897 1308 1105 1349 πεσόντων
1148 1307 1191 1349 δὲ
1220 1313 1302 1350 τῶν
1342 1308 1506 1353 πάντων

841 1368 1029 1415 πολλῶν]
1062 1367 1163 1403 Olim
1182 1369 1299 1418 vulgo
1321 1371 1506 1407 omissum

840 1425 924 1463 τοῖν
950 1419 1128 1462 πάντων.
1193 1424 1388 1476 Equidem
1416 1441 1506 1464 cum

840 1487 997 1517 recentt.
1017 1479 1103 1516 edd.
1117 1480 1374 1531 plurimorum
1389 1483 1503 1523 codd.

839 1538 1106 1574 auctoritatem
1126 1545 1277 1575 secutus
1289 1552 1387 1586 sum,
1409 1553 1503 1591 pro-

838 1594 953 1631 hante
983 1592 1130 1641 Valck„
1152 1595 1219 1646 qui
1245 1596 1298 1632 ita
1323 1594 1362 1633 h.
1383 1596 1410 1633 l.
1438 1598 1503 1634 in-

836 1657 1085 1701 terpretatur:
1117 1664 1222 1701 quam
1241 1647 1282 1690 >z‘n
1302 1655 1503 1692 universum

835 1708 943 1745 multi
971 1707 1175 1745 cecidissent
1198 1710 1235 1746 z'n
1254 1709 1399 1760 proebe,
1420 1709 1503 1748 Mi-

835 1763 915 1801 lesii
932 1768 1046 1801 tamen
1061 1767 1253 1803 maximam
1263 1779 1354 1815 prae
1377 1770 1501 1805 ceteris

834 1821 969 1858 cladem
987 1823 1233 1871 acceperunt.“
1254 1823 1360 1860 Haec
1381 1824 1499 1873 enim,

833 1879 864 1914 si
886 1877 979 1930 quid
992 1877 1123 1923 video,
1143 1879 1333 1930 scriptoris
1348 1888 1500 1918 senteu-

831 1935 906 1971 tia:
936 1935 1064 1972 multos
1090 1948 1133 1972 ex
1158 1937 1204 1972 iis
1226 1937 1400 1985 omnibus,
1432 1937 1500 1989 qui

833 1998 965 2028 contra
995 1993 1128 2028 Persas
1160 2005 1266 2029 arma
1296 1995 1495 2044 cepissent,

834 2049 1011 2096 cecidisse,
1032 2050 1083 2085 ita
1112 2055 1155 2086 ut
1175 2062 1270 2086 voce
1289 2053 1369 2089 τῶν
1391 2047 1498 2090 πάν-

831 2120 911 2144 των
921 2107 1148 2144 coniunctae
1157 2106 1418 2157 intelligantur
1428 2121 1497 2145 co-

831 2163 917 2213 piae
939 2163 1092 2210 Carum,
1113 2164 1349 2201 Milesiorum
1371 2171 1408 2201 et
1431 2166 1498 2217 qui

831 2219 973 2256 horum
992 2221 1134 2257 fuerint
1149 2222 1253 2258 socii.
1313 2220 1377 2258 Ad
1405 2235 1495 2259 ver-

831 2277 925 2313 bum
946 2273 1174 2329 ἐπλήγησαν
1188 2276 1323 2315 Valck.
1346 2292 1366 2315 e
1379 2277 1495 2315 Thu-

829 2333 915 2385 cyd.
936 2335 1002 2382 ΠΙ,
1016 2336 1065 2375 18
1086 2335 1245 2372 confert.
1267 2335 1492 2388 πληγέντες,

827 2392 894 2427 ubi
910 2387 1231 2443 Ξοῑ101.μεγαλως
1242 2391 1491 2443 νικηθέντες·

827 2445 961 2499 πληγη
990 2445 1065 2500 yolo
1088 2463 1188 2487 κατα
1219 2444 1395 2518 πόλεμον
1423 2447 1493 2489 καὶ
1537 2489 1544 2493 ,

827 2507 983 2557 τραῦμα
1006 2503 1035 2556 ἦ
1055 2501 1195 2557 ι’σχυρα
1216 2499 1327 2556 ἧττα-

1026 2608 1120 2659 Cap.
1149 2608 1290 2648 CXXI.

882 2678 1000 2716 τοῦτο
1028 2673 1071 2715 τὸ
1111 2677 1248 2726 τρῶμα
1287 2670 1490 2724 ἀνέλαβόν

826 2746 867 2771 τε
891 2732 959 2771 καὶ
990 2727 1281 2784 ἀνεμαχέσαντο
1323 2730 1364 2769 οἵ
1401 2731 1488 2767 Κᾶ-

829 2789 922 2841 ρες]
958 2790 984 2826 ἰ.
1007 2802 1041 2826 e.
1070 2792 1193 2839 postea
1220 2800 1299 2824 vero
1328 2787 1391 2823 hoc
1411 2785 1489 2822 vul-

1159 2843 1211 2882 15
