1897 3340
269 641 335 686 69

65 704 136 732 Tali
153 707 239 733 modo
255 718 320 735 vum

65 739 161 767 multo
186 743 338 773 potentior

65 772 249 802 adversariis
266 786 337 803 cinu-

66 806 167 842 nisset,

400 211 480 250 122

797 212 1253 247 flssssono'ri

399 316 492 359 ἔτεα
531 317 755 371 ἑξήκοντα·
797 318 1017 372 μετέπειτα
1057 319 1202 373 μέντοι
1239 317 1368 371 λόγον
1406 321 1528 370 σφίσι
1557 318 1654 361 ὑόν-

396 400 486 437 τες,
520 385 753 441 μετέβαλον
783 387 823 436 ἐς
853 386 957 436 τούς
980 386 1150 436 Ὑλλέας
1181 387 1252 428 καὶ
1278 386 1553 440 Παμφύλους
1582 388 1654 427 καὶ

397 453 682 507 Δυμανάτας·
722 453 950 506 τετάρτους
987 454 1032 495 δὲ
1073 453 1243 496 αὐτοῖσι
1281 456 1548 507 προσέθεντο
1585 453 1654 495 ἐπὶ

397 523 477 562 τοῦ
516 518 746 575 Ἀδρήστου
783 519 938 568 παιδὸς
986 521 1234 572 Αἰγιαλέος,
1281 521 1361 577 τήν
1405 521 1710 576 έπωνυμίηνὸῦ

396 587 647 641 ποιεύμενοι
677 589 910 640 κεκλῆσθαι
943 587 1182 638 Αἰγιαλέας.

481 658 628 696 Ταῦτα
672 653 751 708 μέν
789 669 872 695 νυν
917 651 940 695 ὁ
981 653 1225 705 Σικυώνιος
1264 656 1526 708 Κλεισθένης
1564 654 1652 696 έπε-

395 720 582 776 ποιήκεε.

642 719 665 763 ὁ
697 721 743 763 δὲ
773 720 825 775 δὴ
859 718 1086 775 Ἀθηναῖος
1132 722 1415 777 Κλεισθένης,
1455 723 1538 764 ἐών
1572 725 1652 764 τοῦ

394 790 646 832 Σικυωνίου
693 786 856 830 τούτου
904 789 1216 841 θυγατριδέος.
1270 790 1340 832 καὶ
1392 788 1440 832 τὸ
1481 789 1652 843 οὕνομα

396 855 463 898 ἐπὶ
494 855 657 898 τούτου
683 855 803 909 ἔχων,
834 854 1002 897 δοκέειν
1032 854 1139 908 ἐμοὶ,
1174 855 1246 897 καὶ
1276 851 1406 905 οὗτος
1434 855 1652 909 ὑπεριδών

383 924 558 974 Ἴωνας,
588 925 661 965 ἵνα
678 921 737 978 μή
759 933 883 977 σφισι
912 924 958 965 αἱ
987 922 1114 964 αὐταὶ
1141 923 1242 966 ἔωσι
1268 924 1403 978 φυλαὶ
1433 923 1713 979 xai''loe61„907

394 990 472 1034 τὸν
511 990 747 1045 ὁμώνυμον
786 989 1052 1032 Κλεισθένεα
1090 990 1334 1046 ἐμιμήσατο.
1387 989 1443 1040 ὠς
1482 989 1565 1044 γάρ
1597 990 1650 1046 δὴ

367 1057 475 1101 Ξτόν
511 1057 753 1115 Ἀθηναίων
791 1057 950 1111 δῆμον,
989 1057 1205 1112 πρότερον
1235 1055 1519 1114 ἀπωσμένον,
1557 1057 1651 1100 τότε

337 1231 552 1268 timendum
570 1233 677 1268 foret.
722 1230 915 1283 Equidem
933 1238 994 1267 ta-

336 1301 427 1324 men
456 1290 495 1324 iu
523 1290 659 1325 talibus
688 1286 883 1324 Herodoto
909 1288 992 1338 plus

337 1344 437 1392 fidei,
460 1358 576 1396 quam
597 1346 664 1381 ulli
683 1345 900 1380 recentioris
928 1356 994 1380 ae-

338 1403 422 1438 tatis
442 1403 614 1452 scriptori
639 1400 770 1438 haberi
790 1401 918 1436 velim.

347 1462 350 1467 “
392 1454 507 1510 λόγον
546 1458 659 1506 σφίσι
687 1453 840 1504 δόντες]
883 1457 994 1493 Cous.

336 1521 431 1551 nott.
453 1513 500 1550 ad
515 1515 563 1561 Π,
588 1516 681 1554 162.
703 1514 808 1558 Quae
823 1525 994 1564 sequun-

336 1577 399 1606 tur
436 1572 661 1607 Dor-icarum
699 1570 870 1606 tribuum
919 1581 994 1605 no-

335 1628 439 1662 mina
479 1627 736 1678 antiquissima
765 1626 827 1661 illa
849 1632 935 1661 sunt
956 1631 993 1660 et

337 1683 376 1718 in
412 1696 642 1734 unaquaque
678 1682 827 1718 civitate
856 1682 991 1717 Dorica

335 1740 457 1786 obvia,
478 1746 520 1775 ut
540 1752 651 1790 supra
671 1740 904 1774 monuimus.
935 1739 992 1773 De

335 1797 470 1846 quibus
488 1796 594 1846 plura
615 1794 691 1831 vid.
712 1795 754 1830 C.
777 1795 822 1831 Ο.
843 1794 991 1830 Miiller.

335 1853 424 1888 Dor.
456 1854 491 1888 11
520 1864 607 1903 pag.
638 1850 692 1891 75
731 1864 838 1902 seqq.
877 1851 919 1887 C.
949 1852 990 1886 F.

336 1910 545 1945 Hermann.
562 1906 766 1945 Lehrbuch
787 1914 858 1944 etc.
882 1908 916 1952 ξ.
937 1909 990 1947 20

335 1972 413 2002 not.
437 1968 475 2005 3.
496 1964 536 2005 4.
567 1967 740 2001 Kortiim.
762 1965 799 1999 in
833 1961 990 2001 Sehlos-

333 2035 405 2061 ser,
437 2028 473 2057 et
502 2020 654 2058 Bercht.
684 2019 838 2057 Archiv·
869 2020 920 2056 T.
939 2020 989 2055 lv

334 2090 419 2128 pag.
453 2076 701 2117 141—143.
758 2078 842 2113 Hoc
869 2088 989 2111 unuln

335 2134 395 2170 hic
418 2133 556 2170 addere
577 2134 692 2177 lubet,
709 2131 990 2181 Herodoti·Dy-

333 2194 497 2228 manatas
528 2189 628 2241 apud
650 2190 740 2226 alios
762 2190 888 2226 vocari
911 2187 989 2237 Dy-

333 2260 460 2294 manes‚
481 2253 523 2283 ut
543 2261 579 2283 v.
591 2261 623 2283 c.
635 2245 735 2296 apud
748 2244 881 2296 steph.
894 2246 987 2294 Byz.

333 2319 362 2341 s.
392 2318 428 2340 V.
450 2305 592 2352 Δυμᾶν
624 2316 661 2354 p.
694 2304 787 2342 312.
846 2301 988 2346 Quibus

334 2361 447 2398 ternis
466 2361 636 2397 tribubus
663 2365 795 2410 quarta
815 2360 843 2393 si
866 2371 987 2393 acces.

333 2420 399 2463 sit,
430 2430 472 2452 ea
495 2417 552 2452 vel
575 2416 861 2466 peregrinorum
883 2415 920 2449 in
933 2416 987 2449 ci—

335 2475 488 2510 vitatem
508 2480 746 2523 receptorum
767 2472 876 2507 fuisse
898 2483 986 2520 pro—

335 2531 456 2567 babile
476 2537 549 2575 est,
580 2530 640 2565 vel
671 2527 890 2577 indigenam
920 2528 988 2562 tri-

334 2588 446 2633 bum,
469 2599 565 2638 quae
586 2587 726 2636 priores
739 2591 858 2620 terrae
880 2584 986 2619 inco-

336 2645 386 2680 las
406 2644 598 2679 aDoribus
619 2640 881 2677 invadentibus
895 2640 986 2675 snb-

335 2707 436 2736 actos
475 2699 759 2749 complectatur-
826 2697 985 2741 Qualem

335 2755 431 2793 hanc
451 2757 569 2806 ipsam
595 2755 852 2800 Aegialensem
877 2753 988 2788 fuisse

335 2813 543 2850 statuimus.
568 2812 614 2848 ab
638 2811 806 2860 Aegialo,
843 2808 984 2844 Adrum

1048 1231 1140 1278 finio,
1171 1231 1469 1278 denominatam,
1500 1244 1589 1268 cum
1627 1232 1705 1281 ipsa

1050 1288 1142 1323 olim
1163 1288 1307 1338 Sicyon
1321 1287 1398 1323 una
1418 1300 1507 1324 cmn
1526 1299 1616 1337 agro
1636 1286 1706 1324 ad—

1049 1345 1196 1381 iacente
1207 1344 1370 1393 Aegialz's
1391 1344 1578 1394 appellata
1598 1350 1705 1389 esset,

1052 1407 1089 1437 et
1121 1401 1187 1452 qui
1217 1401 1256 1436 iu
1286 1407 1390 1450 parte
1410 1400 1707 1450 septemtrionali

1051 1455 1100 1493 ad
1130 1458 1244 1493 maris
1271 1457 1358 1493 litus
1388 1453 1603 1507 (αἰγιαλὸν)
1634 1455 1707 1492 ha-

1052 1514 1231 1559 bitabant,
1245 1511 1390 1548 Achaei
1411 1512 1625 1549 dicerentur
1636 1513 1704 1551 Al-

1049 1573 1194 1620 γιαλεῐς
1209 1580 1219 1606 1
1243 1567 1291 1604 de
1313 1569 1448 1619 quibus
1462 1569 1564 1605 conf.
1578 1570 1705 1619 Span-

1050 1625 1152 1661 hem.
1175 1624 1223 1661 ad
1236 1624 1457 1661 Callimach.
1478 1627 1516 1661 in
1537 1626 1621 1661 Del.
1639 1628 1705 1665 73.

1049 1682 1173 1718 strab.
1194 1682 1280 1718 V111
1303 1694 1390 1731 pag.
1413 1683 1495 1722 382
1515 1695 1543 1717 s.
1566 1681 1704 1721 587A.

1047 1739 1105 1774 De
1125 1739 1204 1788 ipso
1225 1736 1353 1784 heroe,
1374 1737 1477 1773 unde
1493 1738 1610 1774 tribus
1630 1749 1706 1774 no·—

1046 1807 1137 1830 men
1167 1794 1329 1839 duxerit,
1360 1794 1462 1830 conf.
1482 1792 1703 1844 Apollodor.

1046 1852 1112 1897 111,
1144 1854 1183 1897 7,
1205 1853 1243 1891 3.
1273 1851 1436 1886 Pausan.
1459 1851 1528 1898 IX,
1551 1851 1575 1890 5
1603 1851 1640 1895 §.
1662 1853 1702 1890 7.

1046 1929 1101 1934 --
1132 1907 1193 1944 Ad
1222 1907 1336 1943 verba
1368 1903 1441 1956 τήν
1472 1905 1704 1974 ἐπωνυμίην

1047 1960 1278 2014 ποιεύμενοι
1308 1965 1529 2013 κεκλῆσθαι
1559 1967 1701 2015 Atym-

1047 2018 1136 2066 λέας
1154 2020 1255 2057 conf.
1276 2020 1321 2067 V,
1343 2020 1409 2060 65.

1249 2110 1341 2159 cap.
1361 2109 1502 2144 Lxlx.

1103 2188 1166 2227 ἐπὶ
1188 2184 1330 2226 τούτου
1353 2186 1469 2238 ἔχων]
1509 2188 1567 2223 De
1589 2200 1699 2237 prae-

1045 2247 1231 2295 positione
1253 2243 1317 2283 ἐπὶ
1337 2245 1437 2280 conf.
1468 2251 1565 2281 nott.
1586 2242 1634 2280 ad
1654 2244 1698 2286 V,

1047 2302 1112 2341 65.
1149 2304 1213 2342 68.
1253 2322 1306 2329 -
1336 2302 1456 2337 Usum
1495 2300 1700 2351 partiquae

1045 2358 1109 2396 καὶ
1144 2360 1180 2393 in
1221 2359 1342 2394 verbis
1378 2356 1423 2395 αἱ
1449 2355 1565 2395 αὖταὶ
1610 2355 1696 2395 ἔωσι

1045 2414 1166 2461 φυλαὶ
1189 2413 1254 2452 καὶ
1269 2411 1374 2451 Ἴωσι
1401 2414 1544 2450 notavit
1563 2410 1698 2448 matth.

1044 2472 1110 2506 Gr.
1143 2472 1208 2506 Gr.
1231 2484 1316 2520 pag.
1345 2472 1439 2509 708.
1498 2470 1588 2504 Mox
1611 2467 1698 2504 dedi

1043 2530 1184 2577 μοῖραν
1209 2540 1275 2577 pro
1296 2526 1454 2576 μοίρην.

1100 2579 1293 2634 πρότερον
1323 2577 1570 2629 ἀπωσμένον,
1613 2578 1698 2619 τότε

1044 2635 1174 2677 πάντα
1207 2636 1306 2686 πρός
1337 2635 1409 2685 τήν
1435 2636 1583 2675 ἑωυτοῦ
1606 2652 1638 2675 ν..
1665 2653 1694 2674 τ.

1043 2695 1094 2743 λ.]
1128 2698 1180 2731 ltu
1203 2709 1223 2730 e
1245 2694 1433 2731 Sancrosti
1459 2694 1566 2739 libro,
1588 2707 1696 2730 acce—

1044 2751 1218 2788 dentibus
1248 2757 1375 2801 postea
1405 2751 1502 2786 binis
1522 2750 1697 2786 Parisii-is

1044 2807 1176 2847 (widuk,
1231 2806 1381 2842 dederat
1424 2806 1699 2855 Nss'esselingins
