1897 3340
419 213 504 253 586

813 218 1273 256 HERODOTI

420 322 530 373 „alei
557 337 657 366 κοτε
686 321 933 382 σύντροφός
972 327 1084 370 ἐστι·
1122 326 1252 383 ἀρετή
1284 328 1330 372 δὲ
1362 328 1543 380 ἔπακτός
1571 328 1725 384 ἐστι,95

419 387 538 440 „nisui
564 405 608 433 τε
638 394 796 448 σοφίης
826 394 1146 452 κατεργασμένη
1189 396 1262 439 καὶ
1290 394 1433 452 νόμου
1461 398 1670 453 ἰσχυροῦ·

418 562 536 617 ἀρετὴ
586 564 628 605 δὲ
680 563 847 614 {vam-69
894 567 974 608 ἔστι
998 570 1016 618 ]

362 622 545 660 Matthiae
585 636 674 660 cum
702 625 782 660 aliis
803 622 1018 675 ἐπακτός;

363 679 541 731 equidem
572 681 711 716 retinui
743 679 909 727 ἔπακτος
928 695 1018 718 cum

363 736 481 773 Gaisf.
502 743 540 772 et
559 735 793 787 Sclnveigh.,
823 739 889 789 qui
908 738 1016 788 plura

362 795 403 829 in
434 793 566 829 Lexic.
599 793 741 833 Herod.
772 793 820 830 de
855 801 1016 846 utraque

360 849 549 887 scribendi
577 852 720 887 ratione
742 850 952 901 disputans,
974 851 1014 888 b.

361 908 386 943 l.
414 907 680 958 interpretatur
699 908 877 944 virtutem
897 909 1016 945 adsci-

359 964 480 1000 ticz‘am
494 991 504 1010 ‚
533 961 751 1000 -adhibitam
779 965 884 1001 velut
904 966 1015 1001 auxi-

358 1019 409 1056 lio
446 1018 624 1057 adversus
653 1027 915 1071 paupertatem
934 1022 1014 1059 scil.

359 1074 641 1126 repellendam,
689 1077 741 1113 ita
771 1083 812 1113 ut
850 1076 1015 1125 ἔπακτος

359 1138 574 1183 opponatur
600 1135 657 1185 τῷ
686 1129 899 1188 συμφύτῳ,
934 1148 1015 1172 non

355 1190 517 1226 innatum
536 1185 641 1241 [quid
671 1188 841 1227 indicans
861 1189 928 1228 sed
948 1191 1015 1228 ad-

355 1247 542 1283 venticium
572 1245 775 1298 quiddam,
804 1249 1014 1298 acquisitam

338 1316 387 1339 ns.
407 1305 622 1340 extrinsecus
655 1303 848 1351 adscitum,
878 1303 1014 1342 natura

354 1359 453 1396 nobis
472 1372 540 1396 non
571 1361 716 1398 insitum
744 1373 805 1397 nec
823 1362 1013 1409 ingenera-

356 1418 443 1453 tum.
502 1416 625 1460 Quare
647 1415 941 1455 Valckenaerius
952 1418 1011 1453 in-

355 1478 583 1523 terpretatur
593 1469 637 1513 to*
651 1474 714 1513 διδ
718 1470 846 1522 caneda),
869 1475 929 1510 cui
939 1487 1011 1525 op-

355 1535 520 1578 ponatur
561 1527 606 1569 τό
642 1529 684 1569 ἒν
715 1532 764 1583 τῇ
791 1527 937 1580 φύσει,
966 1537 1010 1567 ut

356 1586 396 1620 in
416 1584 637 1635 Epicharmi
658 1599 700 1623 ac
721 1588 930 1624 Democriti
950 1585 1011 1623 di-

353 1641 422 1678 ctis
442 1642 574 1680 allatis.
634 1643 699 1680 Cr.
730 1644 829 1680 conf.
853 1642 1011 1680 Pindar.

355 1697 506 1749 Olymp.
523 1700 573 1746 X,
587 1701 666 1740 107
688 1705 724 1735 et
743 1706 838 1736 nott.
860 1699 908 1736 ad
919 1701 1010 1736 Plo-

353 1754 422 1790 tin.
441 1756 542 1792 Enn.
563 1757 592 1802 Ι,
615 1758 652 1803 6,
673 1758 711 1796 7.
769 1757 868 1792 Hinc
894 1757 1010 1792 etiam

353 1818 521 1860 apparet,
537 1823 633 1863 quae
653 1810 755 1863 apud
771 1811 1010 1849 Herodotum

353 1867 605 1905 subiiciuntur
633 1869 749 1905 verba
781 1864 859 1908 ἅπό
879 1883 919 1907 τε
945 1879 1007 1908 σο-

352 1923 451 1974 φίης
470 1923 761 1977 κατεργασμένη
784 1923 851 1964 καὶ
880 1920 1008 1976 νόμου

353 1979 517 2032 ἰσχυροῦ
532 2011 542 2030 ,
588 1994 631 2018 ea
651 1980 763 2018 huius
783 1983 898 2033 ipsius
918 1995 1008 2019 sen-

352 2038 493 2073 tentiae
521 2037 762 2089 ampliandae
793 2046 830 2075 et
849 2051 1007 2075 accura-

350 2093 424 2130 tius
447 2093 685 2131 definiendae
705 2107 818 2132 causa
837 2108 916 2132 esse
937 2094 1008 2131 ad-

352 2147 442 2197 dita,
475 2151 506 2187 si
539 2151 696 2202 quidem
724 2153 888 2188 virtutem
904 2150 1007 2188 indi-

349 2212 439 2242 cant
465 2210 676 2256 acquisitam
712 2212 745 2245 et
769 2211 1006 2257 comparatam

347 2263 523 2310 sapientia
532 2263 713 2313 firmaque
729 2263 827 2311 lege,·
847 2262 1004 2314 adquae

350 2318 452 2354 conf.
472 2318 606 2357 Matth.
630 2320 694 2357 Gr.
727 2319 793 2355 Gr.
826 2332 863 2369 p.
897 2321 1004 2358 1130

349 2374 398 2411 ob
425 2375 504 2411 vim
542 2375 825 2425 praepositionis
860 2370 938 2413 α’πὸ
968 2381 1005 2410 et

347 2431 388 2476 ξ.
417 2430 513 2478 496,
545 2444 579 2468 e.
606 2444 692 2482 pag.
728 2433 805 2471 931
843 2431 891 2467 ob
924 2431 1004 2467 vim

350 2487 538 2537 passivam
567 2489 670 2525 verbi
700 2485 1002 2539 κατεργασμένη,

350 2549 394 2580 ut
426 2544 470 2591 V,
519 2545 587 2584 29.
662 2545 805 2580 Vocem
856 2544 1004 2593 σοφίην

351 2597 571 2651 Schweigh.
603 2598 641 2637 h.
661 2601 686 2637 l.
719 2601 852 2650 accipit
872 2600 1004 2637 doctri-

350 2669 446 2705 nam,
467 2659 604 2706 ingenii
625 2657 752 2694 cultum
767 2686 776 2703 ,
807 2660 899 2694 artes
919 2657 1003 2693 libe-

350 2713 464 2761 ralest,
507 2712 685 2765 equidem
717 2714 866 2749 malim:
911 2726 1003 2762 pru-

353 2770 471 2807 denter
480 2773 512 2807 et
531 2772 702 2820 sapienter
717 2771 831 2807 omnia
842 2773 1004 2806 tractan-

352 2826 392 2864 di
404 2827 604 2875 sollertiam,
628 2826 880 2864 dexteritatem-
902 2826 1003 2863 Voce

1074 567 1202 622 νόμον
1225 571 1249 607 i.
1273 584 1306 607 e.
1328 583 1418 607 more
1436 569 1474 607 h.
1496 571 1521 609 l.
1543 572 1728 608 contineri

1073 635 1217 677 putem,
1231 640 1481 679 quaecunque
1493 626 1595 678 apud
1603 628 1728 665 Grae-

1073 696 1136 720 cos
1170 685 1210 720 in
1239 696 1347 720 more
1381 687 1498 734 posita
1528 697 1657 721 severe
1691 691 1728 721 et

1072 740 1198 777 stricte
1217 741 1262 776 ab
1275 741 1451 777 omnibus
1473 741 1728 778 observaban-

1071 802 1144 833 tur.
1174 795 1260 832 vid.
1280 797 1360 844 Vll,
1381 796 1458 836 104
1484 798 1612 848 ibique
1631 803 1727 833 nott.

1070 853 1142 897 Qui
1156 847 1278 902 νόμος
1292 853 1444 903 qualem
1453 854 1531 889 vim
1543 851 1591 889 ad
1607 854 1728 890 Grae-

1069 921 1203 945 corum
1229 909 1375 945 animos
1410 915 1446 945 et
1467 921 1600 944 eorum
1618 910 1728 946 insti-

1069 971 1150 1000 tuta
1170 965 1299 999 omnia
1319 964 1513 1010 habuerit,
1556 963 1726 1017 disquirit

1070 1019 1326 1056 Hoffineister.
1342 1021 1431 1056 sittl.
1441 1020 1726 1070 relig.Lebens-

1071 1075 1218 1112 ansicbt
1245 1075 1282 1112 d.
1314 1075 1497 1113 Herodot.
1518 1089 1607 1126 pag.
1632 1076 1724 1125 105,

1068 1133 1135 1169 ubi
1155 1133 1283 1170 Garvii
1303 1133 1392 1169 citat
1411 1131 1603 1169 Vel-suche
1622 1134 1665 1171 P.
1676 1134 1726 1170 Π.

1068 1187 1165 1225 Mihi
1184 1187 1223 1227 h.
1240 1190 1265 1225 1.
1285 1188 1434 1225 videtur
1459 1187 1635 1226 historiae
1654 1201 1726 1240 pa—

1067 1252 1126 1282 ter
1136 1247 1383 1282 Demaratum
1396 1257 1440 1281 ea
1457 1245 1582 1282 facere
1591 1244 1725 1282 dicen-

1067 1308 1160 1350 tem,
1174 1315 1270 1354 quae
1279 1308 1370 1338 tunc
1381 1303 1560 1352 temporis
1573 1314 1594 1338 a
1605 1303 1726 1339 Grae-

1067 1360 1147 1395 ciae
1167 1359 1396 1410 sapientibus
1416 1359 1584 1394 maxime
1603 1359 1726 1409 agita-

1066 1416 1204 1452 bantur
1223 1416 1340 1467 inque
1351 1414 1488 1452 scholis
1501 1422 1538 1452 et
1552 1427 1725 1452 conven-

1065 1473 1164 1510 tibus
1192 1473 1363 1508 maxime
1400 1471 1724 1522 disceptabanturt,

1067 1530 1155 1566 talia
1187 1530 1289 1565 enim
1305 1528 1439 1565 afferre
1469 1529 1515 1565 ab
1539 1527 1724 1565 Herodoti

1066 1586 1228 1622 consiliis
1248 1584 1543 1637 haudquaquam
1555 1585 1722 1621 alienum

1065 1642 1179 1679 fuisse
1204 1642 1375 1688 arbitror,
1435 1642 1617 1678 Graeciae
1637 1641 1723 1677 lau-

1067 1697 1132 1735 des
1172 1698 1408 1734 celebraturi.
1475 1698 1580 1742 Quae
1618 1698 1721 1747 ipsae

1065 1753 1194 1791 laudes
1215 1767 1304 1791 cum
1325 1755 1518 1804 Spartanis
1544 1755 1721 1804 proxime

1065 1812 1299 1858 tribuantur,
1333 1812 1419 1847 satis
1439 1809 1529 1847 inde
1549 1816 1718 1860 apparet,

1066 1866 1158 1919 quid
1178 1866 1224 1904 de
1247 1880 1379 1904 eorum
1400 1867 1580 1917 opinione
1599 1873 1721 1903 statu-

1064 1923 1208 1960 endum
1227 1925 1294 1970 sit,
1332 1925 1397 1975 qui
1418 1922 1655 1960 Herodotum
1679 1923 1719 1958 in

1062 1981 1223 2030 gratiam
1268 1979 1561 2016 Atheniensium
1599 1977 1720 2015 histo-

1063 2037 1161 2073 riam
1191 2049 1300 2073 suam
1327 2037 1621 2087 perscribentem
1636 2063 1647 2082 ,
1669 2032 1717 2070 de

1061 2094 1261 2129 Laconum
1298 2091 1472 2129 laudibus
1514 2090 1719 2127 detraxisse

1062 2147 1319 2194 contendunt,
1378 2148 1543 2198 partium
1593 2145 1719 2183 studio

1061 2203 1234 2243 ductum.
1301 2205 1407 2249 Quae
1446 2204 1639 2254 attigimus
1677 2203 1716 2239 in

1058 2267 1140 2300 not.
1162 2258 1210 2296 ad
1231 2261 1291 2307 Vl,
1317 2262 1407 2301 108.
1462 2261 1569 2296 Bene
1589 2266 1719 2296 autem

1059 2315 1276 2353 llerodoteo
1313 2316 1397 2352 loco
1436 2317 1555 2353 utitur
1584 2316 1626 2353 C.
1671 2316 1718 2353 0.

1057 2374 1207 2410 Miiller.
1230 2375 1338 2422 (Dor.
1353 2374 1387 2408 ΙΙ
1407 2385 1495 2424 pag.
1516 2371 1629 2420 248),
1647 2372 1715 2409 ubi

1060 2428 1107 2466 de
1141 2442 1184 2466 ea
1211 2430 1407 2480 superbia,
1445 2441 1542 2481 quae
1569 2430 1717 2466 Dorum

1058 2486 1193 2523 animis
1222 2487 1443 2537 ingenerata
1481 2487 1573 2533 fuit,
1609 2485 1718 2522 belli..

1058 2555 1178 2594 caque
1190 2556 1323 2580 eorum
1343 2541 1562 2579 fortitudine
1586 2541 1714 2578 omnia

1057 2606 1258 2650 superante
1286 2599 1374 2649 agit.
1397 2621 1448 2627 -—-
1477 2600 1520 2634 In
1541 2599 1714 2648 proxime

1058 2669 1164 2708 seqq.
1192 2669 1259 2707 pro
1291 2653 1577 2706 διαχρεωμένη,
1609 2652 1713 2705 quod

1060 2714 1231 2764 plerique
1251 2718 1404 2749 tuentur
1416 2709 1540 2758 codd.‚
1563 2709 1713 2747 Sohae-

1060 2770 1161 2806 ferus
1183 2782 1231 2806 ex
1250 2781 1328 2806 uno
1347 2768 1517 2804 Parisino
1536 2767 1633 2804 libro
1649 2779 1725 2803 re-.

1060 2825 1184 2877 posuit
1222 2822 1492 2877 διαχρεομένη.
1567 2823 1711 2860 Vocem
