1897 3340
619 219 1060 259 ERATO.V1.
1396 221 1479 261 377

215 333 314 388 πίης
343 348 394 388 τῃ
425 347 549 411 μητρι
573 332 625 386 τῇ
654 328 821 372 ἑωυτοῦ
841 329 1186 382 συνευνηθηναι·
1217 327 1476 382 συνεβάλετο
1534 329 1614 371 488

219 403 279 443 ὠν
308 400 355 443 ἐκ
387 403 468 442 τοῦ
497 396 698 452 ὀνείρου,
733 394 958 438 κατελθών
988 395 1029 445 ἐς
1058 394 1134 445 τάς
1159 393 1365 450 Ἀθήνας,
1410 397 1482 438 καὶ

219 466 557 520 ἀνασωσάμενος
585 462 664 520 τὴν
692 462 830 521 άρχην
842 496 854 515 ,

906 462 1177 518 τελευτήσειν
1207 462 1253 505 ἐν
1281 479 1333 520 τη
1365 462 1478 506 ἑωυ-

218 538 298 578 τοῦ
326 530 516 589 γηραιός.
546 531 595 574 ἐκ
614 531 693 586 μὲν
716 531 769 589 δὴ
799 536 875 588 τῆς
894 529 1020 582 ὅψιος
1050 530 1311 586 συνεβάλετο
1331 536 1480 576 ταῦτα.

188 603 331 646 3Τότε
369 601 413 644 δὲ
456 597 791 655 κατηγεόμενος,
831 604 961 644 τοῦτο
994 599 1096 655 μὲν,
1135 598 1189 642 τὰ
1224 597 1482 655 ἀνδράποδα

217 670 270 714 τὰ
307 669 349 721 ἐξ
383 666 597 723 Ἐρετρίης
638 666 826 724 ἀπέβησε
865 667 907 719 ἐς
945 666 1024 723 τήν
1063 671 1202 723 νῆσον
1240 666 1322 724 τήν
1364 672 1538 712 Στυ-5ο

215 738 349 791 ρέων,
379 728 645 792 καλεομένην
673 735 720 779 δὲ
752 738 993 790 Αἰγίλειαν·
1032 740 1162 779 τοῦτο
1194 735 1258 787 δὲ,
1292 753 1482 793 καταγο-

215 807 346 861 μένας
385 804 427 854 ἐς
467 802 547 847 τόν
586 808 855 859 Μαραθῶνα
899 805 974 855 τὰς
1004 805 1104 855 νέας
1142 803 1296 860 (ὅρμιζε
1336 801 1483 857 οὗτος,

188 872 431 930 4ἐκβάντας
461 886 507 913 τε
536 871 579 922 ἐς
606 875 688 928 γῆν
715 871 820 923 τούς
856 871 1114 928 βαρβάρους
1149 872 1356 916 διέτασσε.
1407 875 1483 917 καί

217 944 260 986 οἱ
288 945 427 984 ταῦτα
458 939 652 983 διέποντι
669 940 830 996 ἐπῆλθε
852 946 1031 994 πταρεῖν
1048 957 1091 984 τε
1120 941 1193 984 καὶ
1213 942 1341 997 βῆξαι
1363 941 1483 998 μεζό-

214 1025 302 1059 νως
331 1006 359 1063 ἢ
391 1006 449 1058 ὥς
477 1007 621 1052 ἐώθεε.
663 1005 734 1052 οἷα
763 1009 808 1052 δέ
840 1010 884 1052 οῖ
912 1008 1191 1066 πρεσβυτέρῳ
1223 1008 1363 1063 ἐόντι,
1393 1015 1483 1054 τῶν

218 1074 415 1119 ὀδόντων
451 1077 494 1119 οἵ
525 1078 706 1127 πλεῦνες
746 1076 957 1120 ἐσείοντο·
996 1075 1166 1121 τούτων
1196 1073 1258 1121 ὦν
1288 1078 1365 1122 ἕνα
1394 1083 1540 1125 τῶν55

189 1143 419 1188 ὀόδόντων
456 1141 655 1198 ἐκβάλλει
690 1142 778 1187 ὑπὸ
819 1145 916 1202 βίης
953 1144 1099 1202 βήξας.
1150 1145 1407 1197 ἐκπεσόντος
1437 1147 1484 1191 δὲ

217 1212 261 1265 ἐς
299 1212 380 1269 τήν
415 1209 596 1267 ψάμμου
635 1209 797 1267 αὐτοῦ,
847 1212 1036 1263 ἐποιέετο
1082 1213 1250 1271 πολλὴν
1284 1215 1484 1272 σπουδήν

162 1425 252 1461 ferri
272 1426 353 1463 vult
363 1424 547 1476 Sophocl.
566 1427 608 1463 in
621 1424 716 1463 Oed.
727 1424 822 1475 Tyr.

167 1484 274 1522 1000
295 1489 332 1519 et
360 1483 572 1523 Burmann.
603 1490 717 1535 atque
748 1483 824 1519 Ca-

162 1539 322 1576 saubon.
344 1538 392 1576 ad
409 1540 568 1577 Sueton.
591 1540 696 1579 Caes.
718 1541 821 1579 7.——-

162 1596 222 1631 De
265 1597 444 1634 orationis
493 1604 682 1635 structura
722 1594 825 1632 conf.

162 1650 299 1690 Matth.
332 1653 398 1691 Gr.
432 1655 498 1692 Gr.
538 1666 626 1705 pag.
655 1655 749 1693 880.
769 1672 827 1679 --

162 1709 334 1746 Verbum
368 1709 668 1762 συμβάλλεσθαι
699 1710 827 1757 (conii-

166 1766 269 1815 cere)
300 1768 408 1817 attigi
424 1767 473 1805 ad
491 1769 521 1811 Ι,
545 1769 612 1808 68.
668 1765 732 1803 Ad
746 1766 827 1802 for-

165 1835 272 1869 mam
292 1819 466 1874 οἶπέβησε
488 1824 685 1874 (deposuit,
717 1822 827 1860 dedu-

166 1880 249 1929 xit)
279 1879 326 1916 of.
347 1880 482 1918 Matth.
502 1893 591 1932 pag.
612 1879 708 1920 439.

226 1935 266 1982 ἐς
290 1933 363 1985 τήν
380 1939 508 1988 νῆσον
532 1934 605 1987 τήν
628 1933 827 1985 Στυρέων,

168 1992 412 2043 καλεομένην
446 1991 489 2033 δὲ
504 1993 739 2045 Αἰγίλειαν]
770 1993 828 2028 De

167 2049 291 2086 insula
323 2050 468 2099 Aegz'lz'a
510 2052 574 2088 vix
604 2051 713 2101 plura
733 2061 829 2085 con-

168 2112 279 2143 stant.
339 2108 529 2145 Pertinuit
561 2107 625 2143 illa
645 2106 692 2143 ad
714 2105 828 2142 ditio-

167 2175 260 2199 nem
272 2163 524 2215 Styrensium,
556 2165 621 2215 qui
638 2163 831 2214 Dryopica

169 2220 283 2270 stirpe
312 2221 384 2257 orti
413 2222 451 2258 iu
482 2222 663 2258 Euboeae
707 2220 830 2256 insula

166 2289 289 2327 prope
310 2278 510 2328 Carystum
537 2279 673 2315 urbem
694 2275 831 2314 condi-

173 2331 327 2381 derant,
351 2335 457 2371 cuius
478 2337 669 2372 Homerus
688 2334 831 2370 memi-

172 2389 229 2424 nit
260 2390 305 2425 11.
330 2391 378 2437 H,
399 2391 513 2440 {539-
569 2392 655 2428 Alia
686 2389 832 2428 dabunt

174 2444 312 2482 Strabo
332 2447 371 2482 X
391 2459 428 2496 p.
444 2446 537 2488 446.
553 2461 582 2487 s,
597 2447 678 2489 684
689 2449 735 2486 B.
749 2460 830 2499 seq.

174 2502 338 2538 Pausan.
358 2502 421 2548 IV,
439 2501 505 2550 34,
526 2506 552 2543 6
580 2505 666 2542 coll.
687 2503 831 2541 Herod.

174 2558 273 2605 VIII,
303 2557 371 2598 46,
404 2558 473 2605 IX,
494 2561 562 2600 28.
608 2559 724 2611 Apud
745 2562 834 2597 Ste-

177 2612 292 2664 phan.
313 2616 408 2666 Byz.
437 2627 526 2664 pag.
548 2616 602 2655 52
622 2613 832 2665 Αἰγιάλεια

176 2678 499 2707 commemoratur
509 2672 630 2708 insula
641 2673 833 2709 infraCre-

178 2732 256 2762 tam
285 2734 321 2764 et
349 2728 671 2778 Peloponnesum.
729 2729 834 2773 Quae

181 2780 315 2818 eadem
349 2784 471 2820 Melae
509 2785 558 2830 Π,
584 2787 610 2824 7
643 2785 680 2829 §.
716 2788 762 2824 11
799 2791 836 2821 et

181 2837 304 2876 Plinio
330 2841 377 2877 H.
407 2842 455 2877 N.
481 2840 545 2888 IV,
572 2843 636 2889 12,
667 2842 721 2880 22
741 2839 834 2891 (65)

878 1423 1037 1473 Aegilia,
1066 1425 1152 1463 coll.
1178 1423 1271 1463 ibid.
1289 1427 1327 1472 ξ.
1351 1427 1402 1467 19
1422 1439 1452 1464 s·
1473 1425 1543 1468 57.

879 1480 998 1532 Apud
1036 1482 1240 1534 Scylacem
1266 1483 1307 1519 in
1335 1483 1478 1535 Peripl.
1505 1485 1545 1530 ξ.

885 1541 964 1579 112
987 1552 1025 1588 p.
1047 1538 1100 1580 56
1121 1539 1242 1579 Huds.
1270 1538 1406 1576 eadem
1425 1540 1545 1592 Αἰγι-

881 1595 960 1634 λία.
982 1594 1060 1632 Sed
1082 1603 1183 1633 reote
1203 1598 1355 1640 monuit
1366 1596 1544 1634 Tzschu-

882 1650 955 1689 cke
976 1651 1025 1689 ad
1048 1653 1172 1689 Melae
1200 1654 1227 1693 l.
1248 1654 1274 1691 l.
1296 1655 1336 1690 in
1354 1661 1451 1691 nott.
1474 1669 1544 1691 ex-

883 1721 970 1759 egg.
999 1710 1086 1746 Vol.
1114 1711 1168 1746 III
1196 1712 1242 1747 P.
1273 1712 1309 1747 Π
1341 1724 1430 1762 pag
1461 1714 1542 1752 739

882 1763 983 1802 hanc
994 1766 1171 1816 Aegilzam
1181 1768 1341 1804 minime
1355 1781 1441 1804 eam
1452 1781 1543 1815 esse,

885 1821 934 1860 de
980 1836 1055 1874 qua
1104 1824 1321 1861 Herodotus
1376 1826 1545 1876 loquitur

886 1892 1081 1931 quamque
1110 1875 1190 1917 lion
1212 1880 1325 1923 valde
1356 1889 1546 1917 remotam

887 1936 934 1972 ab
965 1948 1031 1972 ora
1059 1937 1186 1973 Attica
1218 1945 1333 1989 atque
1352 1939 1548 1975 Euboeica

886 1992 1000 2029 fuisse
1013 1991 1191 2030 credibile
1201 2001 1268 2032 est.
1289 2015 1345 2023 —-
1374 1997 1418 2031 In
1439 2009 1547 2047 seqq.

887 2050 1090 2086 articulum
1121 2048 1195 2102 τὴν
1221 2059 1309 2088 ante
1339 2055 1415 2103 γῆν
1437 2054 1547 2088 omisi

887 2120 976 2143 cum
997 2114 1154 2145 recentt.
1183 2107 1270 2145 edd.
1297 2110 1479 2160 quoniam
1499 2110 1547 2145 li-

886 2164 943 2200 bri
963 2163 1135 2215 plerique
1155 2166 1207 2202 sic
1227 2166 1421 2203 iubebant.
1446 2167 1547 2203 Mat-

886 2219 989 2257 thiae
1019 2220 1143 2259 dedit:
1187 2219 1380 2274 ἐκβάντας
1412 2238 1459 2263 τε
1507 2222 1548 2270 ἐς

886 2274 944 2329 τῆ
954 2292 978 2316 ν
1000 2280 1090 2329 γῆν.

944 2333 1096 2384 ἐπῆλθε
1119 2339 1283 2385 πταρεῖν
1315 2351 1356 2375 τε
1387 2334 1454 2375 καὶ
1473 2337 1549 2387 βῆ-

889 2390 977 2439 ξαι]
1009 2393 1036 2429 i.
1058 2405 1091 2431 e.
1113 2393 1267 2441 accidit,
1297 2396 1338 2430 ut
1371 2393 1474 2431 solito
1493 2406 1549 2430 ve-

888 2448 1078 2486 hementius
1099 2452 1312 2487 sternutaret
1331 2454 1363 2487 et
1393 2451 1546 2488 tussiret.

888 2506 963 2542 Pro
996 2500 1169 2557 μεζόνως
1205 2506 1425 2544 Eustathius
1452 2505 1548 2555 haeq

890 2563 1008 2600 citans
1038 2561 1087 2599 ad
1117 2562 1250 2614 Odyss.
1282 2577 1321 2614 p.
1346 2565 1447 2604 1831
1464 2593 1473 2611 ‚
1496 2563 1549 2603 39

891 2631 920 2662 ⁵,
953 2618 1046 2666 647,
1079 2621 1132 2659 30
1160 2619 1269 2656 affert
1301 2621 1454 2669 μεῖζονς
1487 2619 1548 2654 alii

888 2675 973 2710 libri
984 2675 1191 2712 Herodotei
1211 2676 1340 2727 μέζον.
1353 2698 1404 2703 --
1427 2677 1550 2725 „Hip-

890 2731 975 2781 piae
1014 2729 1212 2782 πταρμόν,
1262 2734 1312 2769 ait
1350 2731 1550 2775 lVessel.‚

893 2793 930 2824 et
951 2786 1106 2824 dentem
1134 2800 1336 2826 excussum
1358 2788 1552 2837 exscripsit

892 2843 932 2879 in
953 2842 1096 2882 Suidae
1115 2843 1275 2891 Ἱππίας
1285 2843 1466 2881 Aelianus
1487 2850 1551 2879 aut

1863 2824 1897 3246 ἓΣῗ-ἑ-ὲ-ὶλ
1863 2611 1897 2808 Ϋ“;-
