1897 3340
583 236 885 276 ERATO.
943 237 1022 274 VI.

1355 240 1437 281 381

169 347 430 404 ἐποιήσαντο
460 342 601 402 οὖρον
632 347 863 402 Θηβαίοισι
894 344 1006 400 πρὸς
1041 344 1287 397 Πλαταιέας
1326 345 1494 390 εἷναι95

144 418 270 460 1οκαὶ
305 415 462 468 Ὑσιάς.
508 415 700 458 ’Έδοσαν
738 414 817 469 μὲν
855 412 907 469 δή
947 415 990 457 οἱ
1029 413 1264 465 Πλαταιέες
1307 414 1444 470 σφέας

173 483 337 535 αὐτούς
370 482 638 539 Ἀθηναίοισι
673 482 823 539 τρόπῳ
862 485 925 538 τῷ
965 482 1194 540 εἰρημένῳ·
1244 477 1355 539 ἧκον
1393 484 1438 528 δὲ

171 553 266 596 τότε
296 553 338 603 ἐς
359 548 632 605 ’Μαραθῶνα
661 550 936 607 βοηθέοντες.

263 623 385 663 Τοῖσι
423 619 469 663 δὲ
503 616 754 674 Ἀθηναίων
796 621 1076 674 στρατηγοῖσι
1117 616 1313 672 ἐγίνοντο
1343 619 1442 675 δίχα

174 690 220 732 αἱ
244 691 414 744 γνῶμαι
430 701 440 711 ·
472 689 560 730 τῶν
581 686 673 742 μὲν,
705 683 787 729 οὐκ
805 685 979 729 ἐώντων
1008 684 1291 742 συμβάλλειν·
1324 686 1436 738 „dai-

1499 622 1656 651 Discordia
1673 625 1753 652 inter

1499 657 1727 685 Atheniensium

1494 696 1668 725 praetores.
1697 701 1770 727 quo-

1492 732 1557 751 rum
1577 726 1629 751 alii
1642 734 1770 760 pugnam

168 773 300 812 „yovg
327 755 409 810 γὰρ
441 753 575 806 εἶναι,
615 758 795 812 στρατιῇ
824 757 878 811 τῇ
909 752 1082 807 Μήδων
1119 755 1469 810 συμβαλέειν·“1
1495 758 1683 797 §¹³⁵³ffl1ss0111«
1703 760 1768 794 ³¹⁵5,

138 826 260 866 22·ko
290 822 336 866 δὲ
364 823 438 867 καὶ
467 823 719 867 Μιλτιάδεω
756 821 1033 866 κελευόντων.
1089 820 1147 873 ὦς
1188 822 1232 866 δὲ
1263 825 1360 879 δίχα
1389 840 1433 867 τε

166 890 386 947 ἐγίνοντο,
417 892 490 934 καὶ
520 891 640 935 ἐνίκα
670 890 697 947 ἡ
726 892 880 947 χείρων
902 893 992 933 τῶν
1019 890 1247 946 γνωμέων,
1280 890 1435 934 ἐνθαῦ-

167 975 243 1011 τα,
279 953 335 1016 ἦν
375 958 459 1014 γάρ
496 959 724 1010 ἑνδέκατος
761 957 1077 1015 ψηφιδοφόρος
1115 957 1139 1001 ὁ
1181 962 1243 1017 τῷ
1279 958 1436 1016 κυάμῳ

1493 796 1635 828 interque
1660 802 1712 819 θος

1489 825 1661 859 Miltiadem,
1679 836 1750 853 sua-

1492 860 1574 886 dent.
1620 861 1676 893 Oui
1703 870 1769 887 rum

1494 894 1715 922 Callimavlnxm

1492 928 1718 962 polcmarrhum
1731 928 1770 955 ad

1495 970 1580 989 suam
1595 967 1719 989 scincu-

1494 996 1568 1023 tiam
1584 997 1720 1024 trazluxis

166 1025 312 1084 λαχών
354 1025 597 1084 Ἀθηναίων
641 1026 968 1084 πολεμαρχέειν·
1028 1025 1078 1071 τὸ
1124 1026 1313 1071 παλαιὸν
1348 1027 1462 1085 γάρό
1491 1034 1550 1064 ‘³2¹2

110 1213 386 1265 potentioribus
417 1213 630 1251 civitatibus
649 1213 773 1250 tribu-

109 1277 194 1308 tuln
214 1269 426 1322 penderent
438 1298 454 1316 ,
492 1272 712 1308 societatem
731 1272 771 1307 in

109 1327 218 1364 bellis
239 1328 477 1378 praeberent,
499 1341 583 1375 nec,
607 1334 649 1364 ut
661 1326 772 1365 vide-

110 1391 184 1432 tur,
197 1385 357 1421 concilio
376 1386 574 1422 communi
584 1383 770 1422 adessent.

109 1441 198 1478 Vid.
219 1441 262 1478 C.
284 1441 329 1478 Ο.
357 1442 508 1479 Miiller.
538 1440 770 1478 Orchomen.

108 1511 198 1550 pag.
228 1497 310 1538 403
332 1499 418 1535 coll.
440 1501 534 1539 211.
572 1499 641 1536 Cr.
664 1498 712 1535 ad
732 1497 772 1536 h.

106 1555 135 1593 l.
148 1561 343 1606 praeterea
355 1554 616 1595 citatssoeckh.
625 1555 773 1592 Staats-

109 1610 298 1648 haushalt.
316 1610 354 1648 d.
369 1610 512 1649 Athen.
526 1614 562 1648 H
573 1625 659 1663 pag.
675 1615 772 1653 370.

108 1670 293 1706 Kortiim:
324 1669 503 1720 Beitrage
532 1683 601 1706 zur
631 1668 770 1706 Gesch.

109 1726 259 1764 Hellen.
282 1725 561 1764 Staatsverfass.
581 1738 669 1777 pag.
701 1725 769 1768 85.

107 1781 382 1820 Wachsmuth.
395 1784 458 1820 Ius
479 1784 652 1833 gentium
668 1781 771 1834 apud

110 1841 267 1877 Graeco.
279 1845 351 1876 etc.
367 1853 406 1889 p.
419 1841 471 1880 68
491 1847 572 1876 not.
585 1840 622 1880 4.
633 1839 772 1876 Incidit

110 1908 201 1934 vero
221 1894 296 1932 hoc
316 1897 356 1934 iu
379 1896 533 1948 Olymp.
552 1897 672 1944 LXV,
696 1898 716 1936 1
741 1909 770 1933 s,

113 1953 193 1994 519
215 1965 237 1989 a
267 1951 356 1989 Chr.
377 1966 416 1989 n.

168 2004 409 2059 ἐποιήσαντο
421 2033 473 2037 -
488 2005 591 2049 εἶναι
622 2007 690 2048 καὶ
706 2006 773 2047 Ὑ-

113 2062 226 2115 σιοῖς]
248 2066 419 2111 Verbum
433 2062 536 2105 εἶναι
555 2067 668 2103 simili
683 2078 772 2102 mo—

112 2121 162 2159 do
182 2122 377 2171 additum,
421 2135 498 2174 quo
520 2123 565 2170 V,
587 2122 655 2165 25.
713 2124 772 2158 De

111 2179 236 2230 Hysiis
255 2179 332 2217 vid.
352 2186 448 2216 nott.
462 2179 510 2216 ad
521 2180 566 2228 V,
578 2179 646 2220 74.
670 2178 771 2217 Add.

114 2236 272 2273 Siebelis
303 2235 353 2273 ad
381 2237 545 2275 Pausan.
576 2238 623 2283 Il,
646 2235 711 2284 24,
736 2237 772 2282 ξς

113 2295 152 2340 8,
175 2305 251 2345 quo
272 2300 425 2331 auctore
444 2293 688 2331 scribendum
709 2292 776 2332 ‘T-

114 2352 196 2389 σιαί
214 2362 293 2386 nou
310 2348 452 2389 ‘'Yo‘t'oce..

336 2439 430 2490 Cap.
451 2440 553 2477 (ΠΧ.

173 2515 262 2566 δίχα
283 2516 328 2555 αἴ
345 2519 528 2569 γνῶμαι]
560 2519 616 2556 Cf.
638 2517 771 2556 Matth.

113 2573 179 2609 Gr.
202 2574 269 2610 Gr.
281 2586 379 2628 pag.
402 2576 496 2620 612,
527 2576 593 2626 qui
611 2574 713 2611 idem
734 2590 773 2626 p.

115 2628 195 2668 842
223 2629 446 2667 consulend.
477 2628 526 2666 ad
552 2631 668 2667 verba
696 2627 775 2670 ὀλί-

114 2698 210 2735 γους
227 2707 283 2713 —
305 2683 556 2738 συμβάλλειν.
624 2686 773 2723 Eadem

113 2746 299 2778 structura
319 2743 400 2790 VII⁷
418 2745 500 2782 207
513 2742 579 2779 fin.
608 2744 667 2778 De
686 2757 775 2780 ver-

120 2795 168 2831 bo
191 2799 306 2836 νικᾶν
327 2799 430 2836 conf.
449 2799 513 2847 VI,
538 2801 613 2839 101
644 2800 775 2852 ibique

118 2858 214 2888 nott.

887 1209 978 1265 ὁτῷ
995 1207 1137 1265 κυάμῳ
1159 1209 1351 1264 λαχών-
1373 1215 1491 1253 πολε-

830 1269 1041 1320 μαρχέειν]
1076 1270 1176 1306 Satis
1205 1270 1386 1307 novimus
1426 1272 1491 1307 in·-

829 1333 887 1363 ter
923 1339 1068 1363 novem
1106 1324 1307 1364 archontes
1343 1328 1489 1365 Atticos

828 1396 953 1419 unum
983 1384 1098 1421 fuisse
1128 1382 1397 1435 πολέμαρχον,
1426 1386 1493 1436 qui

828 1441 1036 1491 peregrinis
1058 1441 1114 1476 ius
1142 1440 1284 1477 diceret
1306 1448 1342 1477 et
1370 1454 1491 1492 quae-

830 1511 983 1550 cunque
1004 1497 1051 1534 ad
1063 1497 1294 1534 familiarum
1304 1498 1385 1533 iura
1401 1499 1492 1548 per-

830 1555 1016 1602 tinerent,
1058 1561 1228 1600 curaret,
1259 1555 1332 1590 alia
1352 1554 1392 1590 id
1421 1567 1493 1605 ge-

827 1624 914 1648 nus.
947 1610 1034 1648 Vid.
1045 1612 1177 1647 Meier.
1189 1617 1226 1647 et
1240 1609 1492 1649 Schtimann.:

827 1669 906 1704 Der
932 1666 1104 1705 Attische
1133 1669 1304 1706 Process.
1325 1681 1413 1718 pag.
1436 1667 1491 1709 50

826 1737 932 1777 seqq.
992 1725 1063 1761 Cui
1084 1724 1211 1762 eidem
1239 1739 1367 1762 rerum
1388 1726 1493 1761 mili-

826 1783 966 1819 tarium
996 1795 1127 1818 curam
1147 1783 1263 1833 priori
1294 1789 1395 1819 certe
1425 1795 1493 1818 ae·-

827 1845 904 1875 tate
944 1837 1218 1875 demandatam
1265 1839 1378 1876 fuisse
1428 1839 1491 1875 vel

828 1896 954 1946 ipsum
983 1908 1126 1931 nomeu
1159 1894 1326 1932 declarat
1345 1897 1492 1931 Nostri-

829 1965 905 2004 que
936 1953 1041 1989 locus
1071 1953 1314 2002 comprobat,
1354 1965 1494 2003 quam-

830 2021 948 2061 quam
961 2008 1050 2045 inde
1063 2010 1109 2045 ab
1123 2007 1307 2045 Herodoti
1320 2015 1493 2059 tempore

829 2066 936 2102 nulla
956 2064 1192 2116 polemarchi
1203 2067 1348 2102 mentio
1369 2067 1407 2102 in
1430 2080 1493 2102 re-

829 2135 918 2158 rum
939 2124 1161 2159 militarium
1182 2135 1292 2169 cura,
1324 2135 1422 2174 quae
1444 2122 1493 2159 ad

831 2178 965 2216 decem
988 2177 1231 2231 στρατηγούς
1250 2178 1340 2216 inde
1367 2187 1494 2216 trans-

830 2237 928 2273 latae
967 2244 1068 2273 sunt.
1128 2237 1186 2275 Cf.
1217 2235 1493 2274 Wachsmuth.

830 2294 981 2331 Hellen.
1009 2291 1290 2330 Alterthumsk.
1325 2294 1373 2342 11,
1406 2297 1423 2333 1
1453 2308 1492 2345 p.

830 2349 1024 2392 SOSAOS.
1038 2351 1079 2388 C.
1090 2352 1132 2392 F,
1145 2353 1358 2387 Hermann.
1368 2349 1494 2387 Lehr-

830 2405 947 2443 buch.
977 2414 1049 2444 etc.
1079 2409 1116 2453 ξ.
1157 2410 1235 2448 138
1270 2414 1351 2444 not.
1382 2410 1420 2448 8.
1450 2409 1489 2448 9.

830 2465 958 2515 Atque
983 2478 1052 2515 per
1083 2465 1173 2500 alias
1194 2477 1349 2516 qnoque
1371 2465 1494 2500 Grae-

830 2522 909 2557 ciae
932 2522 1099 2558 civitates
1128 2521 1239 2558 rebus
1268 2522 1494 2557 militaribus

829 2590 981 2614 summo
1002 2579 1087 2615 loco
1107 2578 1312 2629 praefuisse
1342 2578 1495 2613 inveni-

832 2646 917 2670 mus
949 2633 1238 2685 polemarchos‚
1277 2634 1344 2685 qui
1372 2632 1493 2670 iidem

830 2689 933 2739 apud
972 2692 1159 2738 Boeotos,
1210 2697 1253 2727 ut
1292 2689 1368 2726 hoc
1407 2696 1492 2725 utar

831 2747 1030 2796 exemplo,
1054 2759 1252 2784 summam
1280 2747 1334 2782 rei
1364 2745 1494 2795 publi-

831 2814 898 2838 cae
935 2802 1256 2840 administrandae
1303 2800 1494 2838 habebant

831 2870 964 2894 curam
995 2858 1073 2908 (de
1101 2872 1177 2911 qua
1207 2857 1354 2895 consul.
1383 2856 1423 2895 C.
1445 2855 1491 2893 Ο.
