1897 3340
34 992 127 1039 ’96

509 140 981 180 POLYMNIA.
1040 140 1139 178 VII.

1388 150 1469 190 577

205 247 264 300 ὥς
281 250 493 305 Ἕλληνες.
553 250 626 294 καὶ
655 252 783 294 τοῦτο
805 247 1084 303 Πελασγικὸν
1105 248 1247 300 ἔθνος,
1278 250 1463 308 ὕστερον
1521 260 1727 300 Vtrfquoonm
1741 261 1799 290 ³²0-

204 318 251 360 δὲ
285 316 479 360 Ἰωνικὸν
515 316 677 372 ἐκλήθη
716 314 825 359 κατὰ
868 313 948 358 τόν
983 314 1119 359 αὐτὸν
1154 315 1288 371 λόγον
1317 320 1389 362 καὶ
1420 324 1462 364 οἱ

174 383 731 435 ΞδυωδεκαπόλιεςἼωνες,
764 383 807 425 οἱ
825 379 896 425 ἀπ’
923 381 1155 438 Ἀθηνέων.

1216 385 1394 435 Αἰολέες
1427 388 1472 430 δὲ

201 452 409 509 ἑξήκοντα
452 451 553 501 νέας
590 451 863 505 παρείχοντο,
885 450 1194 506 ἐσκευασμένοι
1222 467 1267 494 τε
1297 449 1496 502 &swa-2

200 524 340 576 ληνες,
362 517 491 562 καὶτὸ
503 516 636 560 πάλαι
651 516 905 572 καλεόμενοι
920 518 1149 573 Πελασγοὶ,
1176 517 1234 569 ὦς
1248 518 1466 576 Ἑλλήνων

175 594 197 628 3
209 587 350 643 λόγος.
365 583 690 640 Ἑλλησπόντιοι
708 585 767 639 δὲ,
779 586 891 640 πλήν
903 584 1165 642 Ἀβυδηνῶν.
1190 583 1468 642 Ἀβυδηνοῖσι

199 652 280 711 γὰρ
302 652 614 708 προσετέτακτο
646 653 692 695 έκ
721 653 934 708 βασιλέος,
964 653 1074 695 κατοὲ
1099 652 1248 708 χώρην
1269 653 1494 708 μένουσι,5

199 720 400 778 φύλακας
426 717 539 763 εἶναι
569 723 657 762 τῶν
691 721 921 775 γεφυρέων
940 735 950 745 ·
981 722 1026 764 οἱ
1058 721 1104 764 δὲ
1133 721 1281 764 λοιποὶ
1310 721 1357 765 έκ
1386 727 1467 766 τοῦ

198 787 377 833 Πόντου
410 786 758 843 στρατευόμενοι,
788 788 1044 843 παρείχοντο
1065 788 1145 844 μὲν
1169 788 1325 832 ἑκατὸν
1343 790 1460 842 νέας,

195 856 502 911 ἐσκευασμένοι
531 858 577 900 δὲ
596 851 709 912 ἦσαν
740 854 799 907 ὥς
815 854 1030 912 Ἕλληνες.
1066 851 1191 901 οὗτοι
1215 856 1274 910 δὲ,
1301 854 1460 902 Ἰώνων

193 924 267 968 καὶ
294 923 505 979 Δωριέων
536 922 726 967 ἄποικοι.

242 1020 244 1022 -
273 990 559 1047 Ἐπεβάτευον
598 990 644 1035 δὲ
686 991 754 1035 ἐπὶ
786 991 962 1036 πασέων
1006 994 1096 1036 τῶν
1125 995 1241 1035 νεῶν
1272 991 1456 1049 Πέρσαι,

133 1177 233 1203 mus.
272 1166 335 1202 Ex
355 1178 432 1216 quo
454 1163 590 1202 eodem
610 1164 796 1203 Herodoti

134 1222 219 1259 loco
240 1223 326 1259 coll.
346 1223 410 1270 Vl,
432 1220 485 1262 49
507 1221 696 1270 discimus,
725 1221 794 1260 has

132 1278 275 1315 insulas
294 1279 408 1315 Dario
438 1291 578 1330 aquam
598 1286 634 1315 et
653 1286 794 1316 terram

133 1336 278 1386 petenti
307 1335 487 1386 paruisse.
552 1336 704 1372 Ionicae
734 1343 795 1373 at-

136 1404 209 1443 que
219 1393 367 1429 Atticae
387 1393 508 1442 stirpis
528 1390 666 1429 harum
685 1393 795 1430 insu-

132 1448 258 1485 larum
285 1449 428 1486 incolas
458 1449 570 1485 fuisse
600 1456 704 1500 patet
744 1462 793 1486 ex

133 1505 231 1554 VIII,
252 1504 319 1545 46.
339 1504 405 1545 48.
464 1505 528 1542 Tu
553 1507 652 1544 conf,
676 1506 791 1543 etiam

132 1560 181 1598 ad
201 1575 308 1614 seqq.
353 1561 702 1599 Raoul-Rochette
721 1563 791 1599 Hi-

129 1618 232 1658 stoir.
274 1617 321 1655 de
358 1618 549 1656 l’eta'oliss.
588 1618 626 1658 d.
662 1620 787 1656 colon.

129 1675 240 1713 Grec.
261 1675 315 1711 111
334 1688 373 1726 p.
394 1677 461 1715 79.

183 1729 252 1770 καὶ
281 1731 322 1770 οἵ
357 1726 700 1779 δυωδεκαπόλιες]
729 1732 787 1768 Ita

128 1800 218 1824 cum
247 1786 465 1837 Schweigh.
505 1795 542 1824 et
570 1788 685 1824 Gaisf.
723 1801 787 1824 re-

126 1844 321 1895 posuimus
341 1857 409 1895 pro
424 1845 528 1894 vulg.
547 1843 591 1882 αἱ
606 1838 786 1883 δυώδεκα

124 1896 283 1949 πόλιες,
330 1900 406 1952 quai
443 1901 580 1937 merito
621 1899 785 1938 offensus

124 1955 421 1995 Valckenaerius
457 1958 626 2008 primum
672 1970 785 1994 voces

125 2026 231 2067 seqq.
251 2015 304 2051 ita
324 2015 501 2052 constitui
519 2014 663 2052 voluit:
684 2010 784 2052 ’'Ico-

125 2085 191 2118 νες
220 2066 335 2111 ὅσοι
367 2071 453 2123 (pro
477 2070 541 2121 οἵ)
573 2065 641 2109 ἄπ’
659 2065 783 2121 Ἀθη-

125 2125 240 2166 νέωνε
262 2126 362 2166 Iones
373 2132 455 2166 sunt
468 2130 662 2178 quicunque
672 2127 782 2164 Athe-

124 2185 179 2220 m's
199 2186 367 2233 originem
395 2185 561 2232 trahunt,
605 2191 649 2221 ut
678 2182 779 2234 apud

124 2239 308 2276 Herodot.
336 2243 366 2288 I,
401 2239 501 2290 1473
530 2239 668 2278 deinde
688 2253 778 2278 vero

124 2293 193 2332 has
205 2295 356 2332 easdem
375 2298 611 2344 voces,1nale
629 2299 671 2333 in
690 2303 778 2334 tex-

123 2358 207 2389 tum
241 2359 439 2399 assumtas,
481 2353 658 2390 delendas
687 2367 780 2390 ceu-

123 2410 220 2446 suit:
248 2409 289 2445 in
310 2421 385 2460 quo
407 2409 780 2446 assentiturLarche-

124 2478 200 2504 rus.
239 2466 321 2511 Quo
342 2471 476 2501 neutro
507 2478 613 2515 opus,
630 2467 660 2502 si
681 2478 778 2513 eam,

123 2534 239 2574 quam
261 2520 428 2569 exhibuI,
455 2523 621 2572 sequaris
649 2522 783 2558 lectio-

122 2590 233 2627 nem,
264 2577 313 2615 ad
351 2590 467 2629 quam
489 2577 650 2615 ducebat
677 2577 782 2614 Pass.

123 2633 218 2671 liber
247 2633 429 2671 exhibens
458 2633 499 2672 οἱ
531 2628 782 2672 δυωδεκαπό-

125 2691 207 2736 λεες
226 2697 263 2728 et
275 2691 512 2728 Florentiuus
528 2691 633 2737 liber,
651 2690 691 2725 in
703 2701 778 2740 quo

126 2753 246 2783 exstat
268 2746 310 2786 οἵ
329 2744 484 2786 δώδεκα
502 2742 653 2793 πόλεες.
709 2747 777 2783 Est

180 2804 400 2841 Hssnooor.
418 2805 485 2841 ΙΠ.

851 1179 941 1204 vero
990 1163 1307 1213 δυωδεκαπόλιες
1355 1165 1513 1205 adiecti-

850 1236 958 1270 vum,
1009 1222 1114 1275 quod
1144 1222 1193 1260 ad
1235 1224 1513 1262 substantiwun

840 1276 984 1327 ’Ἴωνες
1004 1279 1207 1317 commode
1228 1280 1381 1318 referas.
1411 1277 1513 1320 ''Im-

850 1351 916 1383 νες
937 1336 978 1376 οἵ
992 1331 1058 1375 ἄπ’
1077 1332 1287 1387 Ἀθηνέων
1309 1344 1513 1375 occurrunt

847 1394 885 1438 I,
910 1391 986 1434 147
1007 1394 1092 1430 coll.
1113 1394 1212 1440 VIII,
1229 1392 1295 1433 46.
1310 1392 1376 1434 48.
1397 1392 1512 1431 Thu—

850 1448 938 1501 cyd.
959 1450 1040 1497 VII,
1057 1449 1125 1490 57.
1182 1451 1241 1508 De
1261 1451 1400 1486 Ionum
1415 1451 1510 1488 civi—

845 1507 986 1542 tatibus
1017 1505 1222 1542 duodecim
1254 1506 1331 1543 vid.
1361 1509 1391 1554 I,
1416 1506 1508 1548 142.

850 1561 949 1609 1463
981 1561 1027 1598 de
1047 1563 1229 1599 Aeolibus
1249 1564 1278 1610 I,
1303 1560 1396 1602 149.

898 1615 1193 1669 Ἑλλησπόντιοι
1228 1617 1298 1667 δὲ]
1338 1620 1509 1671 Utraque

843 1675 1081 1726 Hellesponti
1101 1688 1167 1712 ora
1196 1677 1319 1712 Persis
1351 1676 1507 1716 obediit.

842 1730 928 1770 Vid.
959 1733 1024 1782 VI,
1055 1735 1122 1772 33.
1159 1733 1217 1768 De
1245 1731 1370 1782 Abydo
1403 1733 1507 1771 conf.

841 1788 887 1836 V,
912 1790 1004 1829 117.
1064 1787 1124 1825 Ad
1147 1789 1382 1825 locutionem
1404 1786 1507 1828 κατοῖ

842 1839 976 1895 χώρην
1016 1843 1149 1896 μένειν
1188 1845 1289 1881 conf.
1319 1845 1383 1893 IV,
1411 1844 1504 1886 135.

842 1900 955 1945 Quod
986 1902 1140 1938 veroin
1179 1901 1355 1951 proxime
1394 1914 1502 1954 seqq.

839 1964 925 2008 post
956 1956 997 1997 οἷ
1027 1956 1068 1997 δὲ
1087 1956 1219 1996 λοιποὶ
1239 1958 1441 1995 articulum
1463 1958 1507 1998 οἵ

839 2014 959 2064 repeti
995 2016 1078 2052 vult
1124 2015 1422 2065 Wesseliugius,
1459 2021 1503 2052 ut

839 2070 1016 2119 V11‚101‚
1032 2072 1263 2122 obsequente
1280 2070 1499 2119 Sclmefero,

837 2125 1020 2164 Matthiae
1032 2135 1068 2164 et
1087 2126 1282 2176 Bekkero,
1300 2128 1386 2164 libri
1405 2128 1499 2164 scri-

835 2185 892 2234 pti
940 2197 1028 2220 eum
1068 2185 1270 2234 ignorant,
1312 2197 1334 2220 a
1364 2185 1499 2237 quibus

837 2239 1017 2293 equidem
1036 2254 1186 2292 prorsus
1207 2240 1384 2277 standum
1404 2254 1497 2278 cen—

835 2299 905 2336 sui.
937 2296 1119 2349 βασιλέος
1137 2298 1266 2348 scripsi
1286 2311 1355 2348 pro
1385 2298 1497 2349 βασι-

835 2356 931 2406 λῆος
952 2362 989 2392 et
1007 2349 1036 2406 ἦ
1042 2366 1115 2394 σαν
1137 2367 1206 2406 pro
1229 2353 1336 2394 ἔσαν.

1042 2446 1134 2496 oap.
1152 2445 1289 2482 XCVI.

893 2517 1153 2573 Ἐπεβοὲτενον
1178 2520 1221 2563 δὲ
1243 2521 1310 2562 ἐπὶ
1336 2520 1496 2561 πασέων

837 2579 917 2616 τῶν
955 2581 1059 2618 νεῶν
1091 2595 1129 2621 κ.
1151 2594 1181 2618 τ.
1204 2580 1259 2628 λ.]
1306 2577 1417 2624 Quod
1446 2579 1498 2613 ita

837 2634 1103 2684 accipiendum
1123 2647 1282 2673 censeo:
1324 2634 1492 2682 Remz‘ges

835 2691 992 2728 navium
1029 2705 1059 2729 s.
1091 2688 1141 2731 τοὶ
1174 2687 1428 2744 πληρώματα,
1449 2694 1492 2724 ut

834 2747 885 2784 ait
916 2747 1125 2796 Diodorus,
1174 2760 1252 2784 una
1286 2759 1375 2783 cum
1403 2744 1490 2795 ipsis

1520 293 1598 327 laag·
1618 295 1702 323 dicti.
1722 297 1796 325 nel-

1519 324 1662 360 Ιυεψυηῑίἰ

1694 338 1780 364 prae-

1522 362 1569 384 ter
1589 349 1762 397 Abydenos,

1530 395 1611 437 548

1526 446 1632 479 quibus
1659 452 1798 479 custodia

1526 481 1663 511 pontium
1682 484 1778 510 credi-

1521 515 1570 537 ta:
1591 521 1707 549 omnem,
1727 517 1772 542 lo-

1522 552 1592 571 num
1615 547 1795 585 *florumque

1525 578 1672 607 columae.

1517 1004 1635 1034 Milites
1648 1007 1774 1036 classia-

1515 1039 1552 1067 rii
1566 1048 1583 1068 e
1597 1041 1712 1078 Persis,
1723 1042 1791 1071 Me-
