1897 3340
391 198 448 237 6⁰

778 198 1242 236 HERODOTI

394 303 521 360 δρίδῃ
542 301 787 360 γὰρ,ἕχοντι
800 309 986 360 γυναῖκα
1007 304 1215 363 ἀδελφεῆς
1236 308 1403 351 ἕωυτοῦ
1414 308 1649 363 θυγατέρα,

395 371 468 414 καὶ
482 370 634 426 ἐούσης
654 371 808 427 ταύτης
829 375 871 415 οἱ
881 375 1320 429 καταθυμίης,παῖδες
1344 374 1424 418 οὐκ
1439 375 1648 429 ἐγίνοντο.

365 436 554 481 3τούτου
575 437 621 481 δὲ
647 436 850 481 τοιούτου
871 438 1036 489 ἐόντος,
1067 442 1111 482 οἱ
1142 441 1296 496 ἔφοροι
1322 440 1474 496 εἶπαν,
1504 441 1646 484 ἐπικοι-
1659 449 1704 482 95

392 503 620 560 λεσάμενοι
650 504 797 556 αὐτόν,
829 507 918 556 „Et
944 521 1013 548 τοι
1043 506 1098 549 ου’
1126 524 1172 562 γε
1203 512 1397 552 σεωυτοῦ
1427 507 1484 564 μὴ
1513 524 1647 561 προο-

391 578 523 632 ,,ρᾷς,
563 572 661 617 ἀλλ’
698 571 801 628 ἡμῖν
829 570 961 614 τοῦτο’
994 571 1081 615 ἐστι
1110 572 1163 616 οὐ
1196 576 1476 628 περιοπτέον,
1521 576 1646 631 γένος

335 779 379 803 ac
390 767 540 816 probus,
562 766 682 802 multa
702 764 866 817 disputat
878 766 991 803 Hoff-

334 823 487 858 meister
514 823 540 859 l.
560 824 585 859 l.
614 835 703 873 pag.
723 822 790 862 48.
813 823 890 864 134
911 836 989 874 seq.

333 879 433 914 Eam
464 880 568 914 enim
609 876 889 930 οἷνόραγαθίην
927 880 990 915 ille

334 935 506 972 observat
522 935 738 981 Cleomeni,
761 936 841 972 viro
863 942 990 972 caete-

333 991 445 1042 roqui
474 991 593 1041 probo
627 991 704 1041 (cf.
723 992 790 1039 III,
816 990 922 1042 148)
947 999 988 1040 ‚et

332 1047 511 1084 bellicoso
532 1046 712 1097 denegari
724 1049 770 1085 ab
781 1047 986 1095 Herodoto,

335 1101 441 1154 quod
459 1105 543 1154 pius
563 1104 626 1140 ille
646 1116 727 1140 nou
755 1105 889 1152 fuerit,
921 1103 988 1142 sed

334 1158 496 1196 deorum
512 1162 722 1198 reverentia
732 1162 888 1208 abiecta,
899 1162 989 1211 plu-

332 1228 375 1252 ra
405 1223 535 1252 contra
566 1229 672 1253 sacra
699 1229 742 1253 ac
763 1218 988 1266 religionem

330 1274 554 1322 perpetrarit
574 1274 629 1321 (v.
648 1285 682 1309 c.
702 1273 747 1320 V,
760 1274 826 1313 66.
839 1276 908 1313 76.
920 1276 988 1313 72.

330 1329 400 1368 79.
422 1330 488 1369 80.
514 1328 632 1379 181);
656 1341 704 1364 ex
725 1341 801 1381 quo
821 1330 902 1379 ipso
923 1342 989 1366 ca-

330 1385 517 1421 lamitates
530 1414 539 1432 ,
569 1385 609 1421 in
629 1398 721 1437 quas
740 1391 825 1435 post
844 1386 908 1422 ille
926 1387 990 1422 in—

333 1439 487 1488 ciderit,
535 1442 634 1491 patri
673 1439 850 1478 historiae
887 1441 989 1478 deri-

332 1495 474 1534 vandas
487 1496 684 1534 videri.-—
702 1497 806 1533 Infra
815 1498 878 1545 VI,
895 1499 986 1538 128:

333 1553 556 1602 διεπειρᾶτο
587 1548 720 1593 αὐτῶν
746 1555 816 1604 τῆς
845 1567 884 1592 τε
916 1549 988 1592 οἷν-

274 1643 279 1649 ,
333 1608 565 1661 δραγαθίης.

388 1664 456 1703 καὶ
477 1661 621 1715 ἐούσης
645 1660 788 1715 ταύτῇ·
809 1664 849 1704 οἱ
866 1680 987 1704 κατα-

331 1721 512 1771 θυμίης]
546 1722 571 1758 i.
594 1735 627 1758 e.
648 1726 680 1759 et
701 1734 779 1759 cum
798 1722 881 1758 llaec
900 1734 986 1758 uxor

331 1778 402 1826 ipsi
427 1781 549 1825 grata,
577 1791 662 1815 cara
684 1782 780 1815 esset.
838 1777 987 1814 Eadem

332 1834 472 1870 locutio
502 1834 571 1881 IX,
599 1834 666 1876 45.
735 1832 871 1871 Suidas
892 1836 925 1870 11
946 1848 985 1885 p.

332 1889 437 1930 254:
475 1887 750 1942 καταθύμιον·
781 1886 878 1929 κατά
903 1900 986 1939 ψυ-

332 1943 419 1995 χήν,
457 1941 680 1996 εὐάρεστον.
728 1949 906 1983 Nostrum
926 1948 986 1983 lo-

331 2015 421 2038 cum
440 2004 603 2053 respexit
623 2002 796 2040 Eustath.
819 2003 865 2040 ad
878 2002 984 2039 Iliad.

329 2071 369 2108 p.
393 2057 483 2105 149,
506 2062 558 2098 32
578 2073 607 2096 s.
633 2062 724 2106 113,
750 2063 814 2100 12.
870 2058 985 2110 Apud

330 2115 493 2151 Pansan.
524 2116 589 2163 lll,
621 2119 646 2156 2
674 2117 711 2160 ξ.
743 2119 768 2156 7
799 2114 870 2152 hac
886 2118 923 2152 in
944 2130 985 2152 re

331 2171 513 2220 legimus:
534 2170 741 2222 (γυναῖκα)
753 2194 807 2199 —
822 2168 984 2224 οἷρίστην

331 2224 378 2265 τοὶ
398 2224 495 2265 ἅλλα
520 2223 658 2267 οὖσαν.

389 2283 446 2320 Εἴ
480 2299 540 2322 τοι
561 2307 612 2313 -
635 2285 839 2338 προορᾷς]
873 2284 984 2322 Conf.

330 2338 463 2376 Matth.
486 2342 552 2377 Gr.
573 2342 638 2378 Gr.
660 2343 696 2386 ξ.
719 2344 797 2381 379
833 2355 870 2391 p.
890 2343 982 2389 (5973

331 2395 379 2432 ad
399 2398 624 2446 particulam
638 2393 749 2444 ἀλλὰ,
771 2410 868 2448 qnae
889 2410 984 2433 con—

331 2453 438 2488 tinno
467 2456 659 2506 seqnitur,
690 2454 845 2500 faciunt,
886 2466 983 2505 qnae

331 2509 369 2544 in
391 2510 566 2547 Creuzeri
586 2512 729 2547 Melett.
750 2511 801 2545 111
822 2523 908 2560 pag.
931 2513 984 2551 26

331 2567 557 2604 notavimus.
614 2568 670 2602 De
698 2580 791 2603 voce
812 2565 984 2617 ἐξίτηλος

331 2620 473 2658 dicttun
506 2631 558 2660 est
593 2622 640 2659 ad
671 2625 699 2670 Ι,
724 2626 768 2669 13
800 2623 983 2660 addisc-

329 2685 421 2715 crat.
441 2679 630 2730 Areopag.
655 2682 704 2719 18
726 2680 982 2731 ibiqneinter—

330 2742 439 2785 prett.
461 2749 499 2786 p.
517 2739 597 2776 277
620 2737 769 2773 Bensel.
791 2736 979 2774 Themist.

331 2794 448 2830 Oratt.
467 2793 603 2844 p.175
626 2794 668 2830 C.
687 2807 717 2831 s.
738 2807 775 2844 p.
799 2796 901 2842 215,
932 2798 979 2835 17

1046 766 1218 805 Dindorf.
1241 774 1277 805 et
1298 768 1375 820 qui,
1395 772 1703 809 monenteWes-

1046 824 1228 874 selingio,
1270 825 1507 862 Herodotum
1536 829 1702 864 imitatus

1047 887 1122 928 est,
1151 882 1313 931 Procop.
1342 882 1437 918 Bell.
1467 884 1572 919 Pers.
1602 884 1632 930 I,
1659 883 1700 924 5.

1044 937 1092 983 II,
1123 939 1188 977 22.
1210 959 1266 963 —
1313 938 1482 974 Pertinet
1511 951 1601 975 vero
1640 937 1702 976 hic

1043 993 1148 1029 locus
1178 992 1226 1029 ad
1257 1006 1342 1029 eam
1365 993 1595 1044 ephororum
1633 1008 1703 1032 cu-

1042 1061 1146 1096 ram,
1170 1049 1264 1101 quai,
1294 1064 1343 1086 ne
1363 1052 1439 1087 ullo
1460 1050 1577 1088 modo
1598 1052 1703 1101 regia

1043 1106 1331 1142 Heraclidarum
1364 1109 1473 1158 stirps
1523 1120 1699 1144 comma-

1044 1163 1233 1198 cularetur
1262 1170 1326 1199 aut
1353 1165 1607 1214 pollueretur,
1639 1177 1701 1200 se-

1044 1217 1134 1254 dulo
1154 1219 1197 1255 iis
1219 1226 1298 1256 erat
1321 1219 1548 1257 cavendum.
1578 1222 1700 1256 Nam-

1045 1286 1120 1325 que
1146 1276 1291 1323 regiam
1310 1274 1534 1325 dignitatem
1553 1277 1599 1312 ab
1619 1278 1700 1327 ipso

1043 1331 1202 1366 numine
1217 1344 1306 1367 cum
1336 1330 1551 1368 derivarent
1561 1334 1700 1378 Dores,

1043 1392 1086 1422 ut
1105 1387 1202 1423 bene
1225 1389 1375 1425 monuit
1404 1389 1447 1425 C.
1477 1389 1522 1425 O.
1550 1389 1701 1427 Miiller.

1043 1443 1135 1479 Dor.
1154 1445 1191 1479 Π
1209 1457 1248 1493 Ρ.
1273 1447 1364 1484 101.
1388 1447 1466 1484 120
1485 1458 1577 1496 seq„
1612 1446 1702 1495 plu-

1044 1499 1131 1534 rimi
1151 1512 1240 1535 sane
1251 1500 1432 1548 interfuit,
1452 1514 1500 1536 ne
1514 1503 1596 1552 quis
1607 1514 1700 1551 spu-

1043 1555 1119 1591 rius
1138 1556 1413 1593 immisceretur
1425 1585 1435 1604 ,
1465 1556 1532 1594 sed
1551 1558 1697 1607 integra

1042 1624 1193 1661 semper
1223 1610 1316 1649 haec
1351 1626 1443 1662 gens
1470 1620 1583 1665 atque
1602 1626 1696 1664 pura

1042 1673 1085 1703 ut
1120 1675 1436 1705 conservaretur.'
1467 1670 1523 1706 Cf.
1552 1668 1697 1707 Herod.

1041 1723 1085 1769 V,
1107 1723 1174 1763 41.
1196 1726 1257 1772 vl,
1279 1727 1346 1765 63.
1402 1725 1514 1762 Unde
1540 1727 1697 1774 factum,

1041 1786 1095 1825 ut,
1117 1782 1183 1830 qui
1204 1782 1351 1828 omnia,
1381 1795 1478 1833 quae
1500 1782 1548 1819 ad
1568 1784 1698 1833 reipu-

1042 1836 1163 1872 blicae
1182 1838 1342 1874 salutem
1364 1845 1428 1874 ant
1455 1838 1503 1875 ad
1534 1851 1697 1889 reguum

1042 1893 1345 1930 conservandum
1364 1895 1554 1943 facerent,
1580 1895 1629 1932 ad
1658 1909 1698 1932 se

1040 1951 1228 1998 pertinere
1268 1951 1410 1988 vellent
1453 1950 1586 2002 ephori
1632 1953 1698 1989 vix

1041 2006 1117 2040 ulla
1146 2007 1277 2056 legum
1305 2008 1343 2044 vi
1371 2009 1654 2058 circumscripti,
1675 2021 1697 2044 a

1041 2063 1190 2110 regibus
1213 2076 1364 2114 qnoque
1380 2066 1460 2101 iure
1475 2066 1545 2102 sibi
1564 2071 1697 2115 postu-

1041 2118 1119 2153 lare
1140 2133 1248 2169 posse
1269 2119 1509 2169 viderentur,
1541 2128 1584 2158 ut
1603 2133 1695 2171 pro-

1042 2174 1128 2210 bam
1177 2177 1432 2227 relinquerent
1471 2178 1695 2229 progeniem

1041 2237 1154 2281 atque
1176 2233 1388 2281 robustam,
1422 2236 1461 2270 in
1493 2247 1588 2286 quos
1609 2246 1693 2270 eos—

1042 2285 1129 2322 ‹lem
1151 2289 1264 2337 igitur
1284 2290 1646 2337 animadvertebant,
1663 2290 1694 2327 si

1040 2356 1145 2379 secus
1175 2345 1361 2383 fecissent.
1429 2348 1508 2393 lta,
1547 2353 1591 2382 ut
1620 2345 1693 2382 hoc

1041 2406 1125 2435 utar
1163 2403 1360 2452 exemplo,
1416 2402 1693 2453 Archidamuin

1040 2457 1271 2505 vituperasse
1319 2458 1496 2496 dicuntur
1547 2456 1692 2508 ephori,

1041 2511 1144 2563 qnod
1181 2514 1364 2551 feminam
1403 2514 1543 2551 statura
1580 2514 1706 2563 nimi&

1041 2570 1219 2618 exiguam
1243 2569 1430 2618 duxisset,
1461 2569 1563 2607 haud
1585 2571 1692 2606 aliter

1041 2631 1154 2676 atque
1175 2625 1246 2662 hoc
1270 2628 1352 2663 loco
1366 2657 1374 2673 ,
1406 2628 1471 2664 ubi
1492 2640 1621 2676 regem
1642 2627 1690 2662 ob

1039 2683 1167 2718 uxoris
1192 2684 1424 2719 sterilitatem
1461 2684 1691 2733 compellant

1038 2751 1224 2789 eiunqne,
1260 2753 1420 2776 uxorem
1456 2746 1497 2776 nt
1538 2739 1691 2776 duceret

1037 2795 1161 2832 liberis
1192 2796 1432 2846 procreandis
1465 2797 1585 2848 magis
1605 2794 1691 2833 ido-
