1897 3340
374 205 431 245 88

775 203 1237 240 HERODOTI

374 318 397 352 2
457 307 572 355 Ἐπεὶ
597 308 837 366 Ἵππαρχον
875 310 954 354 τὸν
995 309 1335 364 Πεισιστράτου,
1376 307 1547 353 Ἱππίεω
1586 310 1633 353 δὲ

380 381 459 422 τοῦ
487 376 707 433 τυράννου
739 377 973 432 ἀδελφεὸν,
1014 377 1166 421 ἰδόντα
1206 377 1309 429 ὄψιν
1337 376 1544 420 ἐνυπνίου
1573 378 1635 433 τῷ

381 444 548 489 ἑωυτοῦ
580 443 715 487 πάθεϊ
754 441 1091 500 ἐναργεστάτην,
1129 447 1348 488 κτείνουσι
1384 442 1689 498 'Ammoni-65

376 528 466 556 των
498 512 572 555 καὶ
597 509 845 568 Ἁρμόδιος,
885 510 1010 566 γένος
1051 510 1192 563 ἐόντες
1220 512 1272 555 τὰ
1318 511 1531 555 ἀνέκαθεν
1562 513 1636 553 Γε-

376 573 586 636 φυραῖοι,
629 577 736 632 μετὰ
764 578 899 621 ταῦτα
938 578 1278 633 ἐτυραννεύοντο
1305 577 1533 637 Ἀθηναῖοι
1563 574 1632 620 ἐπ’

321 787 343 810 e
371 773 624 833 plurimorum
644 771 827 808 librorum
840 779 972 809 aucto-

320 824 441 866 ritate.

1031 783 1158 824 ρισε
1200 773 1246 819 V,
1280 772 1353 813 14·

1398 770 1541 819 ἴππευς
1575 772 1631 812 ἔθ
1644 786 1660 811 ε
1673 786 1690 810 ε

499 829 645 879 Vulgo:
673 823 975 879 γενοιιέναςῶδε
1030 828 1263 867 -διδοῖ.
1301 829 1347 876 V
1369 830 1448 870 42:
1476 825 1690 868 ἀπίει-

319 881 542 934 τυράννων.
562 905 619 913 -
668 885 773 929 Quae
795 885 975 921 continuo
1030 883 1357 937 κατηγέοντο
1389 884 1444 924 δέ.
1474 885 1520 932 V,
1544 887 1619 925 16:
1653 882 1690 921 ἕ-

319 942 488 993 sequitur
506 941 657 991 longior
672 953 761 977 sane
784 939 975 991 digressio,

321 996 370 1033 ad
391 1003 506 1048 caput
527 1000 579 1038 97
600 1010 721 1048 usque
739 996 901 1034 deducta
922 1004 978 1034 est

320 1054 438 1091 simili
459 1060 561 1090 certe
580 1054 735 1090 consilio
750 1083 759 1101 ,
791 1066 866 1105 quo
889 1054 978 1090 alibi

319 1123 388 1160 per
417 1108 486 1147 hos
515 1110 629 1146 libros
667 1109 879 1147 istiusmodi
918 1109 979 1147 di-

320 1167 530 1216 gressiones
549 1167 693 1202 institui
701 1166 888 1203 videmus.
918 1166 977 1202 Cf.

319 1229 416 1259 nott.
438 1221 486 1259 ad
515 1223 544 1269 1,
567 1224 634 1262 23.
662 1224 727 1269 111,
751 1225 818 1264 60.
875 1219 979 1259 Inci-

321 1276 418 1315 dunt
437 1291 529 1315 vero
543 1307 552 1325 ,
592 1291 690 1329 quae
710 1278 773 1315 hic
795 1291 980 1314 enarran-

319 1341 394 1382 tur,
414 1335 453 1371 in
475 1347 621 1371 aunum
642 1333 722 1374 514
745 1347 779 1371 a.
801 1333 890 1371 Chr.
910 1347 950 1371 n.
967 1345 978 1370 τ

319 1403 397 1442 quo
437 1392 520 1441 ipso
560 1402 660 1427 anno
702 1389 979 1442 Hipparchum,

318 1447 502 1484 Pisistrati
539 1445 682 1493 filium,
737 1448 982 1484 intersectum

323 1514 405 1548 esse
442 1509 543 1539 recte
581 1509 732 1553 ponunt
768 1502 981 1540 Larcherus

319 1558 440 1608 (Tab.
464 1556 635 1596 chronol.
651 1571 740 1609 pag.
753 1560 853 1609 632)
874 1559 982 1595 Cliu-

320 1622 387 1652 ton
411 1611 527 1665 (Fast.
547 1627 635 1665 pag.
658 1615 730 1663 16)
743 1644 754 1661 ‚
790 1622 827 1652 et
856 1616 979 1652 multo

321 1678 434 1708 antea
458 1671 605 1707 Corsini
633 1671 673 1706 111
703 1672 820 1708 Fastis
840 1672 980 1709 Atticc.

320 1728 366 1764 P.
387 1727 442 1762 111
472 1739 561 1778 pag.
591 1729 644 1768 97
667 1739 689 1763 a
710 1727 778 1765 Cr.
805 1726 979 1765 laudatus

322 1782 371 1820 ad
391 1780 433 1819 h.
456 1783 483 1820 l.

379 1837 464 1878 ἐπεὶ
473 1834 702 1890 ’Ἵππαρχον
713 1860 769 1866 —
779 1838 977 1878 κτείνουσι

323 1916 376 1923 —-
398 1890 736 1944 ἐτυραννεύοντο]
787 1895 976 1940 Quemad-

320 1950 484 1988 modum
520 1949 582 1987 1110
622 1958 772 2002 tempus
801 1965 977 2003 praesens

322 2008 465 2058 excipit
485 2008 663 2044 voculam
693 2006 797 2055 ἐπεὶ,
828 2021 917 2045 cum
936 2009 977 2044 in

322 2062 480 2114 apodosi
509 2070 689 2114 sequatur
718 2066 976 2114 praeteritum,

320 2121 374 2156 ita
395 2120 581 2156 contrario
611 2132 761 2168 prorsus
787 2120 904 2158 modo
932 2122 977 2168 V,

325 2177 398 2215 12:
432 2175 471 2214 οἳ
496 2174 680 2214 ἐπείτε
698 2180 866 2226 Δαρεῖος
882 2175 977 2215 διέ-

321 2226 577 2281 βη-αὕτοὶ
605 2226 932 2271 οἷπικνέοντα
951 2248 976 2280 ι,

320 2288 427 2323 cuius
437 2288 586 2337 generis
595 2288 704 2338 plura
715 2290 976 2326 attulitsslom-

320 2341 422 2380 field.
444 2341 492 2379 ad
503 2342 681 2394 Aeschyl.
702 2344 899 2382 Prometh.
920 2359 974 2382 vs.

320 2401 415 2440 237.
472 2399 575 2436 Add.
624 2399 768 2438 Herod.
806 2402 850 2448 V,
896 2405 972 2442 17:

324 2450 562 2506 Μεγάβαζος
599 2453 642 2494 δὲ
679 2472 734 2503 ως
766 2456 814 2508 ἐχ
827 2472 843 2496 ε
860 2473 872 2495 ι
885 2473 905 2508 ρ
920 2473 974 2496 co-

322 2521 448 2550 σατο
477 2509 572 2559 τούς
600 2514 664 2549 110
668 2512 798 2560 ίονας,
829 2512 974 2564 πέμπει

320 2561 519 2618 ἀγγέλους.
597 2568 653 2604 Αο
693 2570 806 2605 simili
854 2569 971 2606 modo

319 2624 453 2660 Noster
472 2624 522 2666 V,
542 2625 616 2662 11:
647 2626 882 2689 τυραννιὸος
901 2624 973 2676 μὲν

320 2674 511 2729 ου’δεμιῆς
529 2677 895 2731 προσεχρήϊζε·
909 2682 971 2720 αι’-

319 2732 540 2774 τέειδὲκ.
568 2750 601 2773 τ.
624 2738 657 2773 λ.
689 2745 724 2773 et
758 2738 820 2784 Vl,
842 2737 890 2776 4.
924 2734 973 2777 ου’

320 2791 474 2838 διδοῖ,
516 2789 649 2843 φὲρὼν
689 2790 732 2832 δὲ
763 2793 971 2845 ἐνεχεί-

1034 952 1181 992 στησαν
1201 962 1256 968 -
1276 941 1418 980 ἵστᾶσι.
1470 942 1515 988 V,
1546 942 1617 980 18:
1666 937 1691 978 ὅ
1714 984 1718 986 ,

1036 995 1077 1036 δὲ
1090 993 1262 1035 ταῦτάτε
1282 996 1393 1037 ε’δίδ
1407 1012 1426 1036 ο
1439 1013 1462 1036 υ
1478 997 1546 1036 καί
1567 1008 1692 1044 σφεας

1035 1053 1100 1094 ἐπὶ
1119 1054 1244 1101 ξείνια
1263 1052 1405 1093 καλέει.

1093 1105 1231 1149 ἰδοντα
1278 1107 1376 1159 ’όψιν
1414 1108 1606 1148 ἐνυπνίου
1636 1110 1692 1162 τῷ

1036 1165 1187 1206 ἑωυτοῦ
1212 1161 1343 1205 πάθει
1377 1150 1689 1218 ἐναργεστάτην]

1034 1224 1060 1259 1.
1082 1236 1116 1259 e.
1145 1235 1312 1260 sommum
1334 1223 1573 1260 calamitatem
1591 1234 1691 1259 suam

1037 1278 1233 1327 (futuram
1252 1279 1362 1329 scil.)
1394 1279 1486 1316 clare
1507 1279 1691 1326 indicans3

1036 1335 1127 1382 sive,
1144 1341 1186 1371 ut
1205 1335 1303 1372 bene
1323 1336 1588 1386 interpretatur
1597 1336 1694 1371 Lar-

1037 1390 1194 1428 cherus:
1241 1393 1304 1440 qui
1334 1393 1502 1429 somnium
1538 1392 1693 1438 viderat,

1038 1460 1104 1497 quo
1125 1447 1410 1496 manifestissime
1423 1447 1557 1498 futura
1576 1448 1693 1485 clades

1035 1503 1095 1540 illi
1107 1503 1381 1553 portendebatur
1410 1517 1440 1541 s.
1470 1504 1692 1554 manifestis-

1036 1561 1159 1596 simum
1171 1559 1428 1609 portendendae
1441 1559 1592 1609 suturae
1613 1560 1690 1597 cla-

1036 1616 1098 1663 di,
1127 1622 1171 1651 ut
1200 1614 1317 1652 dativi
1335 1617 1519 1653 nimirum
1549 1617 1692 1653 intelli-

1035 1676 1146 1721 gatur
1164 1672 1232 1718 vis,
1260 1673 1299 1708 111
1321 1671 1410 1724 qus«,
1431 1675 1576 1723 opinor,
1597 1671 1691 1709 hae-

1033 1741 1120 1764 rens
1131 1727 1408 1779 VVyttenbach.
1428 1729 1476 1766 ad
1496 1727 1691 1766 Plutarch.

1033 1785 1091 1820 De
1113 1784 1157 1820 S.
1185 1786 1232 1820 N.
1252 1785 1299 1822 V.
1320 1797 1409 1835 pag.
1431 1785 1498 1833 56,
1531 1786 1596 1822 ubi
1617 1783 1691 1823 1100

1033 1841 1118 1877 1000
1139 1841 1284 1887 utitur,
1315 1854 1384 1892 pro
1405 1837 1691 1893 ἐναργεστατην

1034 1904 1282 1947 proposuerat
1301 1894 1598 1948 ἐμφερεστάτην
1617 1899 1643 1935 1.
1654 1911 1688 1936 e.

1034 1953 1262 1990 szmzllimum.
1318 1955 1369 1990 At
1404 1955 1580 2005 vulgatae
1618 1968 1690 2005 pa-

1032 2011 1268 2046 trocinantur
1288 2011 1370 2046 libri
1382 2012 1509 2062 scripti
1522 2024 1688 2063 ususque

1033 2067 1134 2102 vocis
1156 2063 1326 2116 ἐναργής
1342 2095 1352 2114 ,
1383 2080 1499 2118 quam
1518 2066 1688 2105 Larche-

1032 2135 1094 2158 rus
1123 2129 1209 2172 apte
1233 2124 1392 2160 illustrat
1419 2125 1504 2161 1000
1531 2126 1687 2175 gemino

1032 2177 1211 2229 Aeschyli
1240 2180 1279 2214 111
1309 2181 1413 2216 Pers.
1450 2183 1548 2228 179,
1590 2180 1687 2229 (ubi

1032 2234 1108 2270 vid.
1129 2235 1346 2272 Blomfield.
1367 2237 1406 2272 in
1437 2236 1629 2287 Glossar.)
1650 2244 1688 2275 et

1032 2292 1180 2328 Platon.
1203 2293 1342 2343 Cratyl.
1365 2307 1402 2342 p.
1424 2292 1476 2332 44
1498 2296 1543 2331 B.
1583 2293 1687 2331 Add.

1021 2347 1175 2399 ⁴Herod.
1215 2349 1295 2393 Ul,
1327 2348 1393 2388 47.
1423 2370 1478 2376 —
1535 2349 1598 2387 Ad
1637 2348 1686 2389 τοέ

1032 2398 1233 2442 α’νέκαθεν
1261 2403 1337 2441 vid.
1359 2412 1454 2442 nott.
1484 2405 1581 2451 adl,
1606 2409 1685 2446 170

1031 2466 1065 2495 et
1096 2459 1184 2496 add.
1225 2459 1412 2499 Themist.
1444 2475 1482 2512 p·
1513 2461 1607 2507 442,
1632 2461 1683 2502 15

1029 2515 1144 2552 Dind.
1174 2517 1336 2554 Pausau.
1357 2519 1404 2563 II,
1432 2519 1477 2557 18
1499 2518 1535 2562 ξ.
1557 2521 1582 2558 6
1611 2518 1686 2553 ibi-

1030 2585 1104 2622 que
1139 2572 1310 2610 Siebelis.
1377 2575 1434 2609 De
1468 2574 1685 2624 Geployraeis

1029 2627 1105 2665 vid.
1131 2641 1219 2665 mox
1242 2631 1284 2676 V,
1304 2629 1371 2670 57.

1085 2681 1393 2735 ἐτυραννεύοντο
1407 2680 1526 2723 ου’ὂὲν
1537 2677 1683 2735 ἧσσον]

1029 2741 1187 2791 „Neque
1201 2743 1303 2777 euim
1317 2740 1544 2778 Harmodius
1558 2743 1683 2778 etAri-

1028 2798 1212 2846 stogiton,
1241 2797 1306 2835 sed
1332 2797 1527 2835 Herodoto
1545 2797 1685 2847 iudice,
