1897 3340
305 192 389 230 812
863 193 1224 230 ADDENDA

527 300 676 334 dedimus
702 298 746 334 οὔ
774 313 818 345 κῃ
842 299 969 344 πρόσω
994 301 1170 335 Bekkerns
1195 300 1334 334 retinuit
1358 300 1440 335 ου’κὶ
1465 301 1604 344 πρόσω.
1655 302 1703 336 Ad
1728 314 1786 334 vo-

526 358 598 379 cem
630 342 827 386 δποδαπὸς
856 347 946 388 vide,
970 359 1058 392 quae
1082 348 1202 381 similia
1226 348 1327 380 affert
1350 348 1537 381 Blomfield.
1561 348 1714 382 Glossar.
1743 348 1787 381 ad

527 392 682 434 Aeschfl.
706 394 743 426 S.
770 405 798 425 c.
825 393 891 426 Th.
917 394 996 428 351.

309 438 362 471 Ad
381 438 423 481 V,
449 438 490 473 15
509 449 587 482 pag.
612 439 670 473 ΞΩ.
714 438 846 470 Statuit
871 438 1058 481 cousins-ry
1082 440 1106 471 l.
1129 438 1150 471 l.
1176 437 1193 470 Ι
1215 449 1249 482 p.
1276 439 1339 472 175
1375 439 1601 482 Siropaconcs
1632 443 1788 481 agrestes

525 484 579 516 hic
610 483 766 516 confundi
807 494 878 516 cum
903 485 1179 528 Siropaeonibus,
1204 483 1297 516 urbis
1320 483 1433 516 Sirios
1458 484 1584 518 incolis.
1632 485 1688 518 Tu
1719 485 1786 517 vid.

527 529 639 568 etiam,
665 539 751 572 quae
775 529 816 560 ad
842 529 970 562 Herod.
999 529 1093 570 VIII,
1119 530 1183 563 115
1208 529 1451 562 adnotabimus.

310 575 362 608 Ad
389 575 429 617 V,
458 576 499 610 16
522 585 599 618 pag.
623 574 680 608 93.
729 573 830 612 Quod
854 573 896 607 ad
921 575 1104 619 Agrianes,
1129 574 1304 618 probabile
1329 574 1462 607 videtui·
1486 575 1696 617 Cousineryo
1719 575 1740 608 1.
1765 575 1785 608 l.

525 620 542 652 Ι
568 630 601 662 p.
625 620 705 660 210,
727 618 788 651 hos
812 620 996 663 Agrianes,
1021 620 1078 663 qui
1102 620 1193 652 circa
1206 619 1395 662 Pangaeum
1421 625 1564 654 montem
1588 620 1788 660 habitarint,

526 663 687 697 coloniam
713 675 808 705 esse,
856 675 943 708 quae
977 675 1019 696 ex
1054 664 1183 697 altioris
1206 665 1376 698 Thraciae
1400 665 1568 699 montibus
1606 668 1713 709 (nam
1741 666 1787 699 ibi

526 709 847 754 quoqueAgrianes)
860 710 924 742 huc
934 709 1161 751 descenderit,
1185 711 1459 754 quemadmodum
1489 713 1637 746 Doberes
1653 722 1789 757 quoque

525 761 615 787 teste
638 755 849 796 Thucydide.

312 803 359 834 Ad
386 803 428 842 V,
455 803 498 836 16
521 812 599 845 pag.
625 801 677 834 23.
729 800 827 839 Quod
855 801 1060 834 Brasiadem
1084 799 1191 833 lacum
1216 800 1302 833 haud
1329 801 1429 834 alium
1454 807 1558 847 atque
1584 803 1711 836 Bolben
1739 802 1787 835 vi-

526 846 598 879 deri
623 845 778 885 diximus,
800 846 890 879 idem
915 846 1082 890 placuisse
1105 845 1171 878 vidi
1197 846 1364 878 Schoellio
1393 848 1424 879 in
1448 854 1518 882 not.
1543 848 1584 881 ad
1611 849 1643 881 h.
1670 848 1689 881 1.
1719 848 1786 881 Pa-

526 903 598 925 rum
622 897 736 932 recte,
760 892 790 924 si
813 904 894 925 vera
916 891 1024 925 tradit
1048 892 1235 934 Cousinery
1262 891 1285 924 l.
1312 891 1333 924 Ι.
1359 902 1436 935 pag.
1461 895 1515 928 55.
1547 895 1787 938 113.178s‹2q.

529 937 606 977 Quo
639 944 780 970 auctore
815 939 919 972 Bolbe
952 938 1048 982 palus
1079 937 1163 970 mari
1197 937 1349 981 proxima
1373 948 1459 970 nunc
1483 947 1622 971 vocatur
1651 941 1787 981 flechia,

525 983 615 1016 unde
638 983 774 1016 multum
799 984 950 1016 diversus
966 984 1104 1016 Prasias
1118 983 1222 1023 lacus,
1246 982 1302 1026 qui
1327 993 1414 1015 nunc
1438 984 1629 1027 appellatur
1644 986 1787 1025 Doiran,

525 1028 582 1073 qui
607 1028 640 1060 in
665 1029 818 1062 confiniis
841 1029 966 1062 veteris
980 1028 1199 1063 Macedoniae
1209 1029 1472 1072 septentrionem
1497 1040 1615 1062 versus
1640 1030 1681 1062 ad
1695 1041 1786 1063 mon-

527 1081 595 1108 tem
628 1074 788 1107 Orbelum
812 1075 929 1119 quaeri
956 1075 1070 1116 debet,
1107 1074 1166 1108 ubi
1190 1074 1271 1107 urbs
1297 1075 1429 1107 Doiran
1453 1074 1601 1108 eiusdem
1626 1076 1787 1115 nominis,

525 1119 593 1154 vid.
616 1119 696 1153 ibid.
723 1132 755 1165 p.
780 1121 836 1156 93.
863 1122 928 1155 114
951 1132 1023 1165 seq.

306 1166 355 1204 Ad
383 1166 422 1207 V,
451 1167 494 1201 16
517 1177 596 1211 pag.
621 1166 677 1200 25.
726 1167 777 1199 De
798 1168 965 1210 piscibus,
998 1166 1054 1211 qui
1078 1165 1232 1200 iumentis
1256 1176 1296 1198 ac
1318 1165 1427 1198 bobus
1451 1165 1518 1198 sint
1533 1166 1668 1209 pabulo,
1692 1166 1790 1210 plura

524 1211 720 1250 recentioris
754 1213 880 1246 aetatis
913 1214 1067 1257 exempla
1099 1223 1141 1245 ex
1176 1211 1337 1255 Angliae,
1377 1210 1574 1255 Norvegiae
1605 1212 1790 1255 indiaeque

524 1257 595 1291 oris
627 1257 781 1290 attulisse
814 1259 922 1292 fertur
960 1258 1082 1291 Roulin
1119 1258 1256 1299 (Revue
1293 1256 1353 1289 des
1386 1257 1474 1290 deux
1507 1257 1661 1291 Mondes.
1709 1258 1788 1291 vid.

524 1303 684 1337 Ausland.
712 1305 799 1339 1833
824 1315 873 1339 nr.
902 1305 995 1347 152).
1043 1305 1164 1348 Itaque
1187 1302 1352 1335 immerito
1376 1303 1419 1336 de
1452 1303 1646 1336 Herodotea
1672 1314 1788 1336 narra-

526 1349 618 1382 tione
642 1349 775 1382 dubitat
798 1350 985 1394 Cousinery
1016 1350 1038 1384 l.
1061 1350 1086 1384 l.
1119 1351 1135 1382 1
1159 1360 1192 1393 p.
1219 1350 1295 1383 180.
1321 1349 1398 1390 181,
1436 1349 1624 1382 concedens
1655 1349 1789 1394 quidem

525 1395 633 1428 lacum
670 1395 817 1439 piscibus
851 1397 1044 1439 abundare,
1075 1395 1135 1428 sed
1160 1394 1314 1427 iumentis
1338 1393 1496 1438 pabulum
1530 1396 1696 1439 praebere
1728 1407 1787 1438 po-

525 1440 633 1474 tuisse
671 1452 809 1483 negans.
856 1442 946 1474 Idem
979 1442 1012 1475 in
1045 1443 1125 1474 nota
1162 1440 1286 1473 asserit
1315 1439 1348 1472 in
1373 1439 1572 1484 Philippinis
1597 1440 1713 1473 insulis
1738 1442 1788 1474 la-

524 1498 599 1519 cum
623 1486 765 1519 inveniri
789 1493 884 1521 tanta
909 1488 1050 1532 piscium
1075 1487 1173 1530 copia
1195 1487 1371 1527 refertum,
1394 1491 1433 1519 ut
1456 1486 1578 1529 corbis,
1602 1497 1701 1531 quam
1724 1486 1787 1520 im-

523 1532 651 1574 mittaS,
675 1533 787 1566 statim
811 1532 960 1577 piscibus
984 1533 1166 1578 repleatur.

306 1578 357 1610 Ad
383 1578 425 1620 V,
452 1579 493 1614 17
518 1590 549 1623 p.
574 1579 629 1612 27.
680 1578 729 1611 De
763 1581 893 1622 Dysoro
930 1583 1041 1613 monte
1075 1580 1205 1612 tractat
1244 1576 1445 1620 Cousinery.
1468 1576 1491 1610 l.
1514 1576 1535 1609 l.
1550 1576 1567 1610 1
1592 1589 1624 1621 p.
1648 1578 1704 1612 55.
1729 1579 1786 1618 56,

523 1623 581 1656 ubi
618 1625 764 1657 Disoron
797 1624 902 1666 (quod
933 1637 954 1658 a
987 1625 1044 1663 δίς
1075 1630 1110 1658 et
1141 1620 1229 1666 ὅρος
1254 1622 1455 1665 descendat)
1479 1622 1581 1656 scribi
1607 1623 1689 1665 vult,
1713 1635 1787 1657 cum

522 1680 615 1702 mons
640 1669 683 1701 sit
700 1669 843 1713 duplicis
868 1670 1060 1711 cacuminis,
1085 1670 1216 1714 qualem
1239 1668 1384 1713 speciem
1409 1679 1496 1701 nunc
1512 1670 1676 1712 praebeat
1694 1680 1787 1703 mons

527 1715 699 1755 ΟονιΙιίὰε,
728 1717 795 1759 qua
821 1716 1016 1749 Chalcidica
1041 1716 1136 1759 regio
1161 1714 1312 1758 incipiat,
1337 1714 1573 1755 navigantibus
1598 1715 1693 1757 longe
1704 1727 1786 1748 con-

524 1760 671 1804 spicuus.
721 1761 821 1801 Quod
846 1773 922 1794 num
957 1768 1051 1795 recte
1083 1760 1264 1799 statuerit,
1308 1759 1383 1793 aliis
1411 1760 1659 1793 diiudicandum
1686 1761 1786 1794 relin-

522 1817 600 1850 quo.
650 1806 743 1839 Idem
779 1806 977 1850 Cousinery.
1004 1807 1024 1840 Ι.
1050 1807 1069 1840 Ι,
1097 1818 1173 1851 pag.
1204 1808 1278 1841 106.
1307 1807 1381 1840 112.
1410 1807 1486 1840 115.
1513 1807 1578 1840 178
1613 1806 1787 1840 contendit

524 1851 655 1894 legatos
681 1853 813 1894 Persas,
837 1857 1066 1895 transgressos
1091 1852 1224 1885 metalla
1249 1851 1291 1884 ad
1304 1850 1538 1884 Crestonicam
1558 1852 1624 1884 sita
1649 1857 1785 1893 terram,

521 1897 654 1939 D>s0r0
678 1904 788 1931 monte
814 1899 855 1931 ad
877 1899 1009 1932 laevam
1032 1899 1164 1938 relicto,
1190 1898 1223 1930 in
1247 1896 1419 1941 planitiem
1452 1896 1668 1931 descendisse
1697 1898 1785 1931 haud

521 1942 570 1976 ita
594 1943 693 1987 longe
717 1944 759 1977 ab
783 1944 866 1977 urbe
889 1944 1134 1977 Thessalonica
1157 1943 1228 1977 sive
1252 1942 1437 1982 Salomoni,
1456 1946 1495 1974 ut
1521 1953 1607 1976 nunc
1630 1949 1783 1985 vocatur,

1844 1336 1859 1396 snb(
1844 1302 1860 1333 «34
1858 1290 1859 1294 Α

520 1988 666 2033 indeque
700 1989 846 2023 traiecto
879 1990 965 2024 Axio
999 1990 1164 2024 Edessam
1199 2000 1236 2022 se
1262 1987 1445 2021 contulisse
1471 1987 1594 2022 itinere
1625 1999 1687 2033 per
1711 1988 1783 2033 pla·
1846 2012 1855 2024 ψ

517 2033 633 2067 niti-em
656 2036 759 2068 sacto.

302 2078 350 2112 Ad
380 2079 420 2123 V,
445 2080 490 2114 23
515 2091 549 2124 p.
577 2081 632 2115 35.
679 2081 719 2114 In
743 2081 857 2114 verbis
882 2077 946 2114 ἅτε
971 2078 1010 2115 δὲ
1036 2077 1239 2124 τειχέοντος
1262 2075 1336 2122 ἤδη
1360 2076 1537 2112 Ἱστιαίου
1569 2077 1639 2110 τοῦ
1664 2079 1782 2122 Imaq-

520 2125 602 2158 σίου
627 2138 658 2159 κ.
684 2139 712 2160 τ.
738 2128 768 2159 λ..
816 2127 950 2169 Steger.
985 2131 1063 2170 post
1085 2137 1201 2159 vocem
1227 2124 1410 2166 ,Μιλησίου
1450 2121 1616 2155 excidisse
1651 2124 1784 2157 coniicit

520 2169 716 2213 ΙῑΙύρκινον
739 2178 775 2206 et
797 2178 875 2216 post
897 2170 1036 2214 μισθὸν
1060 2170 1306 2205 distinctionem
1326 2167 1430 2200 inseri
1454 2167 1536 2203 vult.
1584 2169 1648 2201 Cui
1665 2170 1782 2203 merito

517 2217 714 2260 obloquitur
754 2229 877 2252 censor
900 2217 1086 2261 Lipsiensis
1119 2216 1153 2248 in
1177 2215 1318 2258 Ephem.
1343 2213 1528 2258 Lipsienss.
1557 2214 1668 2258 suppl.
1693 2217 1783 2251 1833

517 2273 551 2296 ι).
577 2263 633 2296 45.

300 2305 349 2337 Ad
378 2305 418 2346 V,
440 2306 484 2340 23
509 2297 588 2350 pag.
612 2308 668 2341 35.
717 2307 766 2339 Ad
798 2307 921 2339 verba:
955 2303 1063 2348 ἀνδρὶ
1086 2300 1232 2348 ’Έλληνι
1264 2304 1409 2349 δεινῷ
1443 2305 1532 2339 conf.
1572 2304 1709 2341 Homer.
1741 2306 1780 2342 11.

519 2352 644 2384 xvm.
671 2351 739 2386 394
763 2351 842 2394 ῑυῑη.
869 2352 905 2383 n
919 2352 966 2384 th.

301 2396 351 2429 Ad
377 2395 416 2430 V.
440 2397 485 2432 23
511 2407 589 2440 pag.
611 2398 667 2431 36.
717 2396 781 2429 l'ro
804 2393 1058 2439 ἐγκτήσασθαι,
1083 2395 1172 2440 quod
1209 2407 1268 2429 nos
1301 2394 1478 2438 dedimus,
1512 2394 1641 2439 Negris
1673 2396 1780 2432 denuo

518 2443 672 2486 praefert
694 2442 769 2474 olim
793 2443 960 2484 vulgatum
985 2439 1232 2486 ε’γκτίσμσθαι.

304 2487 352 2520 ΑΛ
380 2487 421 2529 V,
445 2489 488 2522 27
509 2499 586 2532 pag.
611 2488 666 2521 42.
720 2488 826 2524 Lucis,
851 2489 905 2520 ubi
931 2488 1048 2522 vocula
1071 2487 1111 2521 εύ
1137 2487 1170 2519 ἰιι
1195 2486 1324 2531 periodi
1357 2485 1425 2519 fine
1456 2485 1620 2520 collocata
1652 2488 1780 2523 inveni—

517 2538 585 2575 tur,
610 2533 686 2565 ndd.
714 2534 838 2566 Herod.
867 2534 958 2574 Vlll,
986 2536 1061 2568 111.
1087 2533 1244 2577 Sopliocl.
1269 2531 1392 2575 oedip.
1419 2531 1538 2565 Colon.
1558 2532 1638 2568 642.

307 2578 352 2612 Ad
378 2580 420 2620 V,
444 2580 488 2613 29
512 2590 588 2623 pag.
613 2578 668 2613 44.
719 2579 830 2611 Verba
855 2576 892 2611 ἐν
917 2577 1133 2622 ἀνεστηκυίῃ
1160 2579 1202 2622 τῇ
1230 2576 1329 2621 χώρῃ
1354 2577 1479 2618 Negris
1503 2578 1549 2610 ita
1574 2578 1781 2624 interpreta-

519 2630 595 2657 tnrz
618 2621 657 2656 ἐν
681 2624 723 2667 τῇ
752 2621 943 2668 (ἷναστῑὶτῳ
969 2623 1083 2668 ταύτῃ
1110 2621 1229 2666 χώρα·
1257 2624 1308 2662 εἰς
1333 2619 1450 2655 αὐτόν
1474 2621 1540 2656 τὸν
1557 2621 1595 2657 ἐκ
1619 2624 1780 2660 στάσεων

520 2666 906 2712 ἄναποδογυρισμέιόν
931 2670 991 2703 καὶ
1018 2660 1270 2711 οἱφανισμὲνον
1294 2666 1423 2703 τόπον.

303 2716 352 2747 Ad
379 2715 420 2755 V,
445 2717 491 2750 30
515 2727 591 2759 pag.
624 2716 678 2748 47.
728 2716 777 2747 Ad
815 2728 926 2748 vocem
963 2713 1105 2748 ἀσπίδα
1141 2716 1292 2757 (gravis
1311 2720 1511 2747 armaturae
1535 2715 1689 2758 milites)
1715 2717 1780 2751 vid.

521 2761 703 2795 Blomfield.
731 2761 885 2794 Glossar.
912 2762 953 2794 ad
980 2761 1135 2804 Aes-chyl.
1161 2761 1254 2794 Pers.
1279 2761 1357 2794 320.

302 2806 351 2839 Ad
379 2806 417 2841 V.
443 2805 487 2842 34
512 2818 591 2852 pag.
617 2808 673 2842 53.
721 2807 894 2841 Bekkerns
911 2807 1005 2840 dedit
1029 2805 1108 2840 καὶ
1133 2804 1174 2840 τὸ
1202 2808 1318 2849 τεῖχος
1343 2801 1533 2846 ἐσάξαντο.
1560 2808 1698 2857 Negrig,
1721 2810 1778 2855 qui
