1897 3340
20 1144 25 1266 f

18 1273 23 1406 f

16 1409 30 1686 ἓ,

14 1689 19 1909 i

13 2070 17 2138 ,Ι

591 156 896 197 ERATO.
954 156 1034 193 vl.

155 272 376 328 ὃοῖγκάλῃ·
408 270 481 313 καὶ
509 267 587 324 τήν
617 264 804 322 φράσαι,

1363 160 1444 200 811

849 262 908 315 ὦς
945 264 1127 307 παιδίον
1155 265 1319 319 φορέει.
1366 265 1446 320 τὴν

189 340 236 383 δὲ
266 339 465 383 κελεῦσαί
504 337 548 379 οἱ
575 336 733 385 defigat·
775 332 854 388 τήν
883 332 930 375 δὲ
968 330 1020 376 οὐ
1062 331 1221 388 φάναι·
1272 330 1447 387 ἀπειρῆ-

183 412 290 451 σθαι
317 405 400 461 γάρ
432 405 475 447 οἱ
513 403 560 446 ἐκ
589 406 677 445 τῶν
711 400 978 456 γειναμένων
1017 399 1169 457 μηδενὶ
1208 399 1446 444 ἐπιδεικνύ-

153 482 280 518 9ναι·
310 472 388 529 τὴν
417 471 463 514 δὲ
492 469 662 521 πάντως
691 468 834 524 ἑωυτῇ
862 467 1055 511 κελεύειν
1083 468 1302 520 ἐπιδεῖξαι.
1343 468 1504 522 ὁρῶ-4ο

118 563 123 570 ·
181 553 264 586 σαν
297 541 343 584 δὲ
380 537 458 595 τὴν
493 542 681 593 γυναῖκα
716 536 814 592 περὶ
852 539 1020 580 πολλοῦ
1063 536 1325 593 ποιευμένην
1364 538 1448 580 ἰδέ-

180 614 306 660 σθαι,
339 604 454 650 οὕτω
485 606 539 662 δὴ
569 605 650 662 τήν
678 603 849 660 τροφόν
891 606 1024 656 δεῖξαι
1050 603 1100 647 τὸ
1130 607 1329 648 παιδίον·
1367 604 1447 661 τὴν

180 677 226 720 δὲ
258 677 522 725 καταψῶσαν
552 677 632 716 τοῦ
661 674 842 716 παιδίου
870 672 950 727 τὴν
968 672 1185 727 κεφαλὴν,
1217 670 1350 725 εἶπαι,
1387 671 1446 724 ὥς

180 741 474 787 καλλιστεύσει
531 739 705 785 πασέων
751 742 841 783 τῶν
887 739 935 783 ἐν
982 738 1166 795 Σπάρτῃ
1211 744 1445 795 γυναικῶν.

126 819 169 852 10
182 809 267 853 ἀπὸ
307 809 386 866 μὲν
428 808 481 866 δὴ
508 807 669 864 ταύτης
705 811 781 864 τῆς
819 805 981 864 ἡμέρης
1009 807 1283 864 μεταπεσέειν
1312 807 1360 851 τὸ
1392 805 1444 851 εἶ.
1457 810 1501 850 45

179 880 266 929 δος.
331 877 487 932 Γαμέει
517 878 562 921 δὲ
583 875 636 933 δή
666 893 739 933 μιν
769 875 812 927 ἐς
840 875 987 931 γάμου
1029 874 1149 931 ὥρην
1178 873 1446 932 ἀπικομένην

169 945 348 1002 ’Ἁγητος
369 942 392 988 ὁ
421 944 661 998 Ἀλκείδεω,
692 938 820 996 οὗτος
850 945 903 1000 δὴ
933 943 956 988 ὁ
985 947 1066 987 τοῦ
1089 942 1346 997 Ἀρίστωνος
1376 945 1446 999 φί-

177 1081 337 1137 ταύτης
367 1079 391 1124 ὁ
423 1080 551 1136 ἔρως·
583 1084 826 1136 μηχανᾶται
856 1080 909 1138 δή
940 1077 1101 1123 τοιάδε.
1149 1077 1281 1131 αὐτός
1310 1096 1354 1124 τε
1382 1082 1441 1136 τῷ
1499 1098 1558 1139 per=
1582 1090 1679 1117 dolum
1707 1092 1758 1119 ab·

45 1005 110 1051 62
179 1019 265 1066 λος.
344 1012 432 1056 Τόν
472 1013 523 1058 δὲ
553 1011 786 1067 Ἀρίστωνα
824 1012 959 1065 ἔκνιζε
998 1010 1085 1065 ἄρα
1123 1014 1199 1066 τῆς
1232 1011 1443 1066 γυναικός
1499 1002 1690 1084 4306riman

1503 1065 1521 1092 p
1682 1056 1724 1085 'to

1502 1125 1622 1152 dumam
1638 1126 1740 1152 inatri-

179 1149 338 1206 ἑταίρῳ
369 1151 449 1192 τοῦ
491 1144 546 1205 ἦν
574 1147 601 1205 ἡ
631 1150 743 1206 γυνὴ
783 1147 916 1206 αὕτη,
955 1146 1214 1192 ὑποδέκεται
1254 1149 1444 1204 δωτίνην
1500 1159 1599 1186 monio
1626 1159 1683 1186 sibi
1707 1160 1773 1188 iuu-

120 1306 309 1338 memorat
328 1300 484 1345 fanum,
523 1297 590 1334 ubi
618 1298 781 1349 Enyalio

122 1370 228 1396 sacra
255 1357 394 1393 faciant
425 1353 574 1404 ephebi.
631 1355 694 1392 Ad
721 1356 783 1393 lo-

123 1416 336 1452 cutionem:
370 1412 411 1452 έν
431 1413 481 1465 τῇ
504 1407 690 1465 Θεράπνῃ
711 1427 783 1451 κα·-

122 1469 291 1525 λευμένῃ
335 1469 388 1518 (i.
428 1481 461 1504 e.
503 1481 592 1517 quae
618 1468 780 1519 dicitur)

125 1528 236 1565 Creu
248 1542 280 1565 z.
311 1525 412 1562 conf.
442 1524 525 1560 Ast.
558 1523 606 1560 ad
625 1525 778 1564 Platon.

121 1586 258 1634 Remp.
276 1583 336 1629 VI,
359 1584 383 1621 7
403 1593 491 1631 pag.
514 1579 608 1620 540.

180 1640 331 1686 δεῖξαι]
372 1636 483 1682 Quod
502 1635 540 1674 h.
563 1637 586 1674 Ι.
619 1643 656 1674 et
675 1650 778 1687 pau-

121 1698 160 1736 lo
187 1697 285 1733 infra
315 1694 567 1739 restituimus,
608 1695 778 1745 itemque

124 1753 326 1800 ἐπιδεῖξαι,
355 1752 471 1801 vulgo
502 1748 610 1796 δέξαι
641 1757 678 1786 et
698 1750 778 1789 ἐπι-

126 1810 234 1857 δέξαι
254 1815 383 1847 contra
394 1808 507 1844 libros
527 1807 695 1856 scriptos.
716 1805 779 1843 Ad

124 1868 358 1905 locutionem
375 1860 411 1912 Ιοῖ
423 1879 452 1902 π
465 1877 481 1901 ε
494 1877 505 1901 ι
519 1878 540 1914 ρ
553 1864 580 1912 ἦ
591 1866 652 1901 σθ
664 1878 687 1901 α
700 1878 713 1901 ι
723 1885 780 1890 -

126 1939 153 1975 μ
165 1939 191 1975 η
205 1925 226 1962 δ
242 1937 259 1962 ε
272 1920 319 1962 νὶ
371 1915 640 1959 ἐπιδεικνύναι
678 1920 778 1960 conf.

123 1982 189 2028 111,
217 1981 308 2020 128.
365 1978 459 2014 Mox
488 1989 556 2026 pro
592 1979 781 2027 καταψῶ-

125 2048 200 2077 σαν
237 2037 278 2072 iu
312 2035 444 2072 Glossa
481 2031 698 2071 Herodotea
727 2040 782 2070 est

123 2096 270 2144 ψῶσαν
286 2104 297 2116 ·
326 2087 579 2130 θάλπουσαν.

343 2193 434 2244 Cap.
446 2192 567 2229 LXII.

189 2258 266 2301 Τόν
297 2258 340 2300 δὲ
367 2254 585 2312 Ἀρίστωνα
630 2256 781 2309 ἔκνιζε]

132 2317 242 2357 Istius
270 2317 424 2354 mulieris
454 2329 550 2354 amor
588 2316 783 2354 Aristonem

123 2374 317 2424 pungebat.
373 2374 417 2409 In
444 2374 606 2410 Glossar.
629 2374 783 2421 [Hero-

132 2429 228 2477 dot.]
252 2436 287 2466 et
307 2428 425 2466 suida
447 2427 593 2476 ἔκνιζεν
613 2429 782 2466 redditur

133 2484 289 2532 ἔδακεν,
324 2484 536 2522 adhibitum
565 2486 679 2522 etiam
698 2487 781 2533 VII,

135 2543 199 2581 12.
256 2541 352 2589 Sed,
392 2547 434 2577 ut
457 2539 541 2588 hic,
571 2553 681 2591 saepe
712 2540 782 2578 de.-

133 2597 254 2646 signat
275 2596 456 2648 Sophocli
477 2596 621 2633 dictum
639 2596 784 2648 ἔρωτος

134 2653 287 2703 δῆγμαε
335 2652 515 2704 Xenoph.
544 2667 584 2704 p.
614 2652 708 2701 516,
733 2656 782 2693 13

133 2709 338 2760 [Sympos.
376 2711 440 2758 lV,
473 2711 540 2750 28.
574 2711 670 2746 Lex.
701 2710 784 2745 Xe-

132 2764 319 2817 nophont.
344 2767 379 2803 Π
397 2778 496 2817 ¹pag.
526 2765 640 2815 757]
684 2767 784 2818 κνῆ-

839 1310 932 1350 σμα.
988 1297 1076 1336 Vid.
1119 1296 1250 1337 Schol.
1281 1299 1323 1334 in
1350 1298 1500 1334 Aristo-

837 1356 956 1407 phan.
994 1356 1097 1393 Plut.
1129 1355 1223 1395 975.

838 1410 985 1465 γλυκύς
1007 1407 1129 1458 ὄδοῦς
1146 1409 1167 1450 ὁ
1185 1413 1257 1451 τοῦ
1279 1408 1412 1450 πόθου
1433 1408 1502 1450 διί-

837 1484 944 1517 κνει,
979 1470 1138 1506 Lucian.
1159 1469 1195 1503 II
1223 1482 1260 1519 p.
1283 1467 1376 1507 400.
1398 1469 1500 1505 Plut-

836 1527 855 1563 Ῑ
874 1539 912 1575 p-
935 1528 1029 1566 602.
1064 1524 1224 1574 [Agesil.
1248 1524 1317 1571 11]
1351 1522 1499 1571 ἔκνιζεν

835 1578 957 1621 αὐτόν
976 1577 1024 1620 ου’
1044 1581 1209 1631 μετρίως
1231 1578 1250 1620 ὃ
1277 1579 1389 1631 ἔρως.
1418 1600 1419 1603 ¹
1440 1582 1500 1616 A-

833 1639 1003 1690 ptissima
1014 1637 1119 1675 dedit
1133 1635 1155 1676 ὁ
1163 1632 1271 1676 πάνυ
1287 1638 1328 1672 in
1339 1638 1496 1677 Miscell.

836 1696 925 1733 Obs.
953 1695 1006 1731 VI
1034 1708 1073 1745 p.
1103 1695 1234 1734 303.“
1278 1693 1497 1733 Valcken.

838 1753 972 1789 Creuz.
984 1752 1023 1787 in
1048 1751 1279 1787 Commentt.
1293 1749 1494 1787 Herodott.

835 1822 874 1859 p.
904 1810 985 1848 226
1014 1805 1072 1843 his
1103 1806 1209 1842 addit
1236 1807 1284 1843 A.
1314 1805 1497 1843 Matthiae

838 1864 887 1901 ad
907 1865 1022 1900 Hom.
1036 1865 1182 1914 Hymn.
1195 1875 1232 1913 p.
1249 1861 1344 1902 441.
1373 1863 1496 1913 Ilgen.

838 1920 887 1958 ad
945 1921 1243 1957 Hermesiauact.
1296 1919 1406 1969 Eleg.
1456 1921 1498 1956 in

838 1979 1001 2028 Opuscc.
1031 1975 1177 2027 philon.
1199 1976 1282 2013 Vol.
1305 1976 1323 2010 I
1341 1989 1380 2026 p.
1401 1978 1497 2017 291.

835 2036 918 2072 Ast.
942 2033 989 2070 ad
1010 2032 1167 2070 Pindar.
1201 2033 1241 2068 in
1262 2032 1497 2070 Commentt.

837 2092 967 2129 societ.
996 2088 1129 2140 philol.
1159 2090 1263 2139 Lips.
1293 2090 1339 2137 ΙΙ,
1364 2091 1383 2128 1
1407 2102 1496 2139 pag.

837 2151 904 2190 22.
933 2145 1115 2197 Xenoph.
1146 2147 1306 2184 Memor.
1340 2146 1406 2192 111,
1432 2148 1496 2194 11,

838 2207 877 2253 3,
898 2205 966 2241 ubi
986 2202 1033 2241 de
1055 2203 1312 2242 animantibus
1332 2199 1497 2241 ὑποκνι-

839 2257 1002 2312 ζὸμενοι.
1061 2259 1216 2298 Pindar.
1235 2256 1350 2310 Pyth.
1371 2260 1421 2305 X,
1443 2260 1497 2298 60

839 2316 956 2368 (94):
987 2315 1054 2357 καὶ
1082 2313 1157 2369 γοῖρ
1184 2314 1329 2367 ἑτέροις
1352 2311 1497 2366 ἑτέρων

839 2373 939 2425 ἔρως
955 2372 1022 2413 ’ὑπ
1035 2372 1053 2413 ε’
1066 2388 1089 2412 κ
1102 2388 1125 2412 ν
1143 2388 1155 2411 ι
1168 2385 1190 2411 σ
1202 2387 1220 2412 ε
1250 2370 1411 2422 φρένας,
1431 2371 1497 2408 ubi

837 2431 963 2468 Tafel.
987 2430 1151 2467 conferri
1169 2429 1250 2466 vult
1273 2426 1496 2465 Boissonad.

837 2486 887 2524 ad
915 2487 1141 2525 Aristaenet.
1168 2487 1241 2536 Ep.
1262 2487 1310 2533 ΙΙ,
1342 2487 1378 2531 1,
1400 2486 1502 2524 619·’

839 2544 926 2580 Alia
956 2542 1146 2595 quaedam
1172 2542 1248 2580 vid.
1284 2547 1419 2578 notatt.
1449 2538 1498 2576 ad

839 2599 1023 2637 Herodot.
1043 2601 1124 2648 VH,
1144 2602 1194 2639 10
1211 2599 1248 2644 ξ.
1272 2598 1312 2639 5-

894 2654 1129 2696 ὖποδέκεται
1146 2655 1316 2704 δωτίνην
1333 2648 1494 2697 δώσειν]

841 2711 1023 2750 observat
1044 2712 1086 2752 G.
1109 2712 1153 2750 Ο.
1176 2711 1329 2747 muller.
1350 2710 1440 2744 Dor.
1462 2707 1498 2741 ll

840 2780 880 2818 p.
904 2769 982 2810 195
1011 2766 1085 2806 hoc
1114 2781 1182 2819 per
1199 2765 1366 2818 Lycurgi
1393 2764 1496 2813 leges

1292 1356 1337 1390 In
1373 1367 1502 1391 amore

1868 1199 1896 1339 i!
