1897 3340
569 178 1208 217 P()LYMN1A.vl1.
1429 187 1510 227 567

242 285 458 341 ἱμάντων·
497 287 680 344 ταύτῃσι
717 288 896 330 πίσυνοι
936 286 1138 341 ἔρχονται
1167 286 1211 337 ἐς
1239 286 1443 343 πόλεμον.
1495 292 1522 347 ἡ
1572 298 1651 340 545

239 355 285 398 δὲ
315 355 426 412 μα’χη
458 355 627 400 τούτων
650 358 738 398 τῶν
768 352 945 406 ἀνδρῶν
973 354 1072 410 ἥδε·
1104 354 1238 398 ἐπεάν
1267 357 1510 411 συμμίσγω-

241 436 282 466 σι
314 429 427 467 τοῖσι
461 424 715 476 πολεμίοισι,
749 420 964 476 βάλλουσι
994 422 1071 473 τὰς
1101 421 1262 476 σειρὰς,
1293 421 1356 466 ἐπ’
1388 422 1511 481 ἄκρῳ

214 491 436 546 δβρόχους
471 490 662 546 ἐχούσας.
723 489 823 532 ὅτευ
854 488 890 533 δ’
920 489 977 533 ἂν
1006 490 1135 549 τύχῃ,
1195 489 1253 548 ἤν
1279 507 1324 534 τε
1362 492 1513 543 ἵππου,
1529 501 1568 532 10

237 558 292 615 ἤν
322 575 366 603 τε
397 558 665 613 ἀνθρώπου,
696 556 759 600 ἐπ’
789 557 955 602 ἑωυτὸν
985 558 1117 603 ἕλκει·
1150 561 1195 603 οἵ
1224 559 1270 603 δὲ
1299 559 1348 604 ἐν
1371 559 1512 614 ἕρκεσι

239 623 610 682 ἐμπαλασσόμενοι
652 627 1002 680 διαφθείρονται.
1064 628 1235 671 τούτων
1283 628 1362 684 μὲν
1401 627 1512 684 αὕτη

105 689 171 734 86
237 695 420 751 ἡμάχη·
465 693 538 735 καὶ
578 692 858 749 ἐπετετάχατο
891 695 933 745 ἐς
963 694 1070 745 τούς
1103 695 1294 748 Πέρσας.
1353 697 1509 751 Μῆδοι

236 764 303 813 δὲ,
340 761 414 817 τήν
443 777 522 813 περ
544 761 590 803 ἐν
619 764 681 816 τῷ
710 767 842 820 πεζῷ,
877 761 994 818 εἶχον
1025 764 1207 820 σκευήν·
1239 765 1312 808 καὶ
1334 766 1508 808 Κίσσιοι
1565 762 1836 832 ζξῌᾏῇῃῗᾶὸῑζζῧξο,

235 828 452 880 ὡσαύτως.
509 829 636 872 Ἰνδοὶ
678 829 723 872 δὲ
764 834 896 887 σκευῇ
927 829 1006 884 μὲν
1036 830 1266 886 ἐσεσάχατο
1307 836 1361 888 τῇ
1391 830 1838 898 αὐτῇΙὸἓᾞξιξίτῇξζξέῗὲξῄ

233 897 304 940 καὶ
338 897 384 940 ἐν
414 900 475 953 τῷ
505 902 640 955 πεζῷ,
689 898 885 954 ἤλαυνον
922 898 967 942 δὲ
995 899 1172 954 κέλητας
1204 900 1277 942 καὶ
1309 898 1501 955 ἅρματα·
1751 899 1758 904 ’

1568 692 1743 722 Medorum:
1771 695 1836 724 Cis-

1565 728 1694 755 siornm:
1718 729 1805 757 Indo-

1562 896 1643 924 fallit
1660 898 1837 926 Reiziicon-

1562 930 1716 966 iectura]:
1751 932 1837 960 Pari-

1562 966 1725 993 canioruln.
1765 968 1837 994 Ara.-

1562 998 1614 1024 bes
1633 1000 1757 1028 camelis
1786 1009 1835 1028 ve-

174 1096 301 1145 strz'clc)
325 1095 494 1143 denotet,
527 1109 647 1147 quum
667 1097 726 1132 isti
746 1096 838 1131 olim

175 1154 280 1204 equis
302 1154 399 1189 vecti
420 1151 595 1189 homines
612 1154 754 1204 laqueis
775 1154 838 1188 in—

173 1211 276 1246 iectis
298 1217 477 1261 caperent
496 1209 662 1262 indeque
691 1210 838 1246 interfi-

175 1274 318 1305 cerent-

230 1322 505 1374 συμμίσγωσι]
533 1322 769 1374 συμμίσγειν
790 1321 837 1358 de

171 1378 297 1416 hostili
337 1392 561 1429 congreSSU,
589 1381 655 1431 qui
684 1378 732 1416 ad
762 1392 838 1429 pu:-

171 1436 371 1487 gnandum
400 1436 462 1483 fit,
484 1437 680 1487 aliquoties
701 1438 837 1473 Noster

171 1492 349 1530 adhibet:
379 1494 409 1538 Ι,
438 1495 526 1533 166.
550 1496 641 1534 127.
662 1494 835 1541 1V‚127.

170 1551 234 1597 Vl,
259 1549 322 1590 14.
353 1551 452 1596 vili,
475 1553 541 1590 22,

227 1606 271 1646 ἐν
304 1606 432 1657 ἕρκεσι
459 1600 832 1657 ἐμπαλασσόμενοι]

172 1660 510 1715 ἐμπαλασσόμενοι
537 1670 682 1700 veteres
703 1674 834 1712 gram-

170 1722 300 1758 matici
333 1726 533 1770 exponunt
571 1714 836 1770 συμπλεκόμε-

171 1792 255 1824 νοι,
303 1772 607 1826 ἐμπλεκόμενοι,
648 1775 834 1824 implicati.

171 1833 256 1870 vid.
279 1832 409 1870 Schol.
431 1832 479 1869 ad
501 1831 721 1882 Thucydid.
753 1833 833 1880 vlt,

171 1890 223 1931 84
245 1888 331 1943 (ubi
350 1889 453 1926 idem
464 1890 727 1937 vocabulum).
749 1890 834 1925 Aet.

170 1948 328 1998 Dionys.
360 1946 461 1997 apud
490 1944 663 1982 Eustath.
685 1945 733 1981 ad
754 1948 834 1981 He-

170 2003 276 2055 sych.
293 2006 307 2039 1
327 2018 362 2054 p.
388 2006 494 2043 1197
516 2004 620 2052 (ubiz
654 1998 833 2052 ἐμπαλα-

170 2062 235 2107 ξαι
249 2070 258 2079 ·
279 2059 464 2106 {mugiat
478 2060 509 2107 ).
539 2061 689 2095 Aelian.
710 2061 755 2096 N.
788 2061 832 2096 Α.

171 2119 256 2163 ΧΠ,
267 2120 333 2164 47,
354 2118 420 2153 ubi
439 2118 628 2153 Iacobsius
640 2117 736 2152 bene
747 2130 832 2152 me—

171 2187 255 2210 mor
274 2174 347 2210 fuit
365 2175 437 2210 loci
454 2173 671 2220 Herodotei,
693 2175 731 2209 in
755 2183 830 2224 quo

172 2230 299 2281 ἕρκεσι
348 2237 494 2267 vertere
538 2232 625 2267 licet
683 2230 830 2279 laqueis,

172 2285 498 2338 quemadmodum
524 2288 562 2323 in
580 2287 752 2338 Euripid.
774 2289 830 2323 E-

173 2345 276 2379 iectr.
291 2343 382 2389 155,
403 2344 468 2378 ubi
480 2344 747 2392 Agamemnon
769 2343 830 2380 di·-

173 2401 269 2435 citur
309 2395 499 2448 ὀλόμενος
542 2400 689 2445 δολίοις
735 2396 828 2452 βρό-

168 2470 249 2507 χων
293 2453 462 2503 ἕρκεσιν,
504 2461 540 2490 et
574 2457 613 2491 in
649 2456 829 2507 Aeschyl-

171 2514 400 2562 Agamemn.
416 2514 522 2551 1620
538 2513 826 2558 (lfiOlsslomf.)

172 2570 237 2605 ubi
257 2571 326 2618 τῆς
338 2569 451 2615 δίκης
473 2566 513 2605 ἐν
534 2566 698 2618 ἕρκεσιν,
711 2568 827 2619 quod,

174 2633 211 2662 ut
226 2622 603 2674 annotatHesycliins
624 2625 689 2673 lp.
710 2623 828 2672 1436,

175 2681 276 2717 idem
297 2689 351 2718 est
380 2688 492 2733 atque
523 2679 564 2719 ἐν
596 2677 772 2726 δικτύοις
799 2694 829 2718 S.

174 2736 215 2775 ἐν
255 2734 415 2788 ἄρκυσι,
466 2743 506 2772 ut
555 2738 606 2772 ait
641 2735 827 2774 Valcken-

175 2806 396 2844 comparans
445 2792 616 2843 Euripid,
656 2791 829 2844 Iphigen‚

894 1435 1006 1486 ripid.
1028 1435 1132 1477 Med.
1155 1440 1250 1479 982.
1274 1460 1326 1465 -
1365 1439 1442 1475 Pro
1466 1452 1558 1478 του-

893 1491 992 1532 τέων
1030 1494 1084 1530 bis
1106 1495 1260 1545 reposui
1280 1489 1448 1533 τούτων.

948 1546 1201 1600 ἐπετετάχατο
1215 1550 1254 1597 ἐς
1264 1548 1357 1597 τούς
1379 1549 1558 1602 Πέρσας]

891 1607 949 1642 De
962 1605 1032 1643 hac
1052 1608 1246 1644 locutione
1267 1608 1368 1644 conf.
1390 1614 1486 1644 nott.
1509 1606 1558 1644 ad

895 1664 974 1710 vll,
992 1666 1037 1703 21
1068 1671 1104 1700 et
1125 1663 1172 1700 de
1187 1664 1312 1701 forma
1331 1665 1557 1716 plusquam-

893 1720 1052 1769 perfecti
1081 1717 1335 1772 ἐπετετάχατο
1365 1722 1477 1757 allata
1507 1719 1555 1756 ad

892 1777 972 1824 VII,
1004 1779 1072 1817 63.
1131 1778 1215 1822 Quo
1266 1776 1404 1814 eodem
1437 1777 1556 1827 perti-

891 1840 984 1870 nent
1004 1834 1043 1868 in
1066 1845 1149 1884 cap.
1170 1847 1250 1886 seq.
1282 1830 1493 1884 ἐσεσάχατο
1518 1840 1554 1869 et

890 1884 1143 1929 ἐσκευάδατο.

1060 1980 1153 2030 Cap.
1175 1980 1392 2016 Lxxxvl.

950 2058 1113 2108 Μῆδοι]
1138 2059 1196 2094 De
1207 2056 1395 2096 Medorum
1412 2065 1448 2095 et
1467 2059 1552 2096 Cis-

889 2118 1240 2152 siarum-armatura
1260 2115 1338 2153 vid.
1363 2117 1444 2163 VII,
1477 2118 1551 2160 623

888 2171 936 2209 de
965 2172 1066 2209 Indis
1094 2173 1174 2219 VH,
1197 2171 1271 2220 653
1317 2171 1364 2209 de
1393 2172 1555 2210 Bactriis

887 2230 967 2277 Vll,
1001 2228 1077 2275 643
1110 2228 1157 2265 de
1196 2229 1339 2279 Caspiis
1367 2230 1449 2277 VII,
1475 2231 1551 2275 673

886 2286 933 2324 de
960 2286 1130 2336 Libyibus
1150 2287 1231 2332 Vll,
1253 2288 1321 2326 71.

942 2339 1122 2393 ἤλαυνον
1143 2339 1185 2381 δὲ
1208 2340 1374 2392 κέλητας
1395 2340 1463 2380 καὶ
1478 2336 1553 2392 ἅρ-

886 2401 1006 2449 ματα]
1030 2399 1153 2446 ἵππος
1172 2397 1287 2449 κέλης
1310 2398 1448 2436 dicitur
1470 2400 1551 2434 Ho—

884 2469 990 2493 mero
1010 2457 1050 2492 in
1072 2455 1206 2506 Odyss.
1226 2456 1270 2503 V,
1284 2459 1377 2502 371,
1395 2456 1460 2491 ubi
1480 2467 1550 2490 an-

885 2520 990 2549 notat
1010 2511 1178 2550 Nitzsch.
1201 2525 1290 2563 pag.
1324 2512 1377 2553 57
1398 2513 1451 2548 sic
1477 2510 1550 2546 dici

886 2581 1030 2619 equum
1051 2569 1100 2605 ad
1121 2570 1328 2606 certamina
1349 2567 1548 2619 equestria,

886 2637 985 2675 qnae
996 2632 1194 2673 vocantur⁷
1209 2633 1342 2676 aptum
1354 2637 1424 2660 nec
1437 2624 1548 2672 plau-

885 2687 960 2718 stra
984 2680 1219 2729 trahentem3
1242 2683 1308 2733 qui
1337 2682 1439 2716 enim
1460 2690 1548 2714 cur-

886 2750 948 2775 rus
968 2737 1146 2787 trahunt,
1174 2740 1201 2774 ii
1220 2737 1458 2788 peculiariter
1478 2746 1549 2771 vo-

888 2801 1022 2832 cantur
1049 2794 1188 2842 ἵπποις
1220 2788 1547 2845 quemadmodum

1563 1031 1615 1059 cti.

895 1096 1014 1133 Taur.
1053 1100 1105 1137 77
1141 1104 1177 1133 et
1211 1094 1392 1147 Aeschyl.
1433 1094 1563 1134 Choe-

894 1151 1005 1203 phor.
1038 1155 1160 1193 1000.
1193 1154 1256 1191 Ad
1287 1155 1450 1191 alterum
1481 1155 1562 1190 Ae-

893 1207 1018 1260 schyli
1068 1210 1198 1247 locum
1244 1212 1285 1248 in
1327 1211 1560 1260 Agamemn.

893 1266 1034 1304 Blomf.
1066 1268 1190 1304 attulit
1208 1268 1308 1305 Plat.
1331 1265 1498 1317 Sophist.
1519 1281 1558 1318 p.

894 1326 976 1363 220
1004 1324 1050 1363 Β.
1080 1336 1108 1360 s.
1140 1337 1229 1374 pag.
1253 1322 1335 1365 284
1356 1323 1556 1364 Heindorf.

895 1380 980 1427 (ubi
1000 1386 1079 1415 rete
1108 1381 1340 1430 piscatorum
1372 1381 1444 1431 est)
1474 1382 1558 1417 Eu-
