1897 3340
407 268 493 309 53ss
807 268 1275 308 HERODOTI

1856 314 1859 362 i

1856 442 1860 484 1

1856 511 1861 700 ἲ

1856 702 1861 780 ἱ,

1858 786 1861 807 1

277 379 346 426 59
403 393 502 421 κετο
528 376 573 428 ἐς
603 378 838 431 Δορίσκον.
893 375 942 422 Ὁ
972 378 1019 422 δὲ
1048 379 1271 434 Δορίσκος
1314 379 1403 422 ἔστι
1431 383 1508 435 τῆς
1539 381 1675 436 Θρηΐ-

75 444 317 517 οδιζὶζζῇἒῗίξῖῐίἵὶιὲ
408 462 485 502 κης
533 443 729 501 αἰγιαλός
768 461 812 489 τε
849 447 923 489 καὶ
960 447 1111 490 πεδίον
1148 447 1282 504 μέγα·
1334 447 1408 491 διεέ
1453 448 1499 492 δὲ
1536 447 1676 492 αὐτοῦ
1687 453 1731 488 65

148 515 155 520 .
237 514 243 520 .
345 513 354 521 .
425 513 461 528 ,,
702 513 711 526 ,
807 513 816 526 ,
914 513 935 528 η
1153 514 1164 528 ‚
1275 518 1293 527 -
1371 520 1388 528 -
1424 514 1436 530 ,
1618 517 1624 529 ,

75 514 355 576 flgffggffigggmtgbg
413 529 503 568 ρεει
543 529 738 568 ποταμος
767 529 898 569 μεγας
929 517 1089 571 Εβρος.
1146 530 1194 558 εν
1231 532 1291 572 τῳ
1322 531 1459 571 τειχος
1487 531 1531 559 τε
1561 516 1679 559 ἐδεδ-
1735 516 1815 558 538

76 583 349 645 ggffiiflfjffiqsseffl·
394 597 515 645 ,μητο
561 580 814 638 βασιλήϊον,
859 585 991 626 τοῦτο
1025 584 1074 625 τὸ
1114 582 1167 639 δή
1201 585 1421 637 Δορίσκος
1459 583 1675 640 κέκληται,

410 650 484 693 καὶ
515 648 721 703 Περσέων
751 649 929 706 φρουρὴ
959 650 1007 693 ἐν
1037 648 1157 708 αὐτῷ
1187 651 1439 708 κατεστήκεε
1469 649 1558 695 ὑπὸ
1589 657 1679 694 Aa·

413 719 535 770 ρείου
563 716 604 767 ἐξ
636 716 805 760 ἐκείνου
834 721 914 760 τοῦ
943 716 1108 773 χρόνου
1137 718 1229 762 ἐπεί
1256 735 1300 763 τε
1331 719 1399 763 ἐπὶ
1428 717 1613 769 Σκύθας
1641 720 1678 763 ἐ·

391 782 691 838 Ξστρατεύετο.
769 784 889 837 ἔδοξε
937 781 1001 829 ὦν
1039 788 1100 842 τῷ
1137 786 1276 844 Ξέρξῃ
1315 787 1339 830 ὁ
1379 791 1520 843 χῶρος
1568 784 1736 847 εἷναιῖο

411 852 633 909 ἐπιτήδεος
662 852 910 906 ἐνδιατάξαι
938 870 983 898 τε
1011 856 1085 898 καὶ
1124 855 1416 910 ἐναριθμῆσαι
1442 856 1521 898 τὸν
1554 867 1680 910 στρα-

381 919 515 965 3τόν·
545 921 618 965 καὶ
639 920 779 965 ἐποίεε
806 925 958 965 ταῦτα.
1015 923 1093 974 τὰς
1123 922 1202 979 μὲν
1231 920 1286 978 δὴ
1315 923 1416 973 νέας
1443 921 1521 973 τὰς
1541 922 1683 971 πάσας

416 987 683 1045 ἀπικομένας
714 989 756 1040 ἐς
784 991 1030 1044 Δορίσκον,
1062 992 1106 1034 οἱ
1134 989 1373 1045 ναύαρχοι,
1400 990 1685 1042 κελεύσαντος

415 1057 606 1112 Ξέρξεω,
662 1057 706 1106 ἐς
740 1055 819 1100 τόν
864 1058 1062 1113 αἰγιαλὸν
1105 1057 1184 1100 τὸν
1222 1057 1436 1112 προσεχέα
1477 1060 1682 1114 Δορίσκῳ

415 1125 646 1181 ἐκόμισαν·
689 1124 737 1168 ἐν
765 1128 827 1182 τῷ
856 1123 980 1182 Σάλη
1009 1142 1052 1169 τε
1091 1125 1402 1182 Σαμοθρηϊκίη
1431 1125 1684 1170 πεπόλισται
1696 1132 1740 1167 75
1859 1134 1863 1183 j

571 1336 675 1387 Cap.
699 1336 802 1374 LIX.

418 1413 462 1453 ἐν
481 1415 535 1469 τῷ
553 1412 678 1466 τεῖχός
697 1429 738 1455 τε
753 1412 940 1466 ἐδέδμητο
949 1414 1024 1467 βα·

364 1467 550 1521 σιλήΐον]
586 1475 714 1522 τεῖχος
734 1472 936 1519 castellum,
959 1486 1024 1509 ar-

362 1540 433 1564 cem
451 1526 605 1578 indicat,
627 1535 669 1565 ut
687 1529 750 1576 IV,
775 1531 838 1570 12.
852 1527 919 1569 46-
932 1528 1025 1569 124-

363 1584 444 1631 VII,
470 1586 557 1624 108.
615 1586 699 1621 Hoc
718 1598 808 1622 vero
831 1586 1027 1622 castellum

362 1640 479 1676 Plinii
511 1652 554 1677 ac
582 1641 787 1691 Pomponii
815 1642 939 1677 Melae
961 1655 1027 1678 ae-

364 1703 441 1733 tate
481 1695 606 1733 adhuc
652 1699 834 1735 exstitisse
864 1696 1028 1736 videtur.

365 1751 450 1791 Vid.
473 1753 574 1790 Plin.
596 1755 645 1790 H.
665 1755 714 1791 N.
740 1754 803 1802 IV,
829 1756 875 1794 11
901 1755 938 1800 ξ.
959 1754 1029 1795 43.

363 1809 454 1846 Mel.
475 1810 522 1858 11,
536 1811 659 1856 2§.8.
680 1812 737 1846 De
749 1810 865 1848 Hebro
886 1810 966 1848 dixi
981 1810 1029 1848 ad

363 1866 428 1913 IV,
441 1868 508 1907 90.
538 1865 601 1903 Ad
621 1867 785 1904 formam
805 1868 1031 1919 plusquam-

365 1923 522 1973 perfecti
539 1921 726 1974 ἐδέδμητο
738 1924 840 1961 conf.
854 1925 934 1972 vll,
952 1927 1030 1966 176

367 1980 455 2017 coll.
485 1981 578 2020 200.
609 1979 774 2019 Fischer.
799 1980 846 2017 ad
868 1982 1031 2022 weller.

368 2036 435 2083 ΙΙΙ,
457 2048 490 2072 a.
513 2049 602 2087 pag.
623 2039 690 2077 73.

426 2088 632 2142 ἐπιτήδεος
653 2089 876 2141 ἐνδιατάξαι
901 2108 940 2133 τε
964 2092 1033 2133 καὶ

371 2147 659 2201 ἐναριθμῆσαι]
675 2150 800 2200 Vulgo
811 2149 1033 2201 ἐξαριθμῆ-

371 2215 437 2243 σαι
467 2218 487 2240 e
516 2218 595 2256 seq.
638 2219 722 2257 cap.
750 2205 855 2243 haud
885 2208 962 2243 scio
983 2219 1032 2243 au

370 2259 447 2297 huc
478 2268 655 2302 tractum,
712 2262 904 2313 EquIdem
943 2275 1033 2299 cum

373 2315 579 2354 Schaefero
600 2325 635 2354 et
655 2318 837 2354 Matthiae
850 2331 870 2354 e
886 2317 1033 2355 duobus

372 2371 485 2410 codd.
496 2374 620 2423 recepi
633 2372 914 2424 ἐναριθμῆσαι,
928 2374 1034 2425 quod

369 2429 449 2465 iam
468 2429 724 2480 VVesselingio
745 2432 883 2477 arrisit,
915 2444 1035 2482 quum

373 2486 413 2522 iu
437 2486 646 2522 actionibus
663 2492 764 2523 certo
781 2488 819 2523 in
842 2487 924 2524 loco
946 2501 1035 2538 per-

374 2540 530 2592 agendis
549 2543 665 2579 verba
694 2555 784 2580 cum
812 2542 854 2582 ἐν
875 2556 1036 2595 compo-

374 2599 444 2636 sita
470 2599 561 2649 poni
590 2600 756 2636 soleant:
798 2598 844 2636 de
866 2612 942 2652 qno
964 2613 1035 2638 usn

374 2653 453 2692 vid.
475 2655 585 2691 allata
601 2654 650 2691 ad
671 2656 715 2702 V,
737 2658 805 2696 23.
843 2656 1037 2694 ludicatur

378 2718 506 2748 autem
527 2709 587 2747 hic
609 2711 712 2748 locus
732 2712 889 2760 idonens,
917 2715 1036 2763 inquo

378 2769 570 2804 exercitum
598 2766 775 2818 disponere
802 2781 845 2805 ac
868 2782 1038 2806 recensere

380 2823 546 2861 commode
555 2827 678 2875 possis.
710 2824 792 2870 Qua
812 2826 851 2861 in
873 2839 911 2861 re
923 2826 1038 2862 verba

381 2875 571 2932 α’ριθμεῖν
592 2887 629 2917 et
650 2877 876 2920 διατάσσειν
901 2881 1038 2918 eodem

1080 1334 1198 1374 modo
1226 1336 1356 1373 iuncta
1394 1336 1634 1386 reperiuntur
1660 1335 1742 1382 vn,

1083 1395 1102 1432 1
1109 1395 1176 1434 00.

1137 1459 1202 1500 καὶ
1227 1458 1355 1500 ἐποίεε
1368 1460 1509 1509 ταῦτα]
1530 1460 1617 1496 1)υο
1629 1457 1744 1497 codd.

1081 1513 1197 1566 τᾶδε;
1218 1517 1345 1564 male,
1377 1517 1407 1553 si
1435 1515 1592 1569 quidem
1621 1517 1746 1555 ταῦτα

1084 1572 1133 1610 ad
1166 1572 1441 1621 antecedentia,
1482 1569 1577 1612 τάδε
1607 1571 1655 1610 ad
1683 1585 1747 1610 se-

1086 1631 1241 1682 quentia
1278 1636 1447 1680 spectare
1477 1630 1564 1668 satis
1595 1635 1651 1666 est
1673 1641 1748 1666 no-

1083 1693 1181 1726 tum.
1202 1706 1259 1715 -—
1287 1688 1332 1722 In
1370 1699 1476 1738 seqq.
1513 1697 1582 1736 pro
1611 1681 1750 1735 ἐκόμι-

1087 1754 1161 1782 σαν
1200 1742 1276 1780 duo
1317 1741 1443 1793 [codd.
1493 1741 1749 1791 εἰ,·ομι’σαντο;

1087 1812 1186 1851 quae
1226 1798 1361 1836 eadem
1395 1798 1566 1836 lectionis
1590 1799 1749 1835 varietas

1088 1857 1133 1905 V,
1156 1858 1222 1904 83,
1243 1856 1310 1892 ubi
1339 1853 1418 1892 vid.

1144 1920 1257 1974 Σάλη
1278 1937 1318 1962 τε
1339 1921 1646 1975 Σαμοθρηῖκίη]
1678 1921 1753 1960 Sa·

1089 1980 1298 2030 ηιοΐίιταεία,
1321 1982 1469 2031 ορίιιοτ,
1491 1979 1629 2017 dicitur
1650 1978 1751 2027 Sale,

1091 2036 1197 2089 quod
1225 2035 1524 2074 Samothracum
1551 2034 1623 2072 fuit
1643 2036 1752 2073 colo-

1089 2095 1154 2130 n1a
1173 2095 1214 2130 in
1246 2100 1346 2130 terra
1376 2093 1585 2130 continenti
1621 2090 1752 2129 Thra-

1089 2150 1170 2187 ciae
1191 2148 1239 2186 ad
1260 2162 1367 2186 oram
1388 2148 1554 2186 condita.
1584 2149 1641 2185 De
1662 2161 1753 2185 ver-

1089 2207 1139 2243 bo
1167 2205 1341 2252 πολίζειν
1373 2204 1452 2243 vid.
1481 2206 1593 2242 citata
1628 2203 1677 2242 ad
1705 2205 1751 2253 V,

1094 2263 1159 2302 13.
1221 2260 1283 2298 Ad
1325 2274 1387 2309 ea,
1439 2274 1536 2313 qnae
1573 2260 1753 2313 deinceps

1092 2316 1194 2368 apud
1205 2317 1649 2369 Herodotum'leguntur,
1664 2331 1755 2369 per-

1090 2375 1185 2411 tinet
1222 2375 1346 2411 Melae
1376 2375 1482 2412 locus
1511 2376 1558 2422 11,
1588 2378 1614 2415 2
1645 2375 1683 2420 ς.
1704 2375 1752 2415 8:

1092 2429 1257 2479 „deinde
1266 2432 1570 2482 promontorium
1583 2430 1755 2480 Serrium,

1092 2494 1129 2524 et
1149 2500 1226 2538 quo
1243 2494 1444 2525 canentem
1457 2487 1607 2538 Orphea
1627 2494 1756 2525 secuta

1092 2551 1293 2581 narrantur
1307 2557 1479 2592 nemora,
1500 2545 1649 2582 Zone.“
1697 2544 1756 2581 Ac

1092 2607 1242 2651 praeter
1255 2601 1425 2638 Plinium
1441 2602 1467 2640 l.
1480 2601 1506 2638 Ι.
1527 2602 1590 2637 alii
1601 2613 1756 2652 quoque

1092 2664 1235 2694 norunt
1256 2657 1434 2703 Serrium,
1468 2669 1490 2693 a
1509 2656 1755 2694 Tzschuckio

1094 2714 1264 2751 excitati.
1303 2712 1352 2750 ad
1396 2714 1520 2750 Melae
1573 2714 1599 2750 l.
1642 2714 1664 2749 Ι.
1716 2714 1758 2749 in

1094 2777 1189 2807 nott.
1202 2771 1348 2821 ‘exegg.
1370 2781 1457 2821 pag.
1483 2772 1572 2810 130.
1621 2771 1758 2807 Postea
1824 2764 1826 2766 ’
1860 2759 1863 2773 ’

1095 2827 1291 2864 castellum
1310 2827 1363 2864 ibi
1383 2832 1617 2863 exstructum
1643 2826 1758 2862 fuisso

1094 2889 1251 2920 testatur
1263 2884 1393 2921 Livius
1411 2883 1558 2930 XXXI,
1583 2883 1650 2922 16.
1675 2882 1758 2919 Ho-
