1980 3340
569 683 896 743 HPOAO
915 682 1102 738 ΤΟΥ

423 820 819 868 ΙΣΤΟΡΙΩΝ
883 818 1245 865 ΠΕΜΠΤΗ.

612 998 1053 1042 ΤΕΡΨΙΧΟΡΗ.

112 1125 140 1168 1
199 1117 276 1168 OI
301 1121 348 1165 δὲ
374 1121 423 1165 ἐν
449 1125 505 1179 τῇ
531 1119 730 1179 Εὐρώπῃ
761 1125 853 1165 τῶν
874 1119 1084 1174 Περσέων
1110 1119 1472 1175 καταλειφθέντες
1530 1125 1612 1163 872

197 1190 285 1234 ὑπὸ
305 1190 520 1244 Δαρείου,
549 1193 638 1233 τῶν
667 1189 690 1234 ὁ
711 1189 976 1245 Μεγάβαζος
994 1183 1119 1246 ἦρχε,
1150 1186 1356 1242 πρώτους
1381 1187 1460 1241 μὲν

198 1259 466 1313 Περινθίους
503 1256 872 1315 Ἑλλησποντίων,
914 1256 969 1300 οὐ
1011 1255 1311 1313 βουλομένους
1350 1254 1490 1311 ὑπη-5

197 1323 330 1376 κόους
360 1322 472 1368 εἶναι
499 1328 716 1378 Δαρείου,
747 1325 1118 1379 κατεστρέψαντο,
1148 1323 1465 1379 περιεφθέντας

168 1392 415 1447 Ξπρότερον
455 1393 529 1436 καὶ
566 1392 654 1437 ὑπὸ
687 1391 897 1436 Παιόνων
936 1390 1135 1448 τρηχέως.
1422 1385 1439 1391 ”

198 1459 284 1503 ἀπὸ
304 1459 564 1517 Στρυμόνος
587 1463 800 1513 Παίονες,
829 1459 1073 1515 χρήσαντος
1102 1462 1184 1502 τοῦ
1203 1461 1312 1501 θεοῦ
1344 1469 1470 1513 στρα-

194 1527 399 1570 τεύεσθαι
436 1527 505 1571 ἐπὶ
545 1528 834 1582 Περινθίους,
877 1526 952 1570 καὶ
988 1525 1044 1582 ἢν
1086 1525 1166 1581 μὲν
1196 1524 1463 1579 ἀντικατιζό-

395 1702 488 1753 Cap.
511 1703 538 1738 1.

195 1754 381 1811 πρώτους
401 1756 473 1809 μὲν
493 1758 745 1809 Περινθίους
766 1773 803 1797 κ.

140 1831 173 1856 τ.
187 1816 238 1864 L]
271 1817 329 1852 De
342 1815 511 1854 Perintho
530 1815 625 1852 urbe
637 1815 805 1852 diximus

141 1871 191 1910 ad
209 1873 273 1919 IV,
296 1875 363 1913 90.
392 1871 455 1909 Ad
473 1873 602 1920 verba,
624 1885 723 1924 quae
743 1885 806 1909 se-

142 1937 334 1982 quuntur:
365 1928 804 1981 περιεφθέντας-τρη-

144 1985 242 2037 χέως
264 1988 307 2035 (i.
330 2000 363 2024 e.
384 1987 475 2024 male
491 1987 681 2035 tractatos)
704 1986 806 2022 conf.

141 2044 283 2080 similes
303 2044 429 2080 Nostri
448 2044 551 2080 locos
571 2044 600 2090 I,
621 2045 689 2083 73.
713 2041 806 2082 114.

143 2101 191 2147 Π,
214 2099 281 2140 64.
302 2101 347 2147 V,
370 2102 437 2142 81.
455 2101 519 2147 VI,
540 2100 604 2141 15.
625 2097 692 2138 44.
722 2100 805 2147 VH,

148 2159 240 2197 181.
262 2159 359 2197 211.
402 2156 579 2204 Paeones,
601 2155 648 2193 de
670 2157 807 2208 quibus

147 2213 281 2250 Noster
313 2213 358 2261 V,
393 2212 443 2253 15
473 2227 580 2266 seqq.
609 2214 690 2260 VII,
714 2211 806 2254 124.

151 2269 228 2310 185
241 2276 326 2317 etc„
349 2283 397 2306 ex
416 2271 506 2307 Asia
523 2271 663 2307 minori
682 2271 806 2320 prisco

150 2323 359 2363 admodum
379 2339 472 2363 aevo
494 2326 628 2375 delati,
651 2339 809 2363 omnem

150 2379 337 2419 Thraciae
357 2382 615 2420 meridionalis
643 2390 809 2420 tractum

154 2437 425 2477 occidentalem
443 2441 624 2477 tenebant
637 2470 646 2486 ,
669 2439 714 2477 εέι
735 2453 811 2492 qua

153 2495 364 2534 Herodotus
395 2504 433 2534 et
462 2496 716 2548 Thucydides
750 2498 811 2534 vi-

152 2562 244 2586 xere
282 2560 424 2601 aetate,
473 2553 522 2591 ad
562 2555 812 2605 Strymonem

153 2607 371 2660 Axiumque
408 2611 542 2648 fluvios
571 2612 812 2662 potissimum

153 2661 386 2713 habitantes3
415 2666 519 2704 unde
543 2669 666 2705 omnis
687 2669 813 2704 Paeo-

155 2720 220 2755 nia
248 2721 289 2756 in
318 2722 582 2774 Strymoniam
615 2731 652 2761 et
689 2725 813 2760 Axia-

153 2788 247 2812 nam
278 2776 394 2815 dividi
423 2782 573 2830 poterit.
633 2781 814 2833 Strymo-

154 2833 262 2868 niam
282 2841 381 2871 certe
395 2836 628 2886 incolebant,
660 2839 726 2890 qui
738 2836 812 2874 hoc

155 2888 241 2925 loco
273 2900 621 2931 commemorantur
650 2907 672 2931 a
700 2894 813 2946 Stry-

214 2946 435 2985 Hznonow.
454 2950 522 2986 111.

1200 1392 1255 1434 Οἱ
1287 1389 1372 1445 γάρ
1404 1392 1467 1433 ὠν

861 1713 990 1748 mone,
1013 1700 1080 1737 ubi
1099 1699 1207 1737 sedes
1219 1698 1423 1748 habebant,
1435 1714 1528 1752 pro-

861 1758 950 1795 fecti
971 1755 1020 1794 ad
1041 1755 1274 1795 Perinthios.
1306 1759 1418 1794 Nunc
1438 1756 1530 1796 huic

860 1815 977 1851 fluvio
999 1827 1146 1851 nomen
1168 1828 1246 1851 esse
1277 1814 1445 1862 stranea,
1476 1816 1529 1853 sic

861 1873 948 1909 satis
971 1878 1132 1909 constat.
1163 1872 1229 1909 Tu
1249 1870 1326 1908 vid.
1340 1873 1530 1910 Gatterer.

863 1929 1124 1966 commentat.
1165 1927 1213 1965 de
1251 1927 1421 1966 Thracia
1462 1928 1529 1977 (in

862 1986 1116 2023 vernaculum
1125 1997 1346 2022 sermonem
1356 1998 1529 2024 convers.

864 2043 910 2079 ab
933 2044 981 2079 H.
1014 2040 1324 2093 Schhchtegroll.
1356 2043 1530 2093 Gotting-

866 2099 1003 2147 1800)
1036 2112 1125 2150 pag.
1148 2101 1215 2139 73.
1238 2101 1291 2139 99
1327 2105 1364 2136 et
1391 2100 1528 2150 Poppo

864 2155 944 2205 (ad
963 2153 1205 2207 Thucydidis
1233 2156 1366 2192 locum
1394 2155 1442 2193 de
1471 2155 1530 2194 his

864 2213 1062 2250 classicum
1095 2215 1143 2261 11,
1177 2213 1285 2262 96.)
1338 2214 1458 2251 Tom.
1492 2215 1529 2250 11

863 2283 903 2321 p.
924 2272 1020 2310 376.

921 2324 990 2364 καὶ
1013 2321 1067 2374 ἢν
1090 2322 1163 2376 μὲν
1187 2321 1529 2375 ἅντικατιζόμενοι

866 2381 1175 2422 ἐπικαλέσωνταί
1186 2393 1310 2430 σφεας
1330 2382 1373 2422 οἵ
1382 2383 1533 2433 Περίν-

867 2439 982 2488 θιοι]
1021 2439 1301 2475 Particularum
1323 2436 1395 2490 μὲν
1422 2446 1460 2476 et
1489 2436 1533 2478 δὲ

868 2495 1010 2533 eadem
1030 2495 1092 2533 hic
1114 2497 1208 2532 ratio
1239 2502 1355 2547 atque
1374 2497 1440 2544 111,
1463 2498 1530 2544 36,

868 2553 935 2590 ubi
966 2552 1045 2590 vid.
1066 2559 1162 2590 nott.
1197 2553 1369 2589 Verbum
1397 2551 1531 2592 ἐπικα-

869 2611 1028 2649 λεῖσθαι
1057 2608 1120 2646 hic
1151 2607 1302 2646 videtur
1331 2622 1410 2646 esse
1438 2610 1534 2647 invi-

869 2670 948 2703 tare
971 2666 1021 2703 ad
1037 2679 1212 2717 pvgnam,
1230 2678 1442 2716 provocare,
1461 2678 1534 2702 nec

869 2723 1041 2760 multum
1056 2722 1208 2760 differre
1223 2721 1374 2760 videtur
1385 2735 1406 2759 a
1420 2722 1534 2759 verbo

869 2778 1138 2830 ἔπιβοοῖσθαι,
1171 2791 1248 2831 quo
1275 2792 1370 2816 mox
1398 2780 1534 2815 Noster

868 2837 988 2873 utitur
1009 2835 1146 2873 eadem
1173 2836 1400 2873 maamandi
1429 2832 1533 2880 (ho-

870 2900 943 2931 stes
974 2905 1027 2930 sc.
1059 2892 1107 2930 ad
1127 2894 1309 2943 pugnam'
1341 2889 1534 2941 significa-

1231 2950 1252 2987 1

1517 1184 1706 1220 Megabazus
1717 1193 1735 1212 a
1744 1185 1801 1212 Da-

1519 1219 1567 1246 rio
1586 1224 1655 1254 post
1680 1220 1802 1254 expedi-

1524 1252 1638 1280 tionem
1666 1253 1785 1293 Ξογῑῂί-

1525 1295 1590 1314 cam
1606 1295 1672 1314 cum
1691 1288 1786 1323 copiis

1524 1320 1555 1347 in
1582 1321 1708 1356 Europa
1733 1321 1803 1348 reli—

1523 1358 1589 1382 ctus
1609 1355 1648 1388 [4‚
1672 1355 1752 1390 143.]‚
1773 1359 1805 1382 ut

1524 1388 1691 1416 Thraciam
1710 1389 1740 1415 in
1761 1388 1804 1416 di-

1524 1421 1638 1449 tionem
1663 1423 1747 1457 regis

1527 1455 1687 1496 redigeret
1707 1455 1803 1491 [c.2.]‚

1550 1499 1657 1517 nmum
1675 1490 1781 1518 Perin-

1520 1527 1534 1550 t
1557 1524 1604 1551 ios
1623 1524 1753 1559 subigit:

1521 1566 1598 1594 quos
1607 1562 1699 1587 antea
1707 1559 1805 1587 Paeo-
