1897 3340
460 182 934 219 POLYMNlA.
994 182 1094 218 VII.

1322 190 1403 227 (567

147 290 270 345 „neci
301 291 379 346 μὲν
410 291 636 336 σπονδέων
665 290 857 335 ἀνοίσειν
880 289 920 340 ἐς
939 288 1043 341 τοὺς
1065 292 1275 339 πλεῦνας·
1307 296 1406 347 περὶ

146 359 220 411 ,,δὲ
249 357 480 416 ἡγεμονίης
504 358 676 404 αὐτοῖσι
694 357 948 403 ἐντετάλθαι
973 356 1313 412 ὑποκρίνασθαι,
1335 360 1408 402 καὶ
1419 369 1463 402 50

147 424 227 482 „627
266 426 431 482 λέγειν,
470 429 548 484 σφὶ
577 427 654 482 μὲν
702 425 813 470 εἶναι
835 424 916 469 δύο
939 424 1152 481 βασιλέας,
1182 422 1410 480 Ἀργείοισι

146 495 220 546 ,,δὲ
251 494 353 538 ἕνα·
388 494 535 539 οὔκων
564 495 754 539 δυνατὸν
775 491 886 538 εἶναι
909 496 998 535 τῶν
1027 491 1073 535 ἐκ
1097 490 1306 547 Σπάρτης
1336 492 1410 536 οὐ-

119 563 358 617 3,,δε’τερον
387 567 552 606 παῦσαι
590 566 665 619 τῆς
693 562 938 618 ἡγεμονίης.

997 560 1101 616 μετὰ
1132 561 1178 604 δὲ
1208 558 1290 603 δύο
1320 563 1409 603 τῶν

147 630 398 686 ,,σφετε’ρων
439 628 678 687 ὁμόψηφον
707 631 786 675 τὸν
820 629 1015 686 Ἀργεῖον
1055 625 1188 681 εἶναι,
1226 625 1410 671 κωλύειν

117 697 349 750 4’,,οὐδέν.“

145 869 325 914 οἶνοίσειν
360 873 399 920 ἐς
431 870 526 919 τούς
551 874 745 922 πλεῦνας]

89 930 114 969 i.
153 944 187 971 e,
226 930 360 982 referre
393 930 443 967 ad
483 930 746 980 Spartanorum

89 989 283 1024 concionem
302 1001 331 1026 s,
354 983 485 1033 ἁλίαν,
503 1000 619 1037 penes
632 1000 749 1040 quam

90 1050 169 1080 erat
190 1042 238 1081 de
256 1056 351 1094 pace
372 1044 567 1095 belloque,
611 1043 659 1081 de
687 1045 750 1080 in-

90 1099 211 1138 duciis
253 1099 547 1152 foederibusque
595 1102 675 1139 aliis
710 1099 751 1137 id

88 1170 209 1207 genus
229 1156 405 1195 ineundis
426 1156 641 1197 decernere.
691 1157 749 1196 Cs-

90 1214 132 1251 C.
155 1214 200 1251 O.
221 1215 372 1252 Miiller.
392 1216 485 1252 Dor.
505 1216 541 1251 II
552 1228 590 1265 p.
605 1217 670 1257 88.
692 1216 750 1251 De

88 1271 206 1308 verbo
246 1266 426 1310 οἷνοίσειν
458 1272 558 1310 conf.
594 1273 624 1321 Ι,
657 1271 750 1313 157.

88 1328 155 1375 ΙΙΙ,
177 1329 245 1368 71.
265 1348 322 1357 -
346 1329 422 1365 Pro
438 1328 633 1381 βασιλῆας
662 1327 750 1366 dedi

88 1381 286 1436 βασιλέας.

146 1437 282 1481 οὔκων
316 1437 488 1482 δυνατόν
510 1437 637 1491 εἶναι]
668 1441 693 1480 i.
715 1455 750 1482 e.

79 1498 167 1549 fieri
183 1500 299 1547 igitur
327 1512 395 1536 non
412 1511 534 1549 posse,
564 1501 606 1535 ut
637 1498 752 1535 alter-

89 1557 208 1592 utrum
233 1567 348 1604 regem
379 1557 523 1605 imperio
553 1557 750 1606 priva-rent.

87 1612 247 1648 Miratur
265 1611 339 1649 hoc
361 1611 612 1649 Valckenaer.
630 1613 677 1649 ob
699 1613 751 1649 le-

89 1681 180 1718 gem
217 1669 262 1717 V,
302 1668 356 1709 75
395 1676 750 1718 commemoratam,

91 1724 167 1776 quit
207 1738 257 1762 ex
284 1724 431 1762 duobus
475 1727 753 1776 Spartanorum

91 1781 243 1831 regibus
262 1794 362 1818 unus
387 1788 538 1818 tantum
558 1781 632 1820 hoc
652 1790 753 1820 tem·-

91 1850 184 1888 pore
214 1836 369 1875 duceret
394 1840 625 1888 exercitum,
661 1840 753 1876 alter

94 1893 200 1931 domi
219 1901 415 1943 maneret3
434 1896 507 1932 nisi
527 1896 684 1933 omnino
702 1896 753 1934 ita

92 1952 322 2002 praetexisse
342 1951 502 2002 putandi
531 1953 605 1989 sint
629 1952 752 2003 Spar-

93 2008 185 2056 tani,
206 2021 283 2060 quo
304 2009 441 2045 melius
461 2022 658 2045 summum
678 2010 755 2045 im-

94 2065 244 2115 perium
258 2066 298 2101 in
310 2066 430 2102 socios
451 2066 521 2102 sibi
532 2075 767 2104 concessum‘

95 2122 459 2172 contraArgivorum
470 2124 658 2173 postulata
668 2129 756 2160 tue-

96 2184 242 2214 rentur.
265 2177 376 2214 Idem
389 2179 550 2216 miratur
569 2178 755 2217 Valcken.

97 2245 197 2286 quae
228 2231 290 2270 hic
329 2233 376 2270 de
411 2236 644 2286 Argivorum
675 2249 756 2286 rege

97 2288 310 2336 traduntur,
332 2290 438 2327 cuius
457 2294 523 2328 vix
533 2293 609 2329 ulla
618 2299 757 2343 potue-

98 2348 147 2384 rit
177 2360 256 2384 esse
282 2344 357 2382 hoc
387 2353 558 2396 tempore
590 2350 757 2386 auctori—

99 2410 155 2440 tas
174 2403 214 2439 in
229 2409 344 2454 gente
363 2403 542 2439 libertatis
563 2410 599 2440 et
614 2417 758 2456 aequa-

100 2460 212 2497 litatis
246 2457 260 2509 (
274 2466 316 2496 ut
342 2465 498 2496 testatur
523 2460 688 2497 Pausan.
708 2462 757 2507 ΙΙ,

103 2517 154 2556 19
178 2517 215 2562 ξ.
237 2515 283 2566 2)
314 2515 595 2552 studiosissima.
626 2517 760 2553 Narrat

101 2572 284 2609 nimirum
312 2573 540 2619 Pausanias,
584 2572 759 2622 Argivos,

103 2640 179 2680 quo
217 2629 358 2665 fuerint
388 2629 567 2665 libertatis
597 2635 634 2664 ot
671 2629 762 2666 iuris

103 2686 309 2737 aequabilis
344 2684 467 2722 studio
502 2685 658 2731 incensi,
700 2698 762 2721 re-

104 2740 208 2790 giam
238 2748 464 2792 potestatem
493 2754 538 2778 eo
558 2753 678 2792 usque
702 2741 762 2777 di-

105 2797 307 2846 minuisse,
347 2805 388 2836 ut
418 2798 472 2835 nil
501 2798 579 2834 sere
599 2797 669 2835 nisi
690 2810 763 2835 no-

413 697 538 742 Οὕτω
566 697 618 755 δὴ
642 701 685 742 οἵ
709 697 892 755 Ἀργεῖοί
907 707 1018 754 φασι
1039 695 1120 740 οὐκ
1145 694 1409 751 ἀνασχέσθαι
1421 703 1466 737 55

802 883 894 908 men
927 871 974 907 sit
1007 871 1196 907 relictum.
1254 871 1314 908 Ab
1343 871 1467 907 Hera-

803 927 909 965 clidis
932 928 1036 963 enim
1063 928 1375 978 Peloponnesum
1404 929 1467 964 in-

804 984 937 1036 gressis
957 983 1156 1021 conditum
1175 984 1271 1035 Argi
1290 997 1466 1035 regnum,

805 1042 946 1079 sensim
983 1042 1201 1094 sensimque
1247 1048 1467 1093 temporum

808 1097 991 1148 decursu,
1021 1105 1064 1136 ut
1083 1098 1136 1147 fit,
1159 1097 1378 1135 diminitum
1398 1111 1471 1135 au*-

808 1156 980 1193 ctoritate
1000 1168 1068 1192 sua
1084 1185 1094 1204 ‚
1115 1169 1318 1208 nunquam
1337 1163 1467 1193 tamen

806 1226 958 1264 prorsus
984 1214 1211 1264 abrogatum
1230 1213 1313 1263 fuit,
1352 1213 1469 1264 Argi-

806 1271 862 1308 vis
901 1270 1087 1320 religione
1126 1268 1294 1322 quadam
1333 1270 1470 1307 obstri-

808 1327 894 1375 ctis,
931 1339 1030 1379 quae
1049 1326 1262 1365 istiusmodi
1291 1328 1471 1364 institutis

808 1397 829 1420 e
877 1384 1000 1435 prisco
1047 1391 1220 1435 tempore
1276 1382 1468 1421 adhaesit:

807 1453 1046 1494 quamquam
1076 1443 1224 1478 nullam
1255 1441 1335 1478 fere
1374 1441 1471 1492 regii

806 1500 976 1536 muneris
1015 1500 1280 1536 auctoritatem
1303 1505 1339 1535 et
1358 1505 1472 1549 pote-

808 1562 943 1593 statem
971 1556 1084 1593 fuisse
1103 1556 1145 1592 in
1179 1556 1290 1592 rebus
1310 1556 1471 1607 publicis

810 1611 985 1649 curandis
1015 1613 1212 1663 probabile
1246 1619 1313 1650 est.
1370 1613 1470 1649 Hinc

808 1669 1102 1707 Damocratz'dam
1115 1700 1125 1717 ,
1154 1670 1387 1720 Argivorum
1407 1682 1470 1705 re-

808 1739 926 1777 gem,
966 1727 1056 1763 belli
1076 1727 1276 1763 Messenici
1313 1724 1471 1763 secundi

808 1790 1008 1834 tempore,
1048 1789 1238 1819 memorat
1266 1782 1471 1819 Pausanias

809 1840 872 1887 IV,
904 1838 969 1887 35,
996 1843 1044 1887 23
1101 1846 1281 1891 recteque
1303 1838 1351 1876 ad
1370 1837 1471 1876 hanc

808 1896 1073 1946 legitimorum
1091 1909 1229 1946 regum
1248 1897 1404 1947 stirpem
1428 1896 1471 1935 C.

811 1953 854 1991 Ο,
875 1953 1024 1990 Miiller.
1054 1953 1248 2003 Aeginett.
1278 1967 1315 2003 p.
1339 1953 1392 1993 52
1412 1966 1472 1989 re-

809 2010 883 2046 fert
904 2008 1106 2057 Plzz’clonem,
1137 2012 1288 2060 tyranni
1312 2010 1472 2046 nomine
1522 2057 1526 2061 .

812 2073 990 2103 ornatum
1010 2065 1111 2117 apud
1126 2065 1268 2105 Herod.
1280 2067 1343 2114 vl,
1369 2069 1470 2107 127:

811 2121 914 2160 unde
943 2130 1074 2160 tamen
1104 2124 1264 2160 minime
1285 2123 1473 2160 coniicere

813 2180 921 2228 licet,
967 2193 1056 2216 eum
1086 2180 1127 2217 in
1164 2181 1284 2217 libera
1323 2180 1473 2217 civitate

813 2249 1010 2274 summum
1030 2237 1101 2273 sibi
1127 2237 1326 2288 arripuisse
1346 2238 1473 2288 impe-

813 2293 927 2333 rium.
994 2295 1171 2345 Namque
1191 2289 1390 2345 τύραννος
1420 2294 1474 2331 ibi

813 2349 918 2387 idem
947 2350 1068 2387 ferme
1095 2351 1195 2388 valet
1224 2358 1338 2402 atque
1359 2352 1474 2402 βασι-

814 2402 918 2452 λεύς.
977 2406 1040 2444 Ad
1067 2419 1204 2445 vocem
1225 2404 1299 2447 δύο
1320 2407 1369 2445 cf.
1390 2408 1471 2456 Vll,

876 2514 991 2557 Οὕτω
1022 2515 1072 2569 δή
1095 2518 1136 2558 οἱ
1173 2515 1349 2572 Ἀργεῖοί
1374 2529 1472 2569 φασι

816 2588 855 2611 κ.
875 2575 972 2623 τ.λ.]
1002 2576 1098 2622 „Hic
1119 2576 1165 2613 ab
1184 2577 1334 2626 Argivis
1354 2573 1473 2611 tradi-

818 2635 898 2666 tam
947 2632 1028 2669 τῶν
1075 2630 1356 2684 Σπαρτιητέων
1398 2627 1474 2680 τήν

818 2686 1050 2738 πλεονεξίην
1078 2688 1183 2725 illam
1206 2686 1384 2738 equidem
1403 2699 1473 2724 ve-

818 2755 902 2779 ram
930 2743 1042 2781 fuisse
1063 2757 1216 2781 causam
1226 2744 1394 2791 arbitror,
1406 2755 1474 2779 cur

818 2799 918 2837 bello
948 2798 1021 2837 hoc
1049 2801 1200 2837 Persico
1231 2799 1356 2836 neutri
1376 2799 1473 2850 parti
