1897 3340
24 495 124 542 226

518 192 977 230 POLYMNIA
1035 193 1132 230 VII.

1364 200 1446 240 781

189 300 280 355 μἐν,
301 298 345 351 ἐξ
373 298 570 358 ἐναντίης
589 299 885 354 ἐπισπόμενοι,
913 298 988 342 καὶ
1016 297 1065 341 τό
1099 299 1239 354 ἔρυμα
1268 308 1348 347 τοῦ
1364 308 1446 349 τεί-

187 383 286 423 χεος
311 369 628 425 συγχώσαντες·
665 370 708 413 οἱ
737 367 797 421 δὲ,
825 365 1127 421 περιελθόντες
1156 366 1351 414 πάντοθε
1379 389 1446 416 πε-

187 435 408 491 ρισταδόν.

273 505 632 559 Λακεδαιμονίων
661 502 707 546 δὲ
735 501 810 545 καὶ
844 500 1065 544 Θεσπιέων
1086 500 1302 545 τοιούτων
1329 519 1448 558 γενο-

188 571 347 626 μένων,
379 570 495 626 ὅμως
523 568 687 624 λέγεται
717 568 829 625 ἀνὴρ
861 569 1038 623 ἄριστος
1065 570 1268 625 γενέσθαι
1298 574 1448 624 Σπαρ-

158 636 339 694 Ξτιητης
367 638 591 694 Διηνέκης.
622 637 699 682 τὸν
726 636 826 680 τόδε
856 638 965 691 φασὶ
997 635 1113 680 εἶπαι
1141 636 1190 680 τό
1222 638 1324 689 ε’πος
1344 639 1448 692 πρὶν

187 705 217 762 ἢ
254 708 459 761 συμμίξαι
490 705 627 761 σφέας
658 710 772 749 τοῖσι
810 704 1022 761 Μήδοισι,
1053 704 1309 760 πυθόμενον
1338 705 1449 761 πρός
1505 712 1565 735 ¹¹¹³

187 789 262 816 τευ
290 777 380 816 τῶν
413 775 668 830 Τρηχινίων,
701 773 772 825 ὥς,
803 772 935 816 επεὰν
965 774 1009 816 οἱ
1027 771 1245 828 βάρβαροι
1271 773 1453 818 οἷπιέωσι

185 839 238 884 τοὶ
267 839 535 897 τοξεύματα,
574 839 653 884 τὸν
680 841 807 898 ἥλιον
835 838 924 884 ὑπὸ
954 843 1034 883 τοῦ
1055 840 1246 898 πλήθεος
1275 844 1363 884 τῶν
1393 840 1453 885 ὀϊ·

130 1050 223 1086 bari.
263 1049 402 1085 Miram
423 1061 514 1086 sane
537 1046 789 1101 hyperbolam

129 1107 169 1142 in
196 1118 289 1143 voce
311 1101 491 1156 στόμασι,
513 1106 791 1145 advertitLon—

129 1164 209 1212 gin.
238 1164 296 1198 De
324 1163 475 1199 sublim.
506 1177 567 1214 cp.
596 1167 649 1205 38
681 1166 718 1210 ξ.
750 1164 790 1213 4,

128 1219 196 1255 ubi
223 1225 353 1255 tamen
385 1226 542 1256 annotat
571 1221 701 1272 Toup.
733 1221 790 1272 (p.

128 1273 211 1315 438
240 1274 412 1326 Weisk.)
434 1275 572 1312 eodem
591 1277 708 1314 modo
730 1279 790 1314 lo-

129 1338 261 1368 cutum
273 1333 789 1383 esseDion.Cass.XXXVIII‚

129 1386 183 1428 49
207 1395 243 1425 et
264 1387 372 1427 Suid.
402 1402 431 1428 S.
452 1403 490 1426 v.
512 1387 653 1439 ἐμφύς,
676 1392 790 1428 item-

130 1457 205 1496 que
246 1445 418 1482 Ciceron.
457 1446 618 1484 Tuscul.
658 1449 703 1494 V,
735 1451 789 1488 27

130 1500 468 1548 („adolescentum
497 1516 631 1553 greges
668 1506 790 1541 Lace—

130 1557 319 1595 daemone
343 1558 508 1596 vidimus
538 1561 632 1610 ipsi,
661 1562 790 1598 iucre-

130 1613 236 1651 dibili
256 1617 499 1652 contentione
520 1623 704 1655 certantes
717 1631 792 1668 pu-

130 1671 226 1721 gnis,
248 1673 423 1720 calcibus,
444 1674 650 1723 unguibus‚
676 1688 791 1712 morsu

131 1727 352 1780 denique“)
388 1743 505 1782 quem
542 1731 656 1767 etiam
682 1730 791 1768 affert

130 1785 364 1835 Wesseling.
378 1815 387 1832 ‚
432 1787 550 1823 citans
585 1786 632 1823 de
672 1788 789 1825 verbo

130 1837 432 1890 καταχωννύναι
460 1842 616 1883 Aristid.
645 1845 681 1880 II
700 1857 790 1895 pag.

135 1899 214 1937 190
244 1896 460 1934 Philostrat.
489 1900 535 1935 V.
556 1900 604 1936 A.
635 1902 698 1947 IV,
720 1904 789 1941 23.

131 1954 264 1990 Liban.
298 1954 360 1992 Or.
393 1955 545 1992 XXXV
572 1970 610 2006 p.
643 1959 724 1997 690
745 1958 794 1993 A.

132 2010 308 2060 Toupius
351 2009 456 2047 addit
484 2011 669 2048 Herodoti
699 2011 793 2049 haec

132 2067 249 2103 verba
278 2069 486 2117 respexisse
523 2069 680 2120 Dionys.
712 2071 795 2105 Ha-

132 2123 196 2159 lic.
230 2123 278 2160 A..
302 2125 348 2160 R.
369 2125 438 2172 IX,
460 2127 527 2165 21.
585 2127 795 2162 Narrantur

134 2185 263 2214 autem
278 2176 374 2216 haec
393 2181 508 2231 paulo
530 2181 637 2218 aliter
657 2195 679 2218 a
698 2183 795 2219 Dio-

135 2233 229 2271 doro
250 2236 318 2283 XI,
338 2237 378 2275 9.
400 2239 464 2284 10,
490 2237 595 2289 quod
622 2239 704 2274 iure
725 2238 797 2275 ad-

134 2291 248 2329 vertit
267 2291 400 2327 Mauso
423 2292 568 2343 (Spart.
588 2296 606 2330 I
626 2309 664 2345 p.
679 2296 794 2345 327),

136 2348 203 2399 qui
223 2345 407 2383 Herodoti
428 2351 684 2387 narrationem
718 2351 794 2389 fide

136 2403 352 2454 digniorem
373 2417 451 2440 esse
479 2404 642 2454 iudicat,
673 2420 795 2458 quum

137 2467 175 2497 et
199 2461 370 2497 locorum
391 2461 479 2496 situi
509 2467 545 2497 et
579 2463 666 2512 ipsis
696 2469 795 2499 tem-

135 2517 289 2568 poribus
319 2517 454 2553 melius
486 2530 576 2553 sane
596 2526 796 2568 congruat.

193 2572 233 2621 ἐξ
256 2572 439 2623 ἐναντίης
459 2570 736 2625 ἐπισπόμενοι]
769 2576 796 2613 i.

140 2642 175 2666 e.
194 2642 237 2666 ex
253 2630 399 2667 adverso
417 2632 619 2678 ingruentes
639 2635 672 2668 et
690 2633 797 2669 inva-

141 2685 275 2723 dentes.
333 2686 444 2723 Conf.
464 2688 563 2734 VIII,
583 2689 610 2727 7
642 2694 678 2724 et
698 2700 796 2739 quae

140 2743 213 2779 alia
242 2741 351 2779 affert
384 2741 736 2793 Schweighaeuser.
757 2746 797 2782 iu

137 2799 271 2837 Lexic.
292 2798 435 2837 Herod.
491 2799 554 2836 Ad
573 2813 710 2838 vocem
725 2815 798 2841 πε-

846 1047 1032 1104 ρισταδόν
1043 1050 1142 1090 conf.
1154 1046 1319 1087 Fischer.
1333 1048 1381 1087 ad
1391 1049 1506 1088 Wei-

845 1110 913 1146 ler.
934 1111 951 1146 I
972 1123 1010 1160 p.
1034 1111 1130 1149 298.

1016 1199 1108 1249 cap.
1132 1196 1337 1234 ccxxvi.

905 1272 1008 1329 οἷνήρ
1030 1274 1216 1329 ἄριστος]
1266 1276 1391 1325 Vulgo
1412 1273 1506 1312 haec

845 1334 994 1371 inverso
1022 1333 1176 1380 ordine,
1220 1345 1337 1383 quem
1372 1345 1392 1368 e
1417 1333 1507 1369 Flo-

846 1392 997 1427 rentino
1018 1391 1178 1427 mutavi.
1219 1389 1428 1440 Sequentia
1448 1390 1508 1425 af-

845 1448 918 1484 fert
951 1446 1123 1484 Eustath.
1156 1444 1204 1482 ad
1224 1445 1332 1483 Iliad.
1355 1459 1394 1496 p.
1414 1447 1508 1494 638,

847 1504 900 1546 56
921 1518 950 1541 s,
972 1505 1067 1552 499,
1089 1502 1156 1544 24.

903 1558 974 1599 τόν
996 1557 1114 1610 ἥλιον
1135 1555 1215 1598 ’ὑπό
1237 1560 1310 1597 τοῦ
1327 1554 1509 1608 πλήθεος

847 1618 929 1656 τῶν
978 1612 1124 1657 ὀϊστῶν
1175 1610 1509 1666 ἀποκρύπτουσι]

846 1674 908 1709 ΕΧ
936 1687 1014 1710 uno
1041 1674 1212 1710 Parisino
1243 1673 1338 1708 libro
1360 1671 1508 1707 Sohae-

846 1730 965 1777 ferus,
999 1744 1117 1782 quem
1135 1727 1318 1765 Matthiae
1341 1729 1425 1776 (Gr.
1441 1729 1509 1764 Gr.

848 1788 885 1832 ξ·
908 1788 988 1827 539
1009 1801 1048 1837 p.
1077 1784 1203 1835 1058)
1225 1785 1406 1836 sequitur,
1438 1783 1508 1820 de-

849 1842 955 1879 derat
990 1838 1281 1893 οἷποκρύπτειν,
1324 1841 1510 1891 probante

853 1900 1032 1938 Sintenis.
1056 1899 1102 1935 ad
1125 1896 1320 1934 Plutarch.
1343 1896 1510 1933 Themi-

849 1957 957 1992 stocl.
979 1970 1016 2007 p.
1041 1957 1133 1997 150.
1171 1953 1365 2005 Equidem
1382 1966 1402 1989 a
1423 1967 1510 1989 me-

849 2013 991 2048 liorum
1012 2019 1047 2048 et
1058 2013 1311 2062 plurimorum
1324 2011 1509 2046 librorum

848 2069 1012 2105 lectione
1032 2076 1128 2105 stare
1149 2068 1280 2112 malui,
1316 2079 1431 2118 quam
1453 2067 1512 2102 al-

850 2124 930 2162 ter&
951 2124 1055 2162 haud
1074 2138 1164 2162 sane
1197 2125 1323 2160 minus
1354 2124 1512 2173 elegan-

853 2188 933 2218 tem
965 2183 1076 2219 duco.
1116 2179 1317 2218 Bekkerus
1357 2192 1511 2231 quoque

855 2237 959 2274 dedit
981 2234 1294 2290 ἀποκρύπτουσι.
1342 2236 1404 2273 Ad
1424 2249 1512 2273 ver-

852 2295 901 2331 ba
917 2292 998 2334 ὖπὸ
1018 2297 1091 2334 τοῦ
1117 2290 1295 2345 πλήθεος
1315 2291 1512 2330 cf.Matth.

853 2352 920 2390 Gr.
940 2352 1054 2397 Gr.§.
1077 2353 1159 2393 592
1180 2364 1218 2401 Ρ.
1241 2349 1361 2391 1185.
1382 2351 1512 2400 Ipsum

853 2407 1020 2456 dictum,
1051 2421 1127 2460 quo
1149 2407 1289 2458 sagittis
1310 2408 1511 2443 Persarum

852 2465 974 2500 solem
1039 2465 1230 2501 obscurari
1300 2464 1511 2499 enuntiarat

854 2520 1084 2569 Spartanus,
1113 2521 1239 2558 retulit
1261 2519 1385 2555 Valer.
1405 2520 1509 2554 Max.

851 2577 917 2623 ΠΙ,
939 2578 964 2616 7
984 2576 1037 2612 fin
1067 2578 1153 2614 coll.
1186 2576 1358 2613 Frontin.
1386 2574 1448 2621 IV,
1471 2574 1509 2621 5,

856 2634 920 2672 13.
943 2632 1063 2670 Cicer.
1084 2633 1258 2671 Tuscull.
1290 2632 1320 2677 Ι,
1349 2629 1415 2675 42,
1448 2630 1515 2666 ubi

852 2689 961 2739 plura
981 2691 1106 2728 Davis.
1138 2690 1202 2727 Cr.
1226 2687 1371 2723 confert
1390 2687 1511 2737 Wyt-

852 2745 1030 2784 tenbach.
1057 2746 1105 2783 ad
1134 2741 1326 2781 Plutarch.
1357 2743 1393 2778 Π
1422 2755 1510 2792 pag.

852 2802 934 2843 225
954 2804 1002 2840 Β.
1030 2800 1312 2839 Animadverss.
1332 2812 1371 2849 p.
1393 2800 1513 2838 1181.

1505 509 1586 568 1Ιηὶιεῖ
1594 510 1652 569 ῃῗμ
1657 518 1689 536 ιτ
1678 514 1722 537 rm
1726 519 1778 537 no.

1650 552 1731 603 (Ιςιυτο
1735 560 1746 564 -

1461 551 1632 635 401111ἔιι1ἰι1ἰιί(

1575 618 1600 635 ΠΙ
1634 586 1739 669 ³1¹:W'1LIIF'

1515 614 1570 701 {il}
1565 643 1607 701 'if'
1611 643 1642 668 1-1
1644 648 1685 669 tvi

1614 652 1764 703 (ἾΗὶ-ζθΙΕΙΙΙΙΟ

1888 1883 1897 1970 ἱᾲᾼ
1889 1766 1897 1851 h:—
