1897 3340
525 138 993 179 POLYMNIA.
1054 137 1154 174 VII.
1379 145 1463 184 605

206 249 394 305 ζώοντας
404 249 714 303 κατορύσσεινζ·
735 247 823 290 ἐπεὶ
836 246 915 290 ’καὶ
935 244 1189 300 Ἄμηστριν,
1210 245 1287 299 τήν
1298 248 1464 299 Ξέρξεω
1476 258 1519 291 75

201 324 412 374 γυναῖκα,
463 317 746 369 πυνθάνομαι
798 312 1053 370 γηράσασαν
1084 314 1158 363 ’δὶς
1202 312 1307 355 ἑπτὰ
1347 318 1464 368 Περ-

206 386 317 429 σέων
347 388 506 437 παῖδας
537 384 698 428 ἐόντων
726 381 974 435 ἐπιφανέων
1004 379 1180 435 ἀνδρῶν
1216 377 1327 433 ὑπὲρ
1360 379 1465 423 ἓωυ·

201 457 276 509 τῆς
304 457 365 509 τῷ
394 452 479 495 ὑπὸ
509 457 592 506 γῆν
620 448 837 507 λεγομένῳ
860 445 972 491 εἶναι
995 452 1086 505 θεῷ
1116 445 1466 503 ἀντιχαρίζεσθαι

201 520 577 575 κατορύσσουσαν.

279 589 356 638 Ὡς
397 587 442 630 δὲ
482 583 570 628 ἀπὸ
610 586 690 626 τοῦ
719 582 980 638 Στρυμόνος
1017 582 1247 637 ἐπορεύετο
1279 580 1302 626 ὁ
1333 593 1460 637 στρα-

200 655 287 706 τός,
317 656 509 697 ἐνθαῦτα
543 651 655 706 πρὸς
684 649 809 707 ἡλίου
841 652 1146 704 δυσμέωνιέστὶ
1177 652 1385 706 αἰγιαλὸς,
1417 650 1509 693 ἓνὸι·

200 727 261 779 τῷ
291 721 523 778 οἰκημένην
541 721 744 775 ’Ἀργιλον
773 718 901 763 πόλιν
925 718 1108 762 Ἑλλάδα
1137 717 1349 774 παρεξήῖε.
1382 716 1464 761 αὕ-

198 808 248 846 τη
279 791 341 838 δὲ,
372 791 443 832 καὶ
473 787 499 844 ἡ
533 788 780 843 κατύπερθε
809 787 983 842 ταύτης,
1013 788 1209 831 καλέεται
1239 787 1458 842 Βισαλτίη.

169 858 406 902 Ξένθεῦτεν
436 856 502 907 δὲ,
534 855 700 899 κόλπον
728 855 805 899 τὸν
837 855 903 898 ἐπὶ
936 859 1180 911 Ποσιδηΐου
1223 855 1265 908 ἐξ
1297 853 1461 909 ἄριστε-

197 929 276 983 ρῆς
305 926 430 982 χερός
469 925 603 981 ἔχων,
656 922 724 982 ἤϊε
764 923 837 968 §aaz
874 924 1040 975 Συλέος
1077 925 1231 967 πεδίου
1261 922 1464 979 καλεομέ-

1518 579 1649 618 ᾼτςίῐυς.
1670 580 1768 608 Bisal-

1518 617 1559 639 na
1580 614 1672 647 regio.
1706 616 1794 642 Cam-

1520 654 1573 681 pus
1585 647 1706 681 ἔμε-ιη.
1724 650 1791 676 Sta-

1542 680 1614 707 irus.
1626 682 1791 709 Acanthus.

1538 714 1588 740 ’ἰὼ
1609 722 1664 747 per
1689 724 1777 755 quain

1521 749 1674 774 exercitus
1693 753 1753 775 iter

1517 781 1600 813 serit,
1622 790 1639 807 a
1664 781 1793 809 Thraci-

1516 815 1569 841 bus
1591 815 1734 850 religiose

1520 848 1614 876 culta.

139 1117 177 1147 ta
197 1111 233 1146 Π
250 1122 339 1161 pag.
366 1113 440 1150 171
463 1111 509 1157 D,
537 1122 620 1146 eam
642 1109 717 1146 fide
739 1108 799 1146 di-

139 1179 258 1217 gnam
321 1180 399 1203 esse
454 1174 568 1216 negat
616 1165 798 1203 Kleuker.

137 1222 317 1274 Appeud.
350 1222 398 1260 ad
426 1224 651 1260 Zendavest.
679 1226 731 1259 111
759 1237 797 1274 p.

138 1280 206 1320 24.
229 1281 295 1327 25,
326 1293 414 1317 cum
434 1281 538 1316 nulla
571 1281 642 1316 alia
672 1282 799 1317 istius-

137 1335 244 1373 modi
260 1338 416 1387 vestigia
425 1336 526 1387 apud
542 1338 673 1374 Persas
690 1350 798 1374 com—

137 1400 308 1444 pareant.
365 1394 508 1439 Quodsi
553 1401 681 1430 tamen
718 1395 798 1431 veri

138 1449 230 1502 quid
259 1452 380 1487 inesse.
408 1452 447 1486 in
478 1449 550 1487 hac
581 1452 797 1487 narratione

136 1514 311 1557 putetur,
354 1509 542 1557 pertinere
570 1506 609 1543 id
637 1508 718 1544 vult
749 1506 796 1544 ad

137 1570 234 1600 artes
275 1566 441 1614 magicas
471 1577 514 1600 ac
555 1563 795 1600 daemonicas

136 1633 265 1658 severe
295 1620 450 1672 quidem
479 1620 695 1657 interdictas
716 1623 798 1657 Zo-

136 1678 269 1713 roastri
298 1678 404 1727 lege,
432 1677 498 1714 sed
519 1677 580 1714 hic
601 1678 676 1714 illic
704 1679 797 1714 resi-

137 1733 242 1770 duas.
273 1735 411 1781 Deum,
434 1735 498 1785 qui
513 1735 582 1770 sub
601 1741 699 1770 terra
711 1747 800 1769 ver-

139 1791 212 1826 sari
234 1789 401 1836 dicatur,
430 1790 550 1826 videri
571 1792 696 1827 statuit
717 1792 799 1826 Ha-

138 1845 228 1883 dem
247 1859 276 1882 s.
300 1846 575 1893 Chrimanium,
597 1848 701 1883 cuius
729 1860 799 1883 cu-

135 1902 333 1954 piditatem
372 1901 444 1939 hoc
473 1904 655 1940 sacrificio
691 1905 799 1955 quasi

134 1961 254 1996 lenire
285 1966 321 1996 et
354 1961 488 1995 satiare
521 1961 574 1995 illi
594 1961 797 1998 voluerint.

136 2015 360 2053 Grotefend.
387 2017 426 2051 in
446 2015 618 2054 Amalth.
650 2018 685 2053 ΙΙ
707 2030 793 2067 pag.

140 2073 218 2113 105
239 2085 345 2125 seqq.
366 2071 460 2109 haec
482 2072 530 2109 ad
550 2075 701 2109 numeri
721 2086 797 2110 no-

137 2130 284 2166 venarii
325 2131 563 2166 sanctitatem
591 2137 628 2167 et
658 2143 795 2179 arcana

136 2184 327 2236 quaedam
347 2198 451 2222 sacra
471 2187 602 2223 referri
622 2188 716 2224 vult.
740 2210 792 2214 ——

135 2240 198 2277 Ad
235 2241 397 2278 formam
425 2240 654 2294 γηράσασαν
692 2244 794 2281 conf.

135 2298 359 2335 Buttmann.
392 2299 562 2336 Gramm.
582 2301 674 2337 mai.
701 2302 737 2336 II
756 2314 792 2351 p.

137 2355 190 2394 98
220 2360 314 2400 not„
343 2354 409 2389 ubi
437 2351 617 2406 γήρασαν
653 2358 793 2409 [γηρᾶ-

138 2406 272 2459 σανΡ]
306 2410 381 2459 legi
396 2423 503 2460 posse
524 2412 708 2449 observat.
730 2412 793 2449 Ad

136 2478 248 2504 voces
269 2463 349 2505 v‘nd
361 2468 435 2518 γῆν
449 2467 533 2514 (ubi
552 2468 792 2505 Florentinus

136 2535 227 2559 cum
246 2523 363 2559 tribus
384 2523 463 2559 aliis
484 2519 565 2562 15πό
584 2525 674 2575 γῆς)
691 2525 794 2562 conf.

138 2577 274 2616 Matth.
296 2579 361 2617 Gr.
393 2579 457 2616 Gr.
477 2591 566 2630 pag.
591 2582 709 2621 1188.

351 2667 445 2719 Cap.
474 2668 591 2706 CXV.

195 2741 295 2797 πρός
321 2742 437 2797 ἡλίου
467 2745 676 2798 δυσμέων]
707 2746 794 2787 vid.

855 1107 988 1146 Matth.
1010 1110 1076 1145 Gr.
1098 1110 1163 1147 Gr.
1195 1109 1232 1153 ς.
1255 1107 1336 1148 590
1357 1120 1390 1146 a.
1420 1122 1456 1159 γ.
1477 1120 1518 1158 p.

857 1168 978 1206 1179.
1008 1166 1173 1215 Argilum
1204 1165 1339 1201 urbem
1370 1165 1416 1200 ab
1436 1165 1518 1200 An-

856 1221 944 1259 driis
956 1223 1149 1259 conditam
1168 1223 1267 1258 intra
1283 1222 1431 1258 Bolben
1445 1233 1518 1272 pa-

854 1279 987 1316 ludem
1018 1286 1054 1316 et
1082 1278 1333 1330 Amphipolin
1363 1290 1518 1314 memo-

856 1343 912 1372 rat
949 1335 1198 1387 Thucydides
1237 1336 1301 1383 IV,
1334 1336 1427 1375 103.
1468 1333 1517 1381 V,

858 1394 949 1432 118.
1005 1394 1118 1430 Nulla
1147 1394 1224 1429 eius
1257 1393 1400 1428 mentio
1431 1397 1517 1442 post

854 1450 999 1485 bellum
1019 1450 1401 1500 Peloponnesiacum.
1452 1447 1512 1486 Cf.

853 1506 1037 1543 Gatterer.
1063 1520 1150 1557 pag.
1173 1508 1226 1547 80
1257 1513 1295 1542 et
1323 1507 1515 1541 Mannert.

854 1562 924 1599 Vll
944 1577 981 1613 p.
1005 1562 1100 1604 448.

907 1618 1085 1659 καλέεται
1122 1619 1338 1669 Βισαλτίη]
1409 1618 1515 1654 Infra

844 1675 969 1724 ·V111‚
1013 1679 1088 1717 116
1130 1678 1359 1713 Bisaltarum
1401 1676 1513 1725 regis,

852 1731 1019 1769 hominis
1051 1732 1300 1770 crudelissimi
1328 1732 1370 1767 fit
1400 1745 1515 1767 meu—

854 1790 919 1828 tio.
979 1790 1132 1826 Bisaltia
1154 1791 1272 1840 regio,
1295 1801 1393 1840 quae
1408 1794 1515 1839 post-

854 1844 926 1883 hac
943 1846 1192 1882 Macedoniae
1212 1846 1362 1896 regibus
1375 1845 1513 1895 paruit,

853 1902 900 1939 ad
916 1904 1101 1939 orientem
1113 1904 1320 1953 Strymone
1343 1907 1514 1952 separata

853 1960 898 1995 ab
933 1959 1098 2006 Edonis,
1145 1960 1346 1996 meridIem
1385 1971 1514 1995 versus

851 2017 1006 2066 Aegaeo
1038 2029 1142 2052 mare
1161 2017 1328 2063 inclusa,
1358 2022 1513 2066 septen—

851 2075 1014 2109 trionem
1047 2086 1176 2109 versus
1212 2072 1260 2110 ad
1300 2073 1513 2109 Crestonios

851 2143 973 2181 usque
993 2131 1217 2181 pertinuisse
1237 2128 1400 2167 videtur.
1424 2127 1513 2167 Vid.

852 2187 1037 2224 Gatterer.
1058 2187 1083 2223 l.
1105 2187 1129 2222 l.
1150 2200 1189 2237 p.
1220 2187 1298 2227 105
1319 2199 1400 2237 seq.

906 2239 1056 2282 κόλπον
1081 2240 1152 2282 ‘cdv
1179 2242 1243 2282 ἐπὶ
1266 2241 1512 2292 Ποσιδηΐου]

849 2300 962 2337 Haud
999 2301 1075 2337 scio
1114 2313 1163 2336 an
1196 2300 1308 2337 scribi
1340 2305 1514 2350 oporteat

851 2357 1108 2407 Ποσειόηΐου,
1130 2364 1172 2393 ut
1191 2357 1331 2407 legitur
1358 2357 1423 2403 ΙΙΙ,
1441 2358 1510 2396 91.

847 2415 967 2464 Ipsius
987 2414 1061 2450 loci
1077 2414 1193 2461 nulla,
1215 2420 1404 2465 quantum
1423 2425 1510 2448 me-

850 2471 965 2517 mini,
997 2471 1085 2506 alibi
1109 2472 1266 2508 mentio.
1325 2468 1510 2506 Herodoti

850 2527 966 2563 verba
994 2527 1046 2563 sic
1078 2527 1258 2577 explanat
1289 2527 1401 2563 Gail:
1450 2524 1510 2571 „le

850 2582 948 2632 golse
980 2585 1042 2632 qui
1070 2587 1120 2619 est
1136 2597 1184 2620 au
1205 2584 1344 2620 dessous
1365 2582 1411 2618 du
1435 2580 1508 2617 Po-

850 2639 1004 2684 sideum,
1041 2641 1103 2689 qui
1130 2644 1182 2677 est
1220 2640 1358 2676 ‹lonu'ne'
1381 2644 1456 2688 'par
1476 2635 1509 2673 le

852 2694 1084 2732 Posideum&

906 2748 973 2803 ἤϊε
998 2748 1064 2792 διιὶ
1093 2749 1245 2798 Συλέος
1269 2748 1411 2789 πεδίου
1431 2761 1509 2786 κα-
