1897 3340
377 242 461 281 (396
767 243 1232 280 'HERODOTI

378 347 576 404 Ἀμίλκαν
613 348 690 394 τὸν
716 349 958 403 Ἄννωνος,
1010 351 1322 406 Καρχηδονίων
1350 349 1478 394 ἐόντα
1507 352 1625 407 βασι-

348 415 473 459 Ξλέα·
514 418 621 460 κατά
651 418 808 473 ξεινίην
836 434 880 461 τε
912 418 992 474 τήν
1020 418 1187 462 ἑωυτοῦ
1230 416 1254 462 ὁ
1289 418 1498 475 Τήριλλος
1527 417 1627 462 ἄνα-

377 483 561 540 γνοὶσας,
588 484 661 527 καὶ
686 484 870 540 μάλιστα
900 485 972 528 διὰ
1000 485 1079 541 τήν
1107 484 1327 537 Ἀναξίλεω
1355 489 1434 530 τοῦ
1473 487 1629 542 Κρητί-

377 567 460 594 νεω
489 553 752 607 προθυμίην,
783 550 830 601 ὃς
854 549 1026 607 Ῥηγίου
1056 552 1139 596 ἐών
1167 552 1404 607 τύραννος,
1433 553 1485 596 τὰ
1513 553 1630 596 ἑωυ-

376 622 458 662 τοῦ
484 619 612 662 τέκνα
641 619 747 669 δούς
777 617 968 674 ὁμήρους
994 618 1180 677 Ἀμίλκᾳ,
1212 621 1339 677 ἐπῆγέ
1361 637 1435 676 μιν
1463 619 1530 663 ἐπὶ
1550 619 1629 676 τὴν

347 688 594 740 3Σικελίην,
624 684 847 740 τιμωρέων
875 689 937 742 τῷ
954 691 1173 744 πενθερῷ”
1208 689 1419 744 Τηρίλλου
1449 687 1532 743 γάρ
1549 686 1683 744 εἷχε4ο

377 752 598 808 θυγατέρα
624 751 883 804 Ἀναξίλεως,
911 756 964 809 τῇ
994 753 1162 808 οὔνομα
1188 750 1243 810 ἦν
1272 757 1484 811 Κυδίππη.
1517 754 1630 799 οὕτω

376 819 430 874 δὴ
450 818 532 862 οὐκ
565 817 662 862 οἷόν
689 835 733 863 τε
760 818 994 876 γενόμενον
1017 820 1219 875 βοηθέειν
1239 822 1315 864 τὸν
1328 822 1501 865 Γέλωνα
1519 827 1632 866 τοῖσι

219 898 318 944 166
364 885 551 944 ’Ἑλλησμ
582 886 849 942 ἀποπέμπειν
873 887 914 938 ἐς
926 887 1131 941 Δελφούς
1157 886 1210 930 τὰ
1238 887 1446 943 χρήματα.

321 1150 540 1203 χηδονίων,
569 1152 593 1190 i.
627 1164 659 1188 e.
697 1164 819 1188 unum
841 1165 862 1188 e
881 1151 983 1203 sufe-

320 1209 428 1256 tibus,
460 1221 556 1260 quos
588 1209 753 1244 Romani
783 1210 981 1259 scriptores

258 1303 264 1308 ,
311 1265 430 1313 reges,
463 1265 598 1315 Graeci
633 1262 814 1315 βασιλέας
841 1265 982 1316 passim

321 1322 503 1360 vocitant.
569 1320 656 1359 Vid.
698 1321 848 1358 Cornel.
884 1323 980 1372 Nep.

323 1378 490 1414 Hannib.
522 1380 548 1417 7
584 1379 619 1422 ξ).
652 1375 678 1417 4
723 1378 852 1429 ibique
889 1379 977 1417 Bos.

323 1432 529 1477 Botticher.
552 1435 691 1472 Histor.
717 1433 920 1484 Carthagg.
941 1448 978 1485 p.

324 1488 393 1530 45.
409 1490 476 1530 46.
508 1490 585 1538 Sic,
607 1491 663 1527 uti
673 1488 747 1527 hoc
758 1497 852 1538 utar,
874 1490 981 1527 Han-

324 1545 472 1583 nibalem
512 1541 652 1583 ducem
690 1545 982 1597 Carthaginien-

324 1615 382 1639 ses
419 1603 680 1651 constituisse,
719 1603 831 1640 Diod.
875 1603 981 1650 XIII,

325 1656 380 1698 43
405 1656 596 1697 tradiit&
615 1655 702 1698 τότε
720 1655 983 1710 βασιλεύσαν-

326 1728 374 1752 τα
397 1712 496 1752 uncto}
518 1712 611 1761 τούς
635 1710 796 1765 νόμους.
826 1717 884 1752 De
905 1728 981 1767 quo

327 1771 538 1807 accuratius
597 1769 801 1822 disputasse
870 1771 982 1808 video

327 1827 454 1876 Kluge
482 1825 559 1875 (ad
588 1827 778 1865 Aristotel.
801 1827 847 1864 de
867 1829 980 1865 Polit.

328 1882 533 1933 Cartllagg.
567 1896 654 1934 pag.
688 1886 740 1925 89
769 1869 984 1936 seqq.,⁸ubi

329 1939 428 1976 bene
449 1940 548 1976 inter
568 1941 639 1976 alia
660 1947 791 1977 monet
820 1953 906 1991 pag.
931 1942 981 1979 91

331 1993 517 2045 Sufetibus
548 1998 578 2032 si
609 1997 833 2033 exercitibus
873 2009 986 2047 prae-

329 2051 482 2099 fuerint,
504 2051 576 2088 hoc
599 2065 743 2089 nomeu
771 2055 866 2102 regis
886 2051 987 2089 indi-

330 2113 414 2143 tum
455 2108 579 2156 fuisse,
621 2109 707 2146 solis
747 2111 987 2146 exercituum

331 2161 490 2200 ducibus
538 2163 803 2215 denegatum.)
876 2164 987 2210 Quod

330 2231 422 2254 vero
451 2220 513 2255 ille
549 2233 616 2256 rex
656 2223 878 2258 constitutus
909 2234 987 2258 esse

332 2273 469 2310 dicitur
497 2276 577 2313 κατ’
611 2273 888 2327 ἀνδραγαθίην
907 2278 930 2312 i.
954 2289 987 2312 e.

334 2330 374 2366 ob
399 2332 575 2377 virtutem,
596 2333 775 2368 convenit
797 2330 867 2367 hoc
889 2344 987 2381 quo-

335 2384 543 2422 dammodo
564 2399 652 2422 cum
667 2387 987 2423 Aristotelistesti-

335 2442 466 2478 monio
481 2470 490 2488 ,
513 2442 577 2493 qui
609 2441 935 2492 Carthaginienses
949 2444 986 2478 in

335 2496 507 2534 creandis
535 2499 686 2547 regibus
706 2500 904 2535 meliorem
927 2512 989 2535 ra·-

338 2554 481 2590 tionem
510 2555 616 2605 sequi
641 2553 765 2601 tradit,
794 2568 882 2591 cum
922 2554 989 2592 lios

337 2622 465 2661 neque
496 2622 544 2646 ex
573 2610 707 2647 eodem
746 2624 885 2661 genere
920 2613 990 2647 eli—

341 2674 433 2716 gant
454 2679 578 2718 neque
600 2668 712 2703 etiam
741 2681 785 2703 ex
810 2669 990 2718 quolibet,

342 2721 408 2758 sed
439 2735 486 2758 ex
518 2723 655 2773 insigni
677 2723 842 2775 quadam
865 2731 989 2771 gente.

342 2777 426 2814 vm.
450 2779 571 2828 Kluge
595 2780 620 2816 l.
648 2780 674 2816 l.
693 2793 730 2831 p.
752 2780 818 2820 59.
842 2782 909 2819 68-
938 2801 992 2807 —

341 2836 397 2870 De
420 2836 644 2873 Hamilcaris
659 2842 773 2889 atque
795 2836 993 2873 Hanniba-

1507 889 1631 942 Πρός

47 963 321 1033 ffigdgffiggteffir-
379 953 426 997 δὲ
454 955 526 998 καὶ
564 954 665 999 τάδε
694 955 886 1010 λέγουσι,
927 952 987 1006 οἷς
1017 955 1176 1012 συνέβη
1209 957 1284 1010 τῆς
1313 953 1443 1010 αὐτῆς
1470 955 1631 1013 ἡμέρης

1036 1152 1081 1189 lis
1129 1157 1243 1202 gente
1285 1150 1539 1199 nobilissima,
1591 1164 1687 1204 quae

1036 1209 1162 1259 plures
1177 1208 1263 1244 tulit
1282 1205 1396 1244 duces
1408 1209 1592 1259 egregios,
1607 1208 1688 1247 vid.

1037 1267 1197 1301 Heereu.
1218 1263 1335 1300 Ideen
1360 1271 1429 1301 etc.
1459 1266 1507 1312 II,
1528 1267 1547 1305 1
1569 1268 1687 1315 p.68.

1092 1317 1191 1360 κατοὶ
1220 1320 1370 1369 ξεινίην
1387 1334 1427 1359 τε
1444 1317 1517 1371 τήν
1537 1319 1689 1360 ἑωυτοῦ

1038 1376 1062 1418 ὁ
1090 1374 1282 1427 Τήριλλος
1317 1372 1575 1429 ἀναγνώσας]
1606 1379 1631 1414 i.
1652 1390 1684 1417 e.

1037 1436 1096 1472 cui
1113 1433 1355 1483 (Hamilcari)
1370 1434 1409 1470 ob
1427 1434 1616 1484 hospitium
1629 1433 1691 1470 ubi

1034 1492 1211 1541 persuasit
1241 1489 1417 1537 Terz'llus‚
1447 1497 1491 1526 ut
1508 1490 1588 1531 scil.
1609 1491 1688 1527 Ge-

1036 1548 1117 1584 loni
1148 1547 1378 1597 Graecisque
1406 1546 1550 1582 bellum
1568 1547 1689 1583 iufer-

1038 1610 1096 1640 ret
1117 1615 1240 1654 eoque
1269 1602 1382 1638 simul
1402 1603 1593 1639 Terillum
1625 1616 1689 1639 re-

1038 1661 1219 1697 stitueret.
1268 1657 1378 1702 Quod
1398 1660 1593 1710 sequitur:
1623 1655 1690 1698 6ιοῖ

1037 1713 1114 1766 τήν
1135 1712 1342 1761 Ἀναξίλεω
1364 1715 1598 1765 προθυμίην
1621 1727 1692 1751 va·-

1037 1773 1109 1809 let:
1151 1784 1215 1822 per
1248 1770 1402 1807 studium
1428 1784 1459 1808 s.
1483 1784 1587 1821 opera
1618 1771 1692 1808 sol-

1039 1829 1121 1865 lerti
1147 1827 1341 1874 Αηατίίαε,
1380 1833 1423 1863 ut
1450 1827 1514 1875 Vl,
1536 1829 1588 1867 38
1608 1828 1691 1864 init.

1039 1887 1096 1922 De
1118 1884 1277 1921 Anaxila
1298 1882 1399 1920 conf.
1419 1883 1482 1930 VI,
1503 1886 1570 1924 23.
1620 1884 1693 1929 Qui

1040 1941 1282 1978 socerTerilli
1294 1952 1383 1976 cum
1396 1940 1592 1987 esset,satis
1605 1953 1694 1990 per-

1041 1998 1207 2048 spicitur,
1229 1997 1379 2033 Siciliae
1406 2002 1584 2047 tyrannos
1614 2008 1691 2032 nou

1043 2055 1151 2090 aliter
1189 2060 1301 2103 atque
1323 2053 1486 2089 Graecos
1513 2058 1692 2102 tyrannos

1042 2110 1294 2147 matrimoniis
1322 2116 1434 2159 atque
1455 2108 1691 2156 cognationi-

1043 2168 1111 2203 bus
1123 2179 1161 2202 se
1173 2166 1335 2202 invicem
1346 2164 1441 2199 tueri
1450 2164 1692 2215 ipsorumque

1044 2221 1283 2259 dominatum
1294 2219 1444 2255 firmare
1455 2219 1628 2257 voluisse.

1231 2308 1323 2359 Cap.
1346 2309 1513 2346 CLXVI.

1101 2384 1155 2432 οἷς
1179 2385 1326 2437 συνέβη
1350 2402 1384 2425 κ.
1395 2402 1425 2426 τ.
1441 2387 1494 2435 λ.]
1517 2388 1694 2437 Pugnam

1044 2444 1253 2479 accuratius
1290 2442 1481 2494 descripsit
1507 2443 1694 2481 Diodorus

1044 2501 1113 2546 Xl,
1147 2502 1195 2538 21
1222 2512 1340 2551 seqq„
1371 2500 1590 2538 dissentiens
1611 2513 1694 2551 cap.

1046 2555 1098 2596 24
1130 2557 1176 2591 ab
1208 2556 1402 2594 Herodoto
1432 2557 1469 2592 in
1493 2569 1559 2604 eo,
1592 2555 1694 2608 quod

1049 2625 1125 2647 non
1163 2613 1356 2649 Salamine
1394 2625 1414 2648 a
1447 2613 1599 2650 Graecis
1628 2626 1694 2649 eo-

1049 2668 1136 2704 ‹lom
1158 2668 1216 2705 die
1228 2676 1441 2719 pugnatum
1453 2682 1531 2706 esse
1540 2669 1618 2705 vult
1629 2667 1694 2705 sed

1048 2723 1332 2776 Thermopylis.
1361 2726 1424 2762 Tu
1456 2725 1556 2762 conf.
1577 2726 1695 2762 Wes-

1048 2782 1181 2831 seling.
1220 2788 1300 2818 uot.
1380 2780 1475 2817 Mihi
1509 2787 1694 2831 praestare

1049 2836 1198 2875 vitietur
1211 2836 1394 2876 Herodoti
1409 2838 1619 2876 auctoritas.
1640 2857 1695 2864 ——

1862 2900 1881 3043 ι.
