1897 3340
609 234 642 269 E
670 233 702 268 R
729 231 765 267 A
795 229 833 266 T
863 228 908 266 O.
966 228 1040 265 VI.
1381 231 1464 270 339

205 340 499 397 ἀναλαβόντες
527 342 574 385 ἐκ
601 337 837 396 τῆςῖνήσου
865 337 912 380 ἐν
946 339 1000 392 τῇ
1022 334 1171 378 ἔλιπον
1200 335 1252 378 τὰ
1285 335 1327 388 ἐξ
1352 335 1465 391 Ἐρε-

199 411 320 466 τρίης
351 408 627 463 ἀνδράποδα,
658 405 932 456 περιέπλωον
949 401 1171 455 Σούνιον,
1202 402 1466 459 βουλόμενοι

199 480 372 532 φθῆναι
420 472 524 525 τούς
560 472 824 529 Ἀθηναίους
873 470 1132 526 ἀπικόμενοι
1167 470 1210 522 ἐς
1256 471 1302 515 τὸ
1342 471 1466 515 ἄστυ.

169 545 317 599 Ξαίτίη
347 542 392 585 δὲ
419 541 510 596 ἔσχε
549 540 597 583 ἐν
623 539 893 595 Ἀθηναίοισι
929 540 972 592 ἐξ
996 538 1363 594 Ἀλκμαιωνιδέων
1392 546 1523 596 μη-95

195 614 327 669 χανῆς
357 606 517 659 αὐτοὺς
537 611 673 652 ταῦτα
703 608 1008 664 ἐπινοηθῆναι·
1039 604 1226 658 τούτους
1258 607 1342 663 γὰρ
1365 620 1464 651 συν-

195 677 407 733 θεμένους
457 681 572 721 τοῖσι
617 675 815 733 Πέρσῃσι
855 674 1060 728 ἀναδέξαι
1105 672 1289 730 ἀσπίδα,
1339 675 1463 721 ἐοῦσι

137 864 361 914 recipientem
381 867 424 899 ut
443 860 600 912 exponit
610 858 796 912 Sehwgh.

135 921 327 967 reiieiens,
374 931 472 971 quae
506 919 610 969 prius
640 917 796 954 dederat

134 980 172 1015 in
184 979 332 1028 puppim
360 978 575 1024 remigantes
587 1003 597 1023 ‚
627 982 670 1012 ut
690 974 796 1012 idem

134 1034 213 1070 sere
245 1040 340 1070 esset
368 1039 483 1084 atque
510 1029 578 1071 ἐπὶ
604 1028 796 1081 πρύμνην

135 1085 504 1142 ἀνακρουσάμενοι,
533 1094 577 1124 ut
604 1089 705 1136 VIII,
727 1085 794 1129 84.

136 1146 216 1185 Sed
237 1147 387 1183 obstant
405 1141 455 1184 vc}
478 1141 673 1194 ἅφλαστα,
697 1156 795 1196 quae

135 1216 256 1240 manu
271 1203 393 1240 tenuit
408 1202 654 1253 Cynaegirus,
675 1214 797 1253 quae-

136 1273 212 1312 que
230 1261 271 1296 in
292 1261 411 1310 puppi
429 1259 542 1295 fuisse
562 1257 680 1294 niodo
695 1257 798 1294 dixi—

134 1330 236 1354 mus.
292 1318 391 1352 Hinc
412 1316 510 1352 bene
531 1315 745 1352 Gronovius
760 1321 798 1351 et

136 1373 436 1423 VVesselingius:
477 1372 627 1409 navibus
653 1372 797 1409 caeteris

136 1431 373 1476 inhibuerunt,
405 1436 447 1466 ut
477 1429 608 1465 Cle-ero
629 1428 799 1480 loquitur

135 1486 187 1524 ad
206 1487 286 1524 Att.
307 1486 412 1532 XIII,
434 1488 499 1532 21,
532 1484 580 1521 ad
602 1498 718 1536 quem
737 1485 798 1521 lo—

135 1556 226 1581 cum
245 1543 399 1580 Ernesti
417 1543 457 1578 in
480 1542 583 1579 Clav.
606 1543 684 1579 Cic.
707 1555 735 1578 s.
759 1555 796 1577 v.

135 1614 158 1637 e
174 1601 358 1637 Gronovii
379 1600 560 1636 Observv.
581 1598 646 1646 IV,
662 1600 714 1638 21
739 1598 798 1633 af-

134 1658 220 1705 fert,
259 1657 411 1694 z'nkz'bere
444 1657 548 1692 remis
573 1653 680 1691 idem
719 1667 798 1690 esse

135 1721 250 1766 atque
259 1708 450 1765 πρύμναν
459 1713 519 1749 vel
532 1710 596 1751 ἐπὶ
609 1706 798 1762 πρύμναν

133 1765 368 1823 κρούεσθαι.
405 1768 595 1806 Addimus
614 1767 798 1815 hocloco,

137 1825 242 1879 quod
272 1824 488 1863 Herodotus
514 1831 636 1872 tacet,
667 1822 799 1861 Thar-

135 1886 291 1934 sippum
327 1882 418 1927 vel,
466 1888 510 1918 ut
538 1882 602 1917 alii
629 1880 797 1928 tradunt,

136 1941 322 1978 Eucleem
331 1940 501 1990 primum
511 1938 689 1976 victoriae
700 1950 800 1974 nun-

138 1998 236 2035 tium
265 1994 436 2033 Athenas
479 1995 664 2043 attulisse,
706 2006 799 2046 quas

136 2066 270 2106 pugna
315 2052 478 2091 vixdum
521 2052 627 2088 finita
665 2058 798 2102 petens

137 2124 250 2148 eursu
270 2110 407 2158 citato,
445 2109 511 2145 ubi
542 2107 708 2155 advenit,
738 2109 800 2145 vi-

135 2169 295 2205 ctoriam
316 2167 516 2202 enuntians
535 2172 709 2202 mortuus
721 2177 799 2201 esse

134 2224 266 2261 fertur.
325 2222 436 2260 Conf.
468 2220 662 2263 Plutarch.
694 2223 730 2259 11
759 2235 800 2273 p.

138 2279 219 2322 347
242 2281 285 2317 C.

195 2336 302 2386 αἰτίη
334 2333 377 2375 δὲ
414 2335 527 2386 ἔσχε]
571 2332 801 2383 „Plutarchi

138 2394 250 2429 lectio
272 2393 326 2439 (ΙΙ
346 2406 383 2442 p.
405 2396 486 2434 862
507 2394 570 2443 C.)
602 2392 734 2442 αἰτίην
754 2389 797 2431 δὲ

141 2448 255 2499 ἔσχον
270 2447 377 2495 mihi,
390 2455 432 2484 ut
444 2450 536 2497 aliis,
551 2449 719 2499 genuina
737 2449 799 2486 Vi-

142 2504 313 2552 deretur,
363 2504 436 2541 nisi
478 2503 540 2542 hic
579 2511 799 2556 sequeretur

142 2557 303 2608 αὐτούς.
322 2560 467 2600 Αἰτίαι)
489 2559 600 2610 ἔχειν,
629 2568 672 2597 ut
687 2574 800 2612 saepe

144 2616 246 2668 apud
263 2615 354 2654 alios
368 2646 378 2664 ,
421 2616 523 2666 apud
550 2616 798 2653 Plutarchum

145 2675 259 2709 etiam
287 2673 474 2723 signifieat
502 2673 594 2718 dici,
627 2673 803 2721 perhiberi

145 2730 180 2764 ll
207 2743 244 2779 p·
276 2732 356 2770 803
390 2730 434 2766 C.
469 2731 549 2769 807
579 2729 625 2765 E·
655 2728 736 2769 850
756 2730 801 2766 B·

146 2785 226 2825 959
246 2786 292 2821 Ε.
316 2785 421 2825 1134
437 2786 483 2821 B.
498 2785 576 2823 vid.
590 2784 803 2822 casaubon.

144 2840 187 2877 in
206 2839 347 2878 Athen.
361 2842 419 2878 lx
438 2854 477 2893 p.
499 2844 581 2883 639
611 2853 642 2878 s,
667 2842 803 2882 3683.

854 859 975 910 [Add.
998 873 1019 897 a
1036 860 1109 898 Cr.
1130 858 1305 897 laudatus
1318 857 1519 897 Heindorf.

853 917 902 955 ad
938 918 1089 954 Platon.
1121 918 1239 967 Gorg.
1261 918 1298 962 ξ.
1333 918 1409 955 126
1430 929 1521 966 pag.

855 973 957 1022 194,
998 975 1063 1010 ubi
1095 973 1228 1025 αἰτίαν
1260 972 1361 1023 ἔχειν
1384 973 1425 1009 in
1446 973 1520 1009 bo-

852 1043 945 1067 nam
967 1043 1121 1082 quoque
1142 1029 1342 1067 adhibetur
1356 1035 1519 1079 partem,

854 1088 1023 1139 itemque
1051 1087 1262 1126 αἰτιᾶσθαι
1293 1086 1373 1123 aliis
1393 1085 1520 1134 locis]

853 1145 937 1181 Mos
949 1146 1105 1180 usitatus
1121 1141 1311 1180 scribendi
1329 1143 1405 1178 illic
1419 1155 1520 1194 quo-

855 1214 931 1252 que
950 1201 1126 1238 substitui
1140 1201 1267 1250 potuit
1287 1197 1521 1236 Herodoteo.

855 1256 968 1304 Quod
996 1258 1077 1294 aliis
1111 1255 1297 1294 diceretur
1326 1255 1459 1295 αἰτίαν
1480 1254 1520 1294 ἕ-

854 1326 992 1366 χουσιν
1012 1309 1319 1362 Ἀλκμαιωνίὸαι
1362 1314 1517 1360 φονεῦ-

856 1382 921 1410 σαι
945 1365 1095 1417 αὕτοῦς
1116 1370 1178 1407 vel
1196 1371 1270 1408 τοῦ
1290 1364 1422 1418 φόνου
1446 1363 1520 1407 αὕ-

853 1429 934 1466 τῶν
954 1426 1011 1478 (ut
1030 1425 1389 1478 Aeschyl.Eulnen.
1415 1425 1518 1475 582)

853 1483 894 1521 id
922 1483 1118 1521 Herodoto
1152 1482 1289 1520 dicitur
1321 1484 1519 1532 φονεῦσαι

856 1536 1005 1587 αὐτούς
1024 1540 1130 1590 αἰτίη
1156 1539 1233 1590 ἔχει
1255 1535 1520 1589 Ἀλκμαιωνί-

855 1598 926 1644 δας
945 1597 992 1644 V,
1015 1600 1083 1644 71,
1105 1603 1146 1632 ut
1167 1609 1251 1646 cap.
1272 1598 1326 1635 70
1351 1595 1448 1644 [ubi
1467 1594 1518 1631 cs.

854 1654 971 1702 nott.]
1003 1649 1073 1692 τὸν
1093 1650 1319 1702 Κλεομένεα
1342 1647 1419 1702 εἶχε
1453 1650 1518 1689 αἰ-

855 1711 920 1760 τίη
940 1712 1101 1759 φοιτᾶν.
1132 1708 1196 1746 Ad
1215 1710 1326 1745 istam
1339 1720 1519 1744 normam

856 1767 991 1805 ordine
1011 1780 1080 1803 suo
1112 1765 1175 1803 hic
1195 1766 1312 1803 verba
1338 1765 1519 1802 collocari

855 1830 1083 1875 potuerant:
1132 1822 1238 1872 αἰτίη
1266 1820 1309 1861 δὲ
1341 1821 1425 1872 ἔσχε
1446 1816 1519 1860 αὕ-

854 1877 949 1927 τοΰς
979 1878 1076 1930 (ἐν)
1105 1873 1368 1929 Ἀθηναίοισι
1393 1879 1518 1916 ταῦτα

855 1936 1140 1987 ἐπινοηθῆναι,
1161 1934 1262 1972 istud
1284 1935 1518 1984 excogitasse

856 1991 1155 2044 perhibebantur
1183 1990 1286 2042 apud
1301 1989 1518 2027 Athenien-

855 2064 913 2088 ses
950 2049 990 2098 ἐξ
1020 2045 1356 2100 Ἀλκμαιωνιδὲων
1393 2062 1519 2098 μηχα-

855 2108 943 2158 νῆς.
1003 2104 1198 2142 Plutarchi
1223 2112 1354 2142 tamen
1383 2105 1520 2141 lectio-

855 2176 960 2212 nem,
977 2163 1008 2200 si
1025 2162 1174 2200 codices
1194 2162 1435 2212 praeberent,
1457 2173 1519 2197 re-

857 2220 1067 2272 ciperem.“
1112 2218 1341 2257 Valcken.
1389 2218 1518 2269 Atque

856 2275 1069 2316 Larcherus
1109 2289 1266 2328 quoque
1322 2272 1519 2311 Plutarchi

856 2334 1022 2386 praefert
1041 2334 1259 2371 lectionem.
1281 2333 1416 2383 Neque
1428 2343 1519 2368 vero

854 2389 952 2429 mihi
970 2389 1206 2428 sollicitanda
1223 2387 1374 2427 videtur
1384 2389 1519 2438 vulga-

854 2455 916 2496 ta,
960 2449 1067 2485 cuius
1094 2448 1180 2484 loco
1209 2448 1249 2483 in
1283 2446 1518 2491 Florentino,

854 2503 1048 2552 mediceo,
1103 2505 1183 2540 aliis
1233 2502 1412 2552 αἰτίην
1464 2498 1520 2540 δὲ

856 2560 1015 2611 ἔσχεν.
1057 2582 1109 2588 --
1153 2559 1217 2596 Ad
1249 2558 1521 2608 ἐπινοηθῆναι

857 2618 959 2655 conf.
980 2616 1117 2654 Matth.
1139 2618 1205 2654 Gr,
1231 2617 1299 2653 Gr.
1319 2628 1408 2666 pag.
1425 2617 1521 2654 930·

856 2673 1153 2712 Alelnaeonidas
1175 2673 1279 2709 enim
1300 2677 1429 2707 narrat
1441 2671 1521 2705 He-

856 2729 1014 2767 rodotus
1052 2743 1102 2766 ex
1151 2729 1362 2779 composito
1398 2725 1521 2761 PersiS

859 2799 982 2838 quum
1010 2787 1087 2822 iam
1117 2786 1157 2822 in
1184 2785 1344 2821 navibus
1385 2787 1519 2826 essent,

859 2840 1245 2895 clypeum(tanquam
1255 2838 1427 2890 signum)
1437 2849 1522 2874 sus-

1878 531 1897 558 sl

1878 763 1897 814 ’ἐξ
1877 741 1897 758 ἱ
1878 718 1897 738 Ξ

1878 905 1897 975 ‘⁴⁸3-
1877 829 1897 894 '3911

1879 1799 1897 1909 '1¹2‘

1878 1998 1897 2041 ’.ί

1875 2819 1897 2848 Α
1876 2613 1897 2796 m*
1876 2213 1897 2560 *ες-ε--ι-θ-Ἦ--ε-π-ει
1878 2131 1897 2178 ae

1880 3011 1897 3060 ,ῖ-
1875 2871 1897 3006 &Q

1874 3060 1897 3233 “21:9¹2
