1897 3340
435 281 518 321 692
828 273 1290 313 HERODOTI

1871 292 1873 320 ι

440 389 577 444 βαρος
601 385 729 439 νικᾷ,
759 383 812 428 τά
838 400 883 428 τε
910 382 1107 440 χρήματα
1138 381 1258 440 αὐτῷ
1292 378 1477 432 διδόναι,
1506 380 1581 423 καὶ
1606 382 1689 437 γῆν
1870 324 1873 370 Ι

438 469 483 498 τε
522 453 595 498 καὶ
631 450 749 505 ὕδωρ
788 455 875 495 τῶν
919 451 1037 506 ἄρχει
1066 450 1089 493 ὁ
1122 451 1288 493 Γέλων·
1321 447 1376 505 ἢν
1405 447 1451 492 δὲ
1479 446 1692 503 οἱἝλλη-

281 525 380 570 164
435 537 528 574 νες,
573 519 709 565 ὀπίσω
751 516 943 574 ἀπάγειν.
994 516 1043 560 Ὁ
1073 518 1119 561 δὲ
1153 517 1332 572 Κάδμος
1362 510 1515 568 οὗτος,
1542 514 1690 571 πρότε-
1702 520 1746 555 10
1844 507 1849 534 ’

1871 735 1873 768 i

113 591 275 621 Obstssrsse
302 589 382 617 ΟΜ·
441 604 523 643 ρον
559 585 729 630 τούτων
764 585 1111 641 παραδεξάμενος
1146 584 1264 640 παρὰ
1303 582 1467 638 πατρὸς
1503 582 1583 639 τήν
1619 599 1692 626 τυ-

114 623 383 694 ἷῗὲ”10(ἷῑέἶ’ῑᾞῗῐὲ·
439 655 625 710 ραννίδα
653 651 794 696 Κώων
824 647 873 696 εὖ
904 655 1150 708 βεβηκυῖαν,
1181 651 1291 695 ἑκών
1321 668 1364 694 τε
1387 649 1498 694 εἶναι
1520 650 1594 694 καὶ
1611 650 1692 692 δει-

112 695 199 726 simo,
219 692 300 731 cuias
311 698 382 731 ope-

112 735 147 754 ra
164 726 260 754 Gelon
278 733 307 752 ιιι
331 724 385 751 1110

113 760 234 796 negotio
245 767 315 786 usus
327 761 382 786 est.

387 895 462 933 bris
500 894 626 931 invitis
661 891 702 930 id
733 892 900 944 recipere
920 891 1039 932 nolui.

386 950 450 988 Ad
483 952 560 1002 γῆν
592 964 632 989 τε
659 947 726 988 καὶ
755 945 864 1001 ὕδωρ
886 946 1042 988 διδόναι

389 1007 474 1057 (ubi
493 1006 655 1044 verbum
671 1000 828 1044 διδόναι
851 1006 965 1042 etiam
978 1018 1044 1041 ac-

390 1065 516 1114 cipere
550 1063 638 1098 licet
676 1061 843 1110 offerendi
868 1061 1043 1112 notione)

394 1119 497 1156 conf.
518 1119 630 1155 allata
650 1117 699 1154 ad
713 1118 758 1166 V,
783 1120 847 1158 17.

579 1218 670 1270 Cap.
694 1217 858 1256 CLXIV.

444 1295 492 1336 Ὅ
516 1293 559 1335 δὲ
580 1291 747 1346 Κάδμος
788 1289 928 1344 οὗτος]
966 1297 1049 1332 Iam

391 1366 504 1404 supra
524 1351 636 1390 huius
661 1352 793 1389 Cadmi
819 1353 963 1388 mentio
984 1353 1047 1400 VI,

393 1413 458 1450 23.
482 1407 547 1457 24,
579 1422 696 1461 quem
716 1409 794 1444 eius
816 1409 972 1459 Scythae
998 1408 1046 1444 fi-

393 1467 491 1502 lium
511 1463 645 1502 haberi
678 1465 824 1512 volunt,
856 1467 921 1517 qui
943 1467 1049 1501 Zan-

395 1523 591 1559 claeorum
611 1534 679 1558 rex
699 1534 720 1557 a
739 1522 852 1558 Dario
874 1522 1048 1558 omnium

396 1585 451 1615 est
472 1576 622 1615 habitus
642 1578 878 1614 iustissimus.
938 1576 1048 1622 Quod

395 1647 518 1685 quum
545 1636 613 1672 vix
642 1634 804 1683 patiatur
831 1641 1049 1684 temporum

395 1691 489 1726 ratio
504 1719 514 1737 ,
558 1696 736 1740 patruum
764 1689 898 1726 Cadmi
939 1690 1049 1726 fuisse

394 1746 505 1782 illum
526 1746 678 1782 coniicit
709 1744 894 1782 Valcken.
915 1758 1048 1796 quum,

394 1802 468 1838 nisi
489 1801 625 1838 eadem
660 1814 709 1837 ex
739 1801 882 1838 familia
908 1802 1048 1850 fuisset,

396 1859 539 1894 mirum
557 1871 647 1895 sane
660 1887 670 1905 ‚
701 1857 804 1908 quod
825 1857 990 1895 Cadmus
1010 1859 1050 1894 in

396 1915 569 1952 Siciliam
620 1914 790 1950 Zanclen
837 1913 1050 1951 habitatum

397 1971 636 2019 concesserit,
658 1983 774 2021 quam
785 1969 946 2023 Scythes
958 1971 1050 2008 olim

397 2028 558 2077 imperio
606 2033 790 2063 tenuerat.
877 2027 1051 2072 Quocum

398 2083 544 2120 Cadmo
605 2083 820 2135 Samiisque
869 2082 1049 2134 Epichar-

398 2153 528 2186 mum,
567 2146 720 2189 poetam
749 2140 1052 2188 celeberrimum,

402 2209 452 2232 ex
473 2196 639 2232 Coorum
668 2196 792 2231 insula
820 2197 859 2232 in
881 2196 1052 2233 Siciliam

399 2252 544 2288 venisse
570 2252 639 2287 sub
672 2251 823 2301 Olymp.
852 2254 907 2291 72
939 2251 1051 2288 tradit

401 2306 538 2343 Suidas
565 2319 594 2343 s.
615 2319 650 2342 v.
670 2306 844 2356 Ip-842·
865 2307 936 2350 Qui
952 2306 1055 2342 idem

402 2362 468 2398 ubi
489 2362 654 2397 Zanclae
684 2362 851 2410 primum
880 2374 1055 2398 commo-

403 2423 503 2454 ratus
524 2422 615 2463 erat,
635 2417 788 2465 Megara
808 2414 895 2452 hinc
908 2430 948 2453 se
960 2430 1055 2454 con-

402 2473 489 2510 tulit
506 2473 643 2523 hibique
672 2485 761 2509 cum
801 2471 944 2510 Cadmo
982 2487 1054 2510 un-

404 2528 530 2566 decim
550 2528 669 2564 serme
690 2540 808 2564 annos
823 2526 885 2579 (ab
898 2531 1053 2581 Olymp.

1098 893 1180 940 VII,
1203 892 1294 933 156.
1313 891 1399 929 Vid.
1420 892 1573 944 Grysar,
1592 893 1650 928 De
1668 891 1751 927 Do-

1099 950 1227 985 rienss.
1268 947 1442 987 comoed.
1484 963 1520 999 p.
1565 950 1643 989 138
1672 959 1752 997 seq.

1104 1003 1193 1044 141.
1210 1001 1365 1043 146.—
1384 1005 1477 1040 Mox
1495 1000 1648 1044 τούτων
1662 1002 1751 1039 dedi

1100 1073 1169 1111 pro
1190 1058 1373 1099 τουτέων.

1161 1120 1208 1166 εὖ
1216 1126 1464 1178 βεβηκυῖαν]
1508 1127 1534 1163 i.
1555 1139 1589 1163 e.
1619 1121 1752 1165 εὐστα-

1104 1185 1165 1233 θῆ
1191 1183 1272 1220 bene
1300 1183 1505 1220 stabilitam.
1562 1183 1754 1233 Frequens

1104 1241 1244 1276 locutio
1272 1238 1318 1275 de
1339 1241 1394 1286 iis,
1416 1251 1503 1289 quae
1513 1239 1621 1289 firmo
1646 1241 1755 1275 certo-

1105 1309 1169 1346 que
1191 1297 1294 1345 quasi
1313 1295 1435 1344 gradu
1454 1297 1542 1332 nixa
1560 1296 1756 1332 consistunt

1106 1352 1166 1400 (ut
1185 1350 1459 1388 Hemsterhusii
1478 1358 1562 1388 utar
1575 1351 1696 1388 verbis
1707 1349 1755 1386 ad

1103 1409 1262 1448 Lucian.
1275 1409 1372 1446 Dial.
1385 1409 1499 1445 Deor.
1512 1407 1578 1454 25,
1589 1410 1615 1448 2
1625 1421 1662 1457 p.
1675 1407 1756 1447 328

1103 1466 1152 1504 Τ.
1177 1466 1213 1501 II
1232 1463 1363 1515 Bip.)‚
1396 1477 1494 1516 quae
1522 1465 1637 1514 igitur
1659 1463 1756 1499 bene

1105 1522 1306 1558 constituta
1324 1527 1422 1568 sunt,
1465 1533 1561 1572 quae.
1589 1519 1758 1556 maxime

1104 1578 1253 1623 florent,
1265 1577 1478 1614 firmissimo
1490 1590 1532 1614 ac
1544 1576 1757 1613 felicissimo

1104 1640 1191 1670 sunt
1206 1635 1244 1669 in
1256 1640 1365 1680 statu,
1386 1640 1429 1670 ut
1449 1632 1551 1684 apud
1569 1632 1757 1678 Paus.111,

1105 1693 1131 1730 7
1153 1691 1187 1734 ξ.
1213 1692 1264 1729 10
1293 1689 1389 1738 (ubi
1408 1703 1486 1726 non
1518 1689 1615 1739 fugit
1633 1690 1758 1724 Hero-

1106 1744 1184 1782 doti
1213 1746 1317 1782 locus
1337 1745 1519 1783 editorem
1532 1775 1542 1794 ,
1572 1745 1645 1781 alia
1660 1757 1760 1796 quo-

1106 1814 1181 1853 que
1202 1801 1436 1849 afferentem,
1466 1816 1503 1853 p.
1527 1804 1578 1843 18
1599 1800 1759 1850 Siebel.)

1105 1857 1321 1895 Philostrat.
1342 1859 1386 1898 V.
1408 1859 1535 1909 Apoll.
1547 1858 1611 1905 IV,
1628 1859 1666 1906 8,
1688 1857 1760 1894 ali-

1106 1916 1158 1952 bi.
1180 1937 1229 1942 —
1261 1913 1323 1951 Ad
1343 1928 1503 1966 sequens
1525 1911 1651 1953 ἓκιδν
1683 1927 1700 1952 ε
1714 1909 1759 1951 ἷ-

1109 1986 1199 2010 ναι
1228 1971 1329 2008 conf.
1363 1969 1496 2008 Matth.
1525 1972 1592 2008 Gr.
1624 1970 1689 2007 Gr.
1720 1969 1758 2014 ξ.

1110 2026 1190 2067 545
1205 2039 1293 2077 pag.
1311 2030 1427 2068 1070.
1450 2028 1585 2077 Attigit
1605 2037 1758 2078 quoque

1109 2081 1282 2120 Thomas
1303 2084 1451 2134 Magist.
1466 2097 1503 2134 p.
1525 2083 1618 2122 291.
1658 2081 1758 2126 Quin

1110 2140 1223 2175 etiam
1235 2136 1391 2185 ἑκόντες
1403 2136 1503 2178 εἶναι
1513 2140 1649 2174 Noster
1657 2138 1759 2185 VIII,

1109 2197 1174 2234 30.
1195 2195 1263 2241 IX,
1284 2197 1310 2233 7
1341 2196 1376 2239 ξ.
1398 2194 1436 2235 4.
1466 2194 1533 2232 Cr.
1553 2194 1691 2231 excitat
1710 2194 1758 2230 G.

1107 2252 1318 2290 Hermann,
1340 2252 1396 2286 De
1425 2251 1558 2301 Ellipsi
1589 2257 1625 2286 et
1643 2250 1760 2286 Pleo-

1110 2317 1243 2341 nasmo
1263 2306 1300 2341 in
1321 2307 1414 2356 ling.
1437 2308 1502 2347 Gr.
1519 2306 1704 2344 inwolffi
1723 2312 1761 2343 et

1110 2362 1331 2398 Buttmann.
1366 2364 1465 2401 Mus.
1495 2361 1608 2400 Stud.
1627 2363 1760 2414 Antiq.

1109 2418 1193 2454 vol.
1215 2419 1231 2453 1
1251 2431 1337 2468 pag.
1358 2421 1453 2460 210.
1511 2420 1576 2456 Tu
1606 2417 1694 2456 add.
1716 2419 1761 2455 Ο.

1108 2472 1300 2510 Eichhoff.
1322 2476 1360 2510 in
1380 2475 1583 2526 scriptione
1613 2474 1661 2511 ad
1677 2475 1758 2522 VII,

1110 2530 1163 2570 52
1184 2529 1332 2567 laudata
1353 2544 1392 2581 p.
1415 2530 1481 2573 45.
1511 2553 1567 2559 —-
1605 2532 1648 2568 Iu
1668 2543 1760 2582 pro-

405 2588 471 2633 73,
492 2587 516 2625 3
532 2597 651 2635 usque
671 2583 719 2620 ad
748 2585 896 2636 Olymp.
918 2589 983 2633 73,
1006 2587 1051 2636 2)
1105 2587 1464 2638 ximisKoeniuspro
1478 2583 1653 2634 ἐπιόντος
1663 2600 1760 2625 con-

404 2641 634 2692 permausit,
663 2653 782 2691 usque
810 2640 901 2677 dum
921 2643 1052 2692 Mega-

404 2698 453 2734 ris
480 2709 502 2733 a
535 2697 680 2734 Gelone
713 2698 827 2748 captis
848 2699 1052 2749 Syracusas

404 2751 539 2790 cedere
578 2759 799 2803 cogeretur,
840 2767 938 2791 unus
972 2756 1049 2794 scil.

403 2812 484 2847 τῶν
503 2807 677 2859 παχέων,
720 2822 813 2861 qnos
847 2811 1052 2861 Syracusas

403 2864 613 2903 transduxit
642 2866 759 2914 Gelo,
808 2872 849 2903 ut
891 2867 1052 2917 legimus

1108 2642 1196 2679 iecit
1214 2640 1410 2690 ἐπεόντος.

1165 2695 1245 2737 dno*
1255 2695 1527 2749 δικαιοσύνης]
1537 2696 1757 2736 VidMatth.

1109 2755 1173 2791 Gr.
1196 2756 1262 2791 Gr.
1284 2756 1320 2800 §.
1341 2756 1422 2796 573
1443 2767 1529 2806 pag.
1555 2757 1670 2795 1131.
1693 2753 1755 2791 Ad

1108 2811 1229 2861 ipsam
1247 2812 1483 2859 sententiam,
1504 2810 1552 2847 ad
1564 2823 1680 2862 quam
1700 2817 1759 2847 et-

1110 2868 1187 2904 iam
1207 2867 1350 2905 attendi
1372 2868 1476 2905 iubet
1504 2866 1757 2905 Hoffmeister.

1844 669 1848 700 l

441 724 525 765 νοῦ
553 719 747 771 ἐπιόντος
768 717 963 772 οὐδενός,
991 718 1097 762 ἀλλὰ
1127 717 1211 763 ἀπὸ
1234 719 1523 774 δικαιοσύνης,
1552 716 1595 768 ἐς
1621 716 1692 773 μέ·
1840 730 1848 776 f

1844 782 1849 875 ἱ

1843 906 1848 923 2
