1897 3340
389 208 473 248 766

790 202 1248 242 HERODOTI

391 315 433 367 ἐς
469 314 549 373 τήν
578 315 778 371 Πυλαίην
807 310 1152 368 συλλεγομένων,
1194 309 1404 367 ἀργύριον
1433 309 1639 367 ἐπεκηρύ-

391 388 491 440 χθη.
549 383 691 440 χρόνῳ
731 382 777 425 δὲ
817 381 1023 434 ὕστερον,
1051 383 1238 434 κατῆλθε
1277 378 1360 434 γὰρ
1390 378 1432 429 ἐς
1458 377 1694 422 Ἀντικύ-δο

364 458 490 508 3ρην,
523 449 714 494 ἀπέθανε
741 447 829 492 ὑπό
855 447 1115 503 Ἀθηνάδεω,
1148 445 1308 500 ἀνδρός
1341 447 1586 501 Τρηχινίου.
1616 443 1640 489 ὁ

392 520 437 563 δὲ
464 517 704 575 Ἀθηνάδης
733 510 864 566 οὗτος
885 513 1099 558 ἀπέκτεινε
1127 514 1205 569 μὲν
1231 511 1455 556 Ἐπιάλτεα
1484 512 1536 556 δι’
1568 512 1641 556 ἅλ-

390 591 471 643 λην
503 587 664 640 αἰτίην,
694 582 774 638 τὴν
803 581 885 638 ἐγώ
915 581 962 625 ἐν
988 586 1103 626 τοῖσι
1132 581 1285 626 ὄπισθε
1313 581 1480 637 λόγοισι
1509 591 1641 637 σημα-

335 783 361 822 4
383 795 418 831 p.
440 781 491 820 83
514 791 605 830 seq„
626 776 688 814 cui
708 774 794 813 add.
813 775 925 812 citata
941 775 988 811 ab

337 838 380 874 C.
411 838 473 872 Fr.
503 837 713 870 Hermann.
755 830 989 869 Griechisch.

337 889 610 930 Staatsalterth.
640 891 677 934 ξ.
709 887 772 928 14.
831 889 989 938 Utrique

335 947 424 985 huic
435 948 646 997 legatorum
658 944 799 994 generi,
821 944 990 994 Pylago-

334 1006 383 1041 ris
403 1016 524 1055 aeque
554 1009 666 1053 atque
694 1001 990 1035 Hieromnemo-

334 1061 444 1098 nibus
457 1055 990 1107 communeAmphictyonum

334 1129 478 1154 nomen
508 1127 628 1167 quum
657 1114 875 1159 conveniat,
903 1112 990 1148 satis

333 1173 568 1222 intelligitur,
600 1183 667 1207 cur
691 1168 819 1205 addita
847 1169 921 1205 sint
949 1166 988 1205 h.

332 1230 361 1267 1.
380 1230 495 1267 verba
526 1230 605 1266 τῶν
624 1220 927 1277 Ἀμφικτυόνων
951 1222 990 1270 ἐς

335 1282 411 1336 τήν
453 1284 637 1334 Πυλαίην
675 1279 989 1332 συλλεγομένωντ

336 1354 435 1394 quae
473 1341 587 1378 verba
619 1339 810 1375 immerito
848 1335 992 1373 Reiskii

335 1397 590 1448 suspicionem
628 1399 852 1441 moverunt3
901 1399 991 1429 sunt

337 1456 441 1491 enim
460 1454 523 1490 illa
543 1452 749 1490 sanissima,
807 1450 864 1486 Ac
902 1450 990 1486 Πυ-

335 1511 466 1561 λαίην,
487 1522 584 1561 quae
613 1521 690 1546 vox
719 1507 887 1557 primum
907 1505 991 1556 qui-

337 1566 426 1604 dem
446 1565 494 1603 ad
516 1565 629 1616 Pylas
649 1578 679 1602 s.
708 1561 990 1612 Thermopylas

333 1624 496 1675 pertinet
517 1622 676 1673 (quippe
698 1632 773 1671 quo
794 1620 878 1656 loco
909 1618 990 1668 pri-

334 1681 450 1717 mitus
472 1691 550 1715 uno
581 1689 793 1714 convenere
823 1673 991 1724 Amphi-

334 1735 512 1787 ctyones)
543 1740 579 1770 et
600 1732 647 1769 ad
676 1738 882 1769 conventus
908 1732 990 1781 Py-

335 1794 448 1839 laeos,
469 1797 597 1842 postea
610 1819 620 1837 ,
658 1789 724 1825 ubi
743 1785 898 1838 Delphis
918 1799 991 1837 po-

334 1849 520 1886 tissimum
530 1850 761 1884 conventum
772 1845 824 1880 illi
842 1842 991 1879 habue-

337 1911 436 1952 runt,
478 1905 610 1940 latiore
635 1914 748 1938 sensu
781 1899 828 1937 de
857 1900 991 1952 quovis

335 1967 527 2000 conventu
567 1956 862 2009 Amphictyonio
917 1955 991 1992 dici

335 2020 414 2056 sive
442 2017 584 2068 Pylaeo
615 2015 691 2064 (cf.
731 2012 872 2051 Herod.
906 2013 988 2059 VII,

336 2074 436 2122 200)
457 2075 533 2110 sive
548 2070 745 2122 Delphico,
761 2068 864 2122 haud
879 2068 990 2119 pauci

336 2130 584 2180 comprobant
596 2128 668 2164 loci
679 2127 724 2163 ab
739 2125 875 2163 eodem
886 2126 990 2161 Titt-

335 2199 478 2222 manno
511 2185 657 2222 collecti
686 2184 711 2220 l.
735 2184 762 2220 l.
787 2195 868 2232 cap.
896 2182 929 2218 V
950 2182 988 2226 ξ.

336 2240 362 2280 4
382 2255 418 2291 p.
440 2244 507 2281 78.
563 2240 626 2277 Ad
654 2238 726 2275 hoc
746 2251 836 2275 vero
858 2237 989 2273 conci-

335 2298 431 2333 lium
459 2309 579 2347 quum
607 2307 756 2332 summa
787 2294 990 2343 pertineret

335 2366 425 2390 cura
454 2365 580 2388 rerum
612 2351 848 2401 publicarum
875 2348 988 2384 totius

334 2409 513 2446 Graeciae
535 2420 555 2443 a
576 2406 770 2443 communi
785 2404 891 2441 hoste
900 2405 986 2440 vin-

336 2464 517 2502 dicandae
538 2470 575 2500 et
593 2461 791 2508 tutandae,
819 2461 987 2512 sequitur

336 2520 437 2569 inde,
459 2533 541 2568 eos,
562 2521 627 2571 qni
648 2518 695 2555 de
715 2518 870 2555 Graecia
891 2517 986 2552 bene

336 2578 579 2623 meruissent,
615 2576 764 2627 publice
784 2587 804 2609 a
824 2574 988 2624 Pylago-

336 2635 386 2671 ris
415 2631 618 2670 collaudari
645 2631 893 2682 praemiisque
924 2642 987 2665 or-

338 2691 419 2726 nari
447 2690 611 2740 potuisse
644 2686 716 2739 (cf.
738 2686 880 2723 Herod.
904 2687 984 2733 Vll,

338 2749 470 2794 228„
518 2747 583 2797 qui
627 2757 716 2782 vero
773 2743 987 2780 communis

336 2803 569 2840 Graecorum
611 2801 740 2839 salutis
779 2798 986 2851 proditores

1045 775 1280 823 exstitissent,
1296 776 1338 813 iis
1361 788 1523 827 poenam
1535 775 1582 812 ab
1598 775 1695 810 Am-

1043 830 1295 883 phictyonum
1313 834 1471 869 concilio
1492 833 1697 881 irrogatam

1044 888 1169 927 fuisse.
1226 888 1343 923 Plura
1363 887 1465 924 dabit
1480 889 1696 926 Tittmann.

1043 944 1069 980 l.
1090 944 1115 982 l.
1145 956 1228 994 cap.
1254 943 1288 980 V
1315 944 1351 988 ξ.
1375 945 1414 984 6.
1434 945 1483 990 7,’
1505 945 1570 996 qui
1599 944 1696 980 bene

1044 998 1133 1036 hinc
1158 1000 1366 1049 suspicatur
1388 1012 1427 1049 p.
1449 1002 1548 1047 121,
1568 1001 1698 1036 conci·-

1043 1057 1137 1092 linm
1148 1054 1258 1103 istud,
1280 1054 1385 1106 quod
1399 1056 1439 1090 in
1449 1049 1592 1092 Isthmo
1603 1053 1701 1092 con-¹

1043 1119 1245 1162 gregatum
1272 1110 1319 1148 de
1349 1112 1546 1148 communi
1579 1112 1699 1148 Grae-

1045 1170 1125 1205 ciae
1154 1169 1273 1205 salute
1300 1180 1343 1204 ac
1365 1166 1412 1204 de
1441 1168 1597 1216 ratione,
1623 1166 1698 1218 qua

1045 1225 1189 1262 bellum
1209 1230 1401 1274 gereretur
1412 1225 1624 1276 Persaeque
1637 1236 1698 1259 re-

1046 1281 1276 1332 pellerentur
1309 1278 1381 1331 (cf.
1410 1281 1493 1328 VII,
1518 1279 1595 1321 145
1624 1280 1698 1315 ibi-

1049 1351 1122 1389 que
1137 1335 1268 1387 nott.),
1284 1335 1525 1383 deliberabat,
1537 1333 1699 1386 Amphi-

1047 1395 1244 1445 ctyonium
1259 1393 1370 1429 fnisse
1381 1394 1641 1443 mulctamque
1651 1392 1698 1428 ab

1047 1450 1184 1487 eodem
1204 1450 1363 1486 concilio
1383 1451 1426 1487 iis
1456 1450 1608 1486 Graecis
1620 1461 1700 1485 esse

1044 1507 1238 1553 inflictam,
1267 1506 1298 1542 si
1325 1507 1390 1557 qui
1421 1505 1469 1542 ad
1498 1506 1700 1542 Persarum

1043 1570 1167 1614 partes
1205 1575 1245 1599 se
1278 1563 1568 1609 convertissent,
1604 1567 1700 1598 teste

1045 1618 1185 1658 Herod.
1209 1618 1289 1666 VII,
1314 1621 1406 1658 132.
1447 1618 1516 1656 Cr.
1536 1617 1700 1654 conferri

1044 1677 1126 1713 vult
1145 1677 1337 1711 Letronne
1364 1676 1404 1711 iu
1418 1674 1621 1711 Memoires
1651 1672 1700 1710 de

1045 1731 1190 1770 l’Acad.
1207 1730 1271 1768 des
1281 1732 1448 1782 Inscript.
1461 1732 1512 1767 T.
1522 1730 1572 1768 Vl
1593 1727 1698 1781 (ann.

1050 1789 1174 1837 1822)
1204 1800 1291 1838 pag.
1322 1789 1404 1829 252
1432 1800 1509 1839 seq.
1537 1807 1595 1813 -—
1640 1787 1700 1822 De

1045 1845 1217 1894 Anticyra
1236 1843 1314 1881 vid.
1334 1851 1429 1882 nott.
1451 1843 1499 1880 ad
1509 1843 1589 1890 VII,
1605 1843 1700 1883 198.

1101 1898 1176 1951 τὴν
1194 1897 1270 1952 ἐγώ
1287 1899 1329 1939 ἐν
1344 1904 1446 1939 τοῖσι
1464 1896 1611 1939 ’ὄπισθε
1631 1894 1699 1937 λό-

1044 1968 1149 2008 γοισι
1172 1955 1372 2007 σημανέω]
1394 1958 1544 1993 Frustra
1562 1956 1602 1991 in
1615 1955 1697 1990 He·-

1045 2012 1169 2050 rodoti
1188 2013 1301 2060 libris,
1334 2014 1399 2065 qui
1418 2011 1543 2049 adhuc
1562 2023 1696 2060 super·-

1044 2076 1142 2118 sunt,
1163 2081 1205 2105 ea
1216 2082 1384 2121 quaeras,
1406 2081 1503 2120 quae
1521 2064 1698 2116 deEphi-

1045 2127 1119 2162 alte
1151 2139 1190 2162 se
1212 2132 1472 2162 enarraturum
1502 2136 1580 2159 esse
1609 2122 1649 2158 h.
1667 2122 1695 2161 l.

1042 2182 1240 2232 pollicetur
1258 2179 1432 2217 historiae
1451 2186 1570 2230 pater.
1598 2179 1698 2214 Pro-

1042 2236 1143 2283 inde,
1158 2237 1207 2272 ait
1219 2237 1507 2286 Wesselingius,
1521 2241 1586 2271 aut
1597 2235 1697 2271 obli*-

1042 2299 1102 2329 tus
1124 2305 1257 2328 eorum
1277 2294 1435 2342 scriptor
1449 2297 1524 2339 est,
1546 2297 1611 2327 aut
1631 2289 1697 2327 de-

1041 2355 1128 2385 sunt
1164 2350 1298 2385 multa.
1355 2349 1486 2384 Malim
1517 2345 1696 2398 equidem

1041 2411 1215 2452 statuere,
1237 2417 1352 2456 quem
1368 2417 1488 2456 usque
1508 2402 1556 2440 ad
1568 2410 1696 2440 extre-

1041 2474 1150 2497 mum
1180 2463 1278 2498 vitae
1301 2460 1404 2497 diem
1429 2462 1469 2496 in
1490 2472 1602 2510 opere
1622 2471 1696 2510 po-

1041 2516 1170 2554 liendo
1191 2524 1304 2569 atque
1328 2515 1556 2554 absolvendo
1577 2528 1694 2553 occu-

1041 2581 1172 2624 patum
1185 2587 1263 2612 esse
1277 2575 1452 2612 novimus
1461 2571 1693 2619 historicum,

1042 2643 1132 2666 enm
1169 2629 1405 2681 praematura
1432 2635 1554 2666 morte
1582 2629 1692 2665 abre-

1041 2693 1151 2737 ptum
1171 2701 1248 2724 non
1269 2688 1432 2737 potuisse
1459 2687 1499 2722 in
1527 2697 1692 2736 sequen-

1040 2743 1140 2780 tibus
1159 2757 1226 2781 suo
1247 2744 1329 2780 loco
1350 2742 1522 2790 adiicere,
1538 2741 1691 2793 quaein

1039 2805 1169 2836 mente
1216 2798 1368 2848 habuit,
1434 2811 1607 2851 quaeque
1653 2809 1693 2834 se
