1897 3340
313 715 380 763 95

105 793 240 830 inprimis
261 793 364 821 Alcaei

443 273 525 312 194

843 269 1302 307 HERODOTI

438 378 506 421 ἐπὶ
535 376 698 434 χρόνον
734 378 894 434 συχνὸν
935 380 1227 433 Μυτιληναῖοί
1265 394 1307 420 τε
1350 378 1423 420 καὶ
1459 376 1700 431 Ἀθηναῖοι·

438 446 482 488 οἱ
515 446 619 500 μὲν,
652 444 927 497 ἀπαιτέοντες
954 446 1033 501 τὴν
1062 443 1228 500 χώρην·
1260 444 1482 500 Ἀθηναῖοι
1512 443 1570 494 δὲ,
1603 443 1702 485 οὔτε

440 512 865 568 συγγινωσκόμενοι,
928 512 1261 562 ἀποδεικνύντες
1308 529 1350 555 τε
1405 511 1519 566 λόγῳ
1571 507 1758 552 οὐδὲνδο

436 584 605 636 μᾶλλον
633 583 840 625 Αἰολεῦσι
882 581 1037 636 μετεὸν
1073 584 1148 635 τῆς
1175 579 1355 629 Ἰλιάδος
1385 577 1550 634 χώρης,
1590 577 1617 633 ἢ
1647 574 1702 620 οὐ

439 649 512 692 καὶ
544 648 621 705 σφὶ
651 649 723 691 καὶ
744 653 856 691 τοῖσι
887 645 1078 699 ἄλλοισι,
1120 647 1218 691 ὅσοι
1243 647 1460 701 Ἑλλήνων
1490 642 1704 699 συνεπρή-

439 717 568 768 ξαντο
612 716 816 773 Μενέλεῳ
856 714 932 764 τὰς
972 712 1140 770 Ἑλένης
1170 714 1380 769 ἁρπαγάς.

1453 709 1704 769 Πολεμεόν-

438 800 527 828 των
558 784 603 826 δέ
634 795 805 839 σφεων,
833 786 1020 826 παντοῖα
1061 782 1134 825 καὶ
1175 781 1284 826 ἄλλα
1313 782 1479 837 ἐγένετο
1512 781 1560 825 ἐν
1601 783 1700 837 τῇσι

377 959 497 995 ναῖοι.
556 956 606 991 Hi
626 954 799 1003 Sigeum,
820 951 1038 988 Acliillenm

377 1012 616 1063 Mitylenaei.
646 1010 733 1047 belli
759 1007 890 1046 sedem
917 1008 1039 1045 habe-

378 1070 470 1106 bant
501 1075 537 1104 et
574 1067 872 1117 receptaculum.
932 1066 1038 1109 Quae

378 1124 454 1162 huc
475 1131 647 1175 spectant
668 1129 841 1160 veterum
864 1122 947 1157 loca
969 1120 1039 1157 de-

379 1180 512 1218 derant
534 1181 748 1218 Casaubon.
776 1178 824 1215 ad
846 1178 1037 1223 Strabon„

379 1237 427 1275 ad
448 1236 626 1289 Aeschyl.
650 1236 820 1287 Stanley,
841 1235 1039 1284 Menagius

379 1294 428 1331 ad
459 1296 622 1345 Diogen.
655 1295 780 1330 Laert.
807 1298 844 1328 et
873 1291 1039 1327 Simson.

379 1352 419 1387 in
456 1349 598 1387 Chron.
628 1349 676 1386 ad
715 1350 772 1386 A:
803 1349 856 1384 M.
890 1348 1038 1388 3398.“

388 1408 470 1445 Val
485 1407 608 1444 cken.
666 1405 767 1442 Add.
788 1403 925 1441 Plehn.
946 1405 1041 1439 Les—

355 1461 358 1465 *
378 1465 497 1501 biacc.
519 1477 607 1516 pag.
629 1463 677 1504 51
703 1475 809 1513 seqq.
859 1462 916 1496 Ac
937 1472 1039 1506 sane,

378 1521 533 1557 testibus
564 1520 752 1556 Strabone
786 1525 822 1554 et
854 1518 1038 1566 Diogene,

380 1576 523 1627 duplex
544 1576 724 1625 distingui
763 1573 875 1610 debet
896 1573 1039 1608 bellum

381 1634 481 1669 inter
500 1633 749 1683 Mytilenaeos
781 1637 894 1681 atque
915 1627 1038 1664 Athe-

314 1690 319 1696 '
380 1691 531 1725 nieuses
552 1688 598 1725 de
628 1687 824 1733 Achllleot,
862 1686 984 1736 prius,
1017 1697 1036 1719 e

381 1759 458 1797 quo
499 1746 664 1781 Pittacus
704 1744 874 1794 superior
922 1742 1037 1777 evasit

382 1804 480 1839 circa
511 1803 664 1852 Olymp.
687 1800 754 1846 43,
790 1806 825 1835 et
858 1797 906 1834 ad
936 1795 1039 1848 quod

382 1859 545 1909 pertinet
566 1858 696 1894 Alcaei
712 1857 813 1905 fuga,
841 1855 1039 1905 posterius,

382 1927 473 1952 cum
511 1917 610 1951 inter
645 1920 847 1963 utramque
884 1917 1039 1960 gentem

382 1970 509 2008 denuo
541 1977 695 2007 exortae
718 1975 839 2005 essent
870 1969 972 2003 rixae
994 1965 1042 2003 de

385 2027 520 2064 eodem
549 2039 662 2077 agro,
703 2038 819 2077 quem
848 2023 934 2059 dein
965 2024 1042 2059 Pe-

384 2083 555 2131 riander,
607 2082 655 2119 ad
695 2095 811 2133 quem
859 2081 1041 2116 arbitrum

383 2142 535 2191 utrique
557 2152 639 2175 rem
660 2138 885 2183 detulerant,
919 2134 1042 2172 Athe-

385 2197 575 2233 niensibus
588 2194 828 2232 adiudicavit.
851 2195 908 2229 De
921 2191 1042 2228 Achil-

385 2253 447 2298 leo,
488 2251 592 2303 quod
613 2264 689 2287 non
718 2252 832 2300 longe
854 2255 1043 2285 remotum

386 2322 407 2344 a
437 2309 576 2357 Sigeo,
625 2321 669 2344 eo
697 2308 775 2343 fere
806 2308 908 2352 loco,
966 2316 1042 2356 quo

386 2363 542 2401 Achillis
557 2365 670 2413 vulgo
690 2370 838 2414 ponunt
853 2362 1043 2398 tumulum

385 2427 777 2471 monumentumque,
808 2420 915 2469 plura
937 2419 1044 2454 Stra-

384 2478 435 2514 bo
465 2477 488 2517 l,
516 2478 540 2513 l.
575 2477 659 2513 coll.
691 2474 898 2514 Prokescli.
928 2475 1044 2510 Erin-

385 2546 572 2583 nernngg.
615 2546 680 2568 aus
722 2534 922 2582 Aegypten
964 2528 1043 2566 und

386 2591 550 2626 Meinas.
580 2590 632 2625 Ill
665 2602 702 2638 p.
736 2591 788 2629 87
824 2601 928 2639 seqq.
988 2587 1044 2622 De

389 2646 498 2695 Sigeo
522 2644 598 2683 vid.
620 2651 747 2681 notata
769 2643 815 2680 ad
837 2645 880 2690 V,
904 2642 969 2683 64.
993 2665 1040 2670 -—-

386 2703 478 2739 Mox
518 2715 607 2738 cum
647 2707 802 2737 recentt.
835 2699 919 2736 edd.
956 2697 1043 2735 dedi

389 2758 453 2799 ἐπὶ
471 2754 613 2809 χρόνον
634 2755 787 2807 συχνὸν,
829 2757 893 2792 nbi
914 2756 1042 2804 vulgo,

388 2816 532 2866 scrlptis
571 2814 672 2851 libris
710 2814 854 2849 invitis:
902 2807 1043 2861 χρόνον

388 2871 453 2912 ἐπὶ
475 2866 698 2922 συχνόν.-
722 2868 781 2906 Ad
805 2869 916 2905 verba
937 2881 1041 2919 seqq.

1095 951 1138 991 οἱ
1173 951 1288 1003 μὲν,
1349 952 1485 1003 quibus
1523 949 1756 1002 respondent

1092 1005 1303 1059 Ἀθηναῖοι
1334 1007 1375 1046 δὲ
1412 1011 1498 1059 (pro
1523 1008 1564 1047 οἷ
1584 1006 1658 1056 δὲ),
1676 1005 1754 1044 vid.

1094 1065 1228 1102 Matth.
1261 1066 1326 1101 Gr.
1350 1066 1414 1101 Gr.
1438 1077 1524 1115 pag.
1547 1064 1642 1105 579.

1153 1119 1244 1160 οὕτε
1259 1118 1636 1173 συγγινωσκόμενοι,
1653 1113 1756 1158 oino-

1095 1175 1319 1224 δεικνύντες
1352 1192 1392 1216 τε
1423 1173 1520 1231 λόγῳ
1560 1191 1595 1215 κ.
1628 1190 1662 1216 τ.
1699 1175 1753 1224 λ.]

1095 1235 1120 1270 i.
1145 1248 1176 1270 e.
1197 1230 1273 1271 ‘non
1308 1234 1417 1270 solam
1440 1247 1508 1270 non
1539 1232 1756 1270 concedentes

1097 1291 1352 1341 (Mytilenaeis
1373 1291 1452 1326 scil.
1481 1290 1756 1340 possessionem

1096 1348 1235 1395 terrae)
1257 1359 1374 1382 verum
1401 1348 1507 1383 etiam
1533 1348 1670 1382 ratione
1696 1357 1756 1381 ar-

1096 1405 1338 1453 gumentisque.
1356 1405 1671 1448 commonstrantes,
1688 1413 1757 1437 non

1098 1462 1215 1508 magis
1244 1459 1461 1496 Aeolensz'um
1491 1471 1560 1495 esse
1602 1457 1756 1495 Iliacam

1097 1517 1286 1562 ditionem,
1319 1528 1423 1565 quam
1453 1517 1509 1552 sui
1531 1517 1683 1565 ipsorum
1703 1525 1757 1550 ce·

1098 1577 1334 1622 terorumque,
1384 1574 1445 1620 qui
1482 1574 1521 1607 in
1562 1569 1757 1608 ulciscendo

1095 1629 1250 1665 Helenae
1280 1631 1386 1677 raptu
1415 1626 1617 1664 Menelaum
1649 1627 1757 1663 adiu-

1093 1687 1216 1721 veriut.
1284 1685 1384 1719 Nam
1422 1684 1670 1734 mytilenaeos
1708 1680 1756 1718 ad

1094 1742 1258 1778 Aeolum
1275 1741 1431 1790 stirpem
1447 1741 1669 1791 pertinuisse
1685 1752 1756 1774 ue-

1095 1811 1160 1834 mo
1192 1798 1323 1833 nescit.
1381 1794 1443 1832 Ad
1475 1797 1636 1832 verbum
1659 1807 1755 1846 συγ-

1095 1850 1384 1906 γινωσκόμενοι
1415 1852 1518 1889 conf.
1545 1854 1610 1900 111,
1641 1853 1695 1892 99
1717 1857 1754 1887 et

1098 1909 1146 1947 ad
1185 1911 1420 1946 locutionem
1466 1903 1755 1947 ἀποδεικνύναι

1097 1963 1201 2020 λόγῳ
1221 1966 1266 2013 V,
1289 1965 1366 2011 843
1408 1964 1454 2001 de
1475 1965 1664 2016 particulis
1686 1960 1758 2003 οὔ-

1097 2038 1138 2062 τε
1158 2045 1213 2050 —
1233 2037 1272 2060 τε
1301 2029 1396 2058 nott.
1423 2020 1472 2058 ad
1499 2022 1561 2069 VI,
1599 2023 1617 2060 1
1652 2027 1688 2057 et
1710 2019 1757 2058 de

1099 2080 1296 2130 participio
1314 2075 1451 2128 μετεόν
1471 2079 1536 2125 111,
1558 2080 1625 2118 72.
1660 2077 1757 2114 Ver-

1098 2137 1145 2173 ba
1167 2132 1193 2186 ἢ
1211 2132 1259 2173 οὐ
1282 2133 1349 2172 καὶ
1378 2133 1450 2183 σφὶ
1481 2136 1603 2186 attigit
1622 2133 1756 2171 Matth.

1099 2193 1166 2229 Gr.
1193 2192 1258 2228 Gr.
1279 2203 1366 2241 pag.
1389 2191 1489 2235 851,
1511 2192 1575 2227 ubi
1595 2190 1672 2227 vid.

1156 2244 1244 2287 ὅσοι
1299 2244 1500 2296 Ἑλλήνων
1557 2242 1757 2298 συνεπρή-

1100 2306 1216 2352 ξαντο
1265 2302 1452 2356 Μενέλεῳ
1492 2301 1561 2349 τοὶς
1601 2302 1757 2352 Ἑλένης

1099 2356 1296 2411 ἁρπαγάς]
1321 2361 1345 2394 i.
1383 2372 1416 2394 e.
1448 2363 1609 2410 quotquot
1641 2360 1756 2396 Grae-

1100 2430 1215 2454 corum
1246 2414 1448 2452 Menelaum
1485 2417 1523 2452 in
1555 2415 1757 2453 ulciscenda

1100 2475 1236 2510 iniuria
1259 2474 1329 2522 ipsi
1358 2471 1488 2513 illata,
1526 2476 1631 2522 rapta
1651 2471 1756 2508 Hele-

1100 2543 1167 2572 na,
1199 2530 1421 2565 adiuverunt.
1452 2529 1535 2565 Non
1559 2529 1756 2575 aliteerI,

1105 2587 1183 2626 169
1205 2581 1567 2636 συνεκπράττεσθαι
1589 2585 1674 2622 coll.
1696 2583 1757 2624 ἐκ-

1099 2638 1346 2693 πράττεσθαι
1376 2641 1462 2685 Vll,
1487 2641 1578 2682 158.

1305 2742 1396 2793 cap.
1420 2742 1534 2778 xcv.

1156 2809 1222 2848 καὶ
1254 2807 1350 2848 ἄλλα
1373 2808 1540 2862 ἐγένετο]
1584 2811 1639 2847 Ite
1668 2822 1758 2847 cum

1100 2874 1256 2904 recentt.
1279 2866 1366 2906 edd.
1396 2880 1463 2917 pro
1482 2868 1586 2918 vulg.
1617 2865 1758 2919 ἐγίνε-
