1897 3340
32 773 133 820 217

506 182 983 222 POLYMNIA.
1041 182 1142 220 VII.

1373 189 1456 228 769

193 293 282 334 ποῦ
320 296 522 348 ποταμοῦ
547 295 628 336 τοῦ
659 290 731 335 δια
761 294 838 347 τῆς
876 288 1120 345 διασφάγος
1149 290 1348 344 ῥέοντος·
1383 295 1455 338 οὕ-

194 375 312 414 νομα
343 360 389 403 δὲ
409 365 469 417 τῷ
500 360 623 415 οὔρεϊ
649 359 790 416 τούτῳ
815 357 890 401 καὶ
918 361 972 413 τῇ
1002 355 1180 413 ἀτραπῷ
1200 355 1340 403 τώυτὸ
1369 368 1510 404 scel-90

165 434 289 479 Ξται,
318 425 538 472 Ἀνόπαια.
577 429 704 471 τείνει
733 425 778 469 δὲ
806 423 833 481 ἡ
857 422 1067 468 Ἀνόπαια
1098 423 1206 480 αὕτη
1237 424 1348 467 κατὰ
1380 427 1457 479 ῥά-

197 511 267 550 χιν
305 499 386 538 τοῦ
427 495 602 550 οὔρεος,
632 494 752 549 λήγει
779 493 825 536 δὲ
861 492 972 536 κατά
1001 509 1044 536 τε
1069 489 1284 549 Ἀλπηνόν
1315 492 1457 545 πόλιν,

196 561 373 620 πρώτην
406 563 568 606 ἐοῦσαν
605 565 694 604 τῶν
724 563 956 616 Λοκρίδων
984 561 1093 615 πρὸς
1123 564 1210 604 τῶν
1238 561 1459 618 Μηλιέων,

195 631 269 674 καὶ
298 629 407 674 κατὰ
440 628 743 684 Μελάμπυγόν
762 645 805 672 τε
834 628 1101 684 καλεόμενον
1121 629 1265 681 λίθον,
1296 629 1369 672 καὶ
1389 646 1460 673 κα-

196 697 250 740 τὰ
290 695 541 752 Κερκώπων
580 696 726 751 ἔδρας·
767 699 821 754 τῇ
859 697 933 741 καὶ
961 695 1010 740 τὸ
1041 695 1317 740 στεινότατόν
1354 697 1455 740 ἐστι.
1471 704 1516 738 95

197 765 320 809 Κατὰ
347 763 510 820 ταύτην
540 765 593 821 δὴ
626 764 706 820 τὴν
728 763 923 818 ἀτραπὸν
951 764 1024 807 καὶ
1055 763 1170 808 οὕτω
1200 764 1386 819 ε’χουσαν
1417 767 1462 809 οἱ

196 832 385 887 Πέρσαι,
414 831 494 876 τόν
519 830 718 875 Ἀσωπόν
748 830 990 886 διαβάντες,

1022 830 1286 886 δπΟρξύΟνϊΟ
1311 837 1462 877 πᾶσαν

194 901 273 956 τήν
299 898 452 952 νύκτα,
484 900 531 944 ἐν
561 901 677 958 δεξιῇ
704 899 783 957 μὲν
810 899 977 956 ἔχοντες
1008 898 1148 955 οὔρεα
1175 900 1229 943 τοὶ
1259 901 1460 955 Οἰταίων,

142 1093 277 1144 Attigit
298 1106 451 1146 qnoque
470 1094 644 1133 Eustath.
677 1094 726 1134 ad
747 1098 801 1134 0-

143 1149 242 1200 dyss.
261 1151 290 1197 Ι,
312 1152 393 1191 320
414 1166 453 1203 p.
476 1152 594 1201 1419,
617 1153 669 1195 58
690 1167 720 1191 S.
734 1154 799 1202 59,

142 1208 210 1246 33.
249 1207 335 1256 Ipsa
353 1210 488 1246 semita
508 1183 610 1260 apuil
633 1211 799 1261 Appian.

143 1262 230 1314 Sjr.
252 1275 335 1331 cap.
370 1267 420 1306 18
458 1267 616 1302 nomine
645 1268 798 1317 proprio

141 1325 300 1356 vocatur
315 1314 516 1373 Ἀτραπὸς,
537 1335 636 1374 quae
656 1336 678 1359 a
697 1324 800 1360 Tra-

142 1373 255 1413 chide
275 1377 536 1415 Meliensium
526 1392 565 1414 ιιι
583 1379 726 1416 ditione
742 1387 802 1417 te-

142 1439 198 1470 ste
228 1433 423 1471 Plutarch.
453 1436 493 1470 in
524 1436 605 1473 Cat.
625 1437 715 1473 mai.
739 1439 803 1484 13,

143 1488 251 1538 (coll.
270 1491 353 1527 Liv.
373 1492 553 1540 XXXVI,
567 1494 631 1532 16.
646 1492 804 1531 Diodor.

144 1546 223 1583 Sic.
242 1547 311 1595 IX,
333 1545 375 1599 8)
407 1549 589 1599 incipiens
619 1549 709 1586 inde
731 1548 806 1586 du-

143 1603 194 1640 cit
229 1616 298 1654 per
342 1606 461 1655 Asopi
498 1607 711 1642 convallem
765 1612 803 1644 et

142 1672 249 1709 mox,
271 1658 320 1697 ad
349 1660 524 1698 dextram
545 1663 660 1699 Oetae
689 1675 805 1699 mon-

142 1717 255 1763 tibus,
277 1715 325 1754 ad
356 1719 505 1755 laevam
526 1719 681 1769 rupibus
702 1721 739 1757 T
742 1732 803 1756 ra—

145 1771 279 1810 chiniis
300 1774 455 1820 relictis,
477 1774 642 1813 deflectit
662 1775 710 1813 ad
722 1777 804 1812 lae-

144 1841 235 1867 vam
253 1830 293 1865 in
321 1832 461 1867 vallem
472 1833 697 1882 ‚Alpenum
717 1846 805 1870 ver-

145 1899 221 1933 sus,
239 1886 306 1922 ubi
325 1888 560 1939 Melampygi
575 1902 725 1926 saxum.
746 1889 803 1927 Cf.

147 1943 270 1979 Kruse
289 1944 416 1981 Hellas
435 1946 483 1992 11,
504 1947 530 1985 2
550 1958 638 1996 pag.
656 1945 745 1986 125

203 2014 303 2038 κατα
340 1997 456 2051 ραχιν
480 2003 555 2039 τοῦ
580 1999 748 2053 ου’ρεος]
780 2002 804 2038 i·

148 2068 184 2096 e.
206 2055 256 2092 ad
276 2057 460 2094 secundum
492 2061 616 2095 montis
654 2058 804 2106 dorsum,

148 2111 260 2149 tendzt
271 2114 341 2161 via,
372 2114 524 2150 culmen
545 2115 660 2165 igitur
679 2113 806 2151 haud—

151 2180 346 2220 quaquam
385 2171 586 2220 attingens.
655 2170 807 2208 Eodem

151 2237 263 2260 sensu
293 2221 405 2276 ράχις
423 2228 488 2274 111,
511 2227 575 2268 54.
604 2229 662 2264 De
677 2228 810 2279 Alperio

152 2278 231 2320 vid.
252 2287 349 2317 nott.
375 2281 421 2319 ad
444 2284 525 2329 VII,
548 2287 641 2324 176.

209 2335 278 2375 καὶ
317 2352 417 2376 κατα
454 2335 731 2392 Μελάμπυγὸν
770 2354 811 2380 τε

88 2433 97 2443 ν
153 2389 391 2444 καλεόμενον
438 2394 556 2432 λίθον
603 2410 669 2434 και
713 2393 813 2435 κατὰ

154 2446 391 2501 Κερκώπων
412 2448 552 2501 ἕδρας]
582 2452 640 2488 W
643 2452 814 2502 esseling.

131 2556 133 2559 Ι
156 2519 247 2544 cum
266 2505 454 2557 Leopard.
467 2506 660 2545 Emendd.
674 2481 809 2555 VIII,01

156 2564 294 2600 maluit
333 2560 638 2614 Μελαμπύγου,
692 2576 814 2615 quum

159 2615 436 2671 Μελάμπυγος
473 2632 552 2656 non
582 2618 716 2670 lapidis
748 2619 815 2657 sed

154 2676 270 2726 ipsius
301 2676 472 2712 Herculis
512 2677 558 2712 sit
585 2689 815 2727 cognomen.

155 2731 253 2768 Mihi
271 2733 336 2770 vix
366 2745 519 2769 necesse
548 2732 711 2770 videtur.
757 2735 816 2769 De

157 2787 310 2826 Hercule
331 2787 561 2839 Melampygo
574 2788 576 2792 '
591 2795 628 2827 et
657 2789 816 2840 Cercopi-

213 2847 438 2883 HERODOT.
466 2847 533 2882 III.

857 1098 932 1145 bus,
966 1095 1014 1133 de
1051 1095 1187 1147 quibus
1213 1094 1391 1134 Larcher.
1430 1098 1518 1135 citat

857 1153 1004 1190 Zenob.
1026 1152 1151 1203 Adag.
1175 1153 1328 1190 Cent.V
1349 1155 1385 1199 ξ.
1407 1157 1459 1195 10
1480 1169 1516 1204 p.

858 1213 952 1252 116,
968 1208 1106 1247 Suidas
1127 1223 1156 1246 s.
1172 1212 1257 1249 v.11
1276 1224 1314 1261 p.
1337 1212 1430 1259 521,
1452 1213 1518 1248 Tu

854 1266 932 1304 vid.
954 1267 1130 1305 Creuzer.
1153 1266 1327 1318 Symbol.
1358 1267 1409 1303 IV
1428 1281 1518 1318 pag.

856 1322 938 1363 224
958 1336 1065 1374 seqq.
1123 1324 1191 1360 Est
1211 1331 1340 1360 autem
1360 1322 1518 1361 Melam-

855 1381 951 1430 pygi
978 1381 1085 1430 lapis,
1115 1381 1155 1416 in
1177 1393 1252 1432 quo
1290 1381 1519 1431 requievisse

858 1437 980 1473 fertur
1008 1437 1212 1485 Hercules,
1254 1443 1413 1473 notante
1440 1439 1520 1473 Lo-

861 1492 975 1530 beck.
1002 1494 1042 1529 in
1061 1492 1251 1544 Aglaoph.
1282 1505 1371 1544 pag.
1399 1495 1520 1541 1298,

863 1550 1079 1600 Cercopum
1099 1549 1219 1598 sedes,
1241 1549 1345 1586 unde
1371 1551 1522 1586 Hercu-

862 1607 941 1643 lem
963 1620 1011 1643 ex
1031 1606 1174 1644 insidiis
1195 1605 1362 1656 adgressi
1386 1605 1523 1642 dicun-

858 1670 931 1700 tur.
987 1664 1160 1700 Herculis
1190 1671 1319 1700 autem
1339 1664 1523 1713 religione

858 1718 957 1756 hanc
978 1727 1099 1756 totam
1110 1721 1307 1770 regionem
1322 1732 1524 1756 consecra-

858 1783 940 1813 tam
968 1777 1104 1824 fuisse,
1142 1778 1249 1813 cuius
1269 1776 1419 1825 singula
1437 1777 1522 1812 loca

860 1832 910 1869 ad
949 1834 1028 1869 eius
1056 1846 1114 1869 res
1142 1833 1361 1879 retulerint,
1408 1845 1522 1882 supra

858 1890 938 1926 iam
977 1890 1213 1926 monuimus.
1259 1887 1446 1927 Dodwell.
1484 1887 1524 1925 id

860 1959 1020 1993 saxum,
1055 1959 1075 1981 e
1097 1959 1172 1997 quo
1204 1946 1283 1982 imo
1313 1958 1416 1981 nunc
1437 1945 1523 1981 fons

861 2001 1029 2039 calidus
1019 2016 1126 2054 isque
1146 2002 1345 2053 primarius
1365 2002 1522 2052 prosilit,

860 2059 1082 2110 Melampyg
1086 2072 1152 2095 um
1195 2057 1362 2108 lapidem
1408 2058 1523 2094 fuisse

862 2116 1027 2152 coniicit.
1084 2114 1169 2153 ἲίᾶ.
1185 2116 1296 2152 Reise
1318 2113 1355 2151 d.
1369 2112 1524 2151 Griech.

861 2173 910 2219 ΙΙ,
948 2174 967 2211 1
999 2184 1083 2223 cap.
1117 2173 1168 2212 18
1206 2185 1294 2223 pag.
1337 2172 1415 2211 138
1461 2169 1522 2209 ed.

863 2241 970 2267 vern.

1048 2318 1140 2369 cap.
1162 2317 1348 2354 ccxvn.

929 2393 1050 2448 οὔρεα
1076 2393 1124 2436 τοὶ
1156 2396 1329 2435 Οἰταίων
1351 2411 1388 2435 κ.
1413 2411 1446 2433 τ.
1471 2395 1525 2442 λ.]

871 2453 981 2491 Conf.
998 2460 1094 2490 nott.
1115 2452 1164 2489 ad
1183 2453 1263 2500 VII,
1284 2455 1378 2494 216.
1413 2453 1528 2487 Mon-

870 2516 925 2546 tes
938 2510 1067 2546 Oetaei
1079 2511 1312 2547 conveniunt
1332 2521 1420 2556 cum
1431 2507 1528 2543 saltu

872 2565 1013 2612 Oetaeo,
1043 2572 1086 2602 ut
1116 2573 1170 2603 est
1192 2564 1292 2616 apud
1312 2557 1452 2599 Melum
1479 2564 1526 2609 ll,

873 2624 897 2661 3
928 2622 965 2666 ξ.
995 2625 1045 2669 2,
1074 2623 1141 2658 ubi
1178 2621 1277 2659 conf.
1308 2617 1528 2656 Tzscliuck.

871 2684 968 2719 nott.
1003 2690 1139 2728 exegg.
1181 2691 1269 2727 pag.
1307 2679 1398 2715 177.
1470 2673 1531 2710 Ad

872 2732 1100 2771 Trachinios
1143 2739 1292 2769 montes
1341 2732 1531 2781 pertinere

872 2789 1026 2828 credam
1038 2819 1048 2838 ‚
1080 2802 1176 2842 quae
1196 2789 1325 2824 Livius
1344 2795 1532 2824 memorat

1203 2842 1257 2884 49

1516 755 1564 782 Illi
1557 764 1583 782 ιο
1607 757 1709 783 oxcub·
1704 761 1757 784 ito-

1518 797 1566 815 rcs
1586 798 1619 816 co
1604 791 1661 815 οι11
1684 791 1722 817 ,ιίι

1518 831 1546 862 ιιι
1549 832 1576 849 τιι
1579 832 1596 849 ι
1601 832 1623 850 ι
1634 824 1656 851 P
1660 824 1769 851 hucen-

1518 857 1605 889 sinin
