1897 3340
109 498 142 540 8

522 250 996 288 POLYMNIA.
1056 250 1162 287 VII.
1392 255 1476 295 437

207 372 320 400 πτου
359 358 502 416 χρόνῳ
538 358 758 413 μετέπειτα
795 356 1006 412 ἐφόνευσε
1037 356 1212 412 Ἰνάρως
1245 357 1268 401 ὁ
1309 361 1476 414 Ψαμμί-

210 427 333 481 τίχου
343 458 354 477 ,
382 425 493 482 α’νὴρ
522 428 673 481 Λίβυς.

294 495 452 550 Ξέρξης
482 494 527 537 δὲ
554 493 660 548 μετοὶ
693 490 919 546 Αἰγύπτου
951 490 1131 543 ἅλωσιν,
1175 490 1233 543 ὥς
1264 492 1406 547 ἔμελλε
1433 493 1476 544 ἐς
1534 494 1643 521 ΧΟΓΧῙ”
1670 498 1706 523 ²¹⁴¹
1735 498 1805 525 Per>

207 566 352 616 χεῖρας
388 560 565 613 ἄξεσθαι
602 560 651 603 τὸ
689 558 935 613 στράτευμα
974 558 1022 602 τό
1067 560 1135 602 ἐπὶ
1172 559 1247 610 τὰς
1277 559 1501 616 Ἀθήνας,1

1533 537 1633 555 sarum
1647 538 1785 564 proceret-1

1508 562 1568 602 5de
1579 562 1710 589 Graecia
1722 565 1806 602 juva-

1532 594 1633 623 denda
1652 602 1758 626 oratio.

207 629 422 683 σύλλογον
451 629 680 684 ἐπίκλητον
696 627 905 682 Περσέων
935 631 1023 670 τῶν
1053 624 1242 680 ἀρίστων
1269 627 1473 682 ἐποιέετο,

201 810 366 866 Ἰνάρως
378 811 403 852 ὅ
422 813 689 864 Ψαμμιτίχου]
705 813 807 850 Olim

153 871 428 921 2,ἐῖαμμητίχου.
488 869 567 907 Sed
599 870 673 906 vid.
708 877 804 907 nott.

144 926 192 962 ad
212 929 259 973 ΙΙ,
284 931 321 967 1.
360 928 418 963 De
439 926 548 964 Inaro
569 926 647 963 dixi
670 926 717 963 ad
738 928 803 975 III,

145 985 210 1023 12.
240 984 484 1021 Aclcaemenem
495 984 634 1020 Ctesias
655 984 694 1020 in
707 985 804 1020 Per-

141 1040 230 1078 sicc.
248 1042 285 1086 ξ.
317 1043 370 1081 32
392 1041 556 1091 appellat
582 1036 802 1091 Ἀχαιμενί-

141 1096 237 1146 δην,
266 1099 488 1134 Artaxerxis
517 1098 693 1145 fratrem,
724 1099 802 1134 mi—

139 1166 210 1190 nus
232 1156 362 1206 utique
384 1155 494 1190 bene.
526 1155 637 1191 Conf.
655 1154 799 1194 Herod.

138 1211 204 1259 III,
239 1214 302 1252 13.
318 1211 475 1253 Diodor,
499 1211 576 1248 Sic.
599 1213 668 1259 XI,
697 1211 760 1252 74.

357 1302 451 1352 Cap.
480 1302 579 1341 VIII.

194 1379 233 1428 ἐς
251 1383 383 1431 χεῖρας
418 1378 588 1428 ἄξεσθαι
620 1377 662 1420 vd
681 1377 800 1433 στροῖ-

136 1439 285 1487 τευμα]
328 1440 446 1475 Recte
484 1437 797 1488 Schweighaeus.

135 1495 175 1530 in
203 1495 335 1532 Lexic.
369 1494 535 1534 Hemoda
586 1508 662 1532 cum
697 1497 732 1532 in
761 1508 798 1532 eo

135 1555 242 1599 esset,
273 1555 313 1588 ut
330 1554 519 1589 exercitum
542 1555 578 1589 in
598 1565 721 1588 manus
733 1566 795 1589 ac-

134 1610 310 1658 cz'peret,i.
333 1622 366 1645 e.
399 1614 440 1645 ut
465 1609 633 1645 ducatum
657 1611 793 1645 exerci-

134 1669 191 1702 tus
208 1667 279 1702 iam
297 1668 369 1715 ipse
388 1668 588 1716 susciperet.
621 1665 677 1702 Cf.
697 1672 793 1703 nott.

132 1721 181 1759 ad
199 1723 229 1770 I,
255 1724 346 1762 126.

188 1776 379 1830 σύλλογον
391 1775 793 1829 ἐπίκλητονΠερσὲων

132 1837 212 1874 τῶν
244 1831 416 1886 (ἰρίστων
448 1834 649 1882 ἐποιέετο]
693 1835 792 1872 citat

131 1890 226 1929 haec
258 1889 478 1928 Eustathius
506 1891 554 1928 ad
574 1891 681 1928 Iliad.
701 1905 789 1942 pag.

133 1951 224 1997 172,
250 1951 295 1988 11
327 1949 405 1985 sive
429 1950 520 1995 130,
544 1951 610 1988 33.
651 1948 792 1985 Obser-

130 2012 194 2042 vat
215 2011 344 2042 autem
366 2003 414 2041 ad
434 2003 473 2041 h.
494 2005 520 2041 l.
551 2003 792 2041 Valckenae-

128 2062 205 2099 rius
245 2063 470 2098 concionem
512 2062 644 2113 populi
684 2069 791 2099 extra

132 2118 308 2156 ordinem
326 2117 487 2155 Athenis
508 2126 680 2156 coactam
692 2114 790 2171 σύγ-

129 2177 274 2226 κλητον
314 2174 525 2226 ἐκκλησίαν
568 2174 642 2212 dici
686 2174 788 2226 apud

127 2230 424 2269 Demosthenem
450 2239 503 2280 ‚et
542 2230 788 2282 Aeschinem,

127 2289 351 2325 concionem
378 2289 563 2339 Argivam
593 2284 788 2341 σύλλογον

126 2339 280 2390 πόλεως
308 2353 345 2382 et
379 2344 566 2395 ἔκκλητον
603 2342 787 2398 Ἀργείων

127 2397 244 2450 ὄχλον
263 2402 309 2438 ab
329 2401 510 2452 Euripide
522 2402 595 2439 dici
614 2404 653 2438 in
666 2404 783 2442 Orest.

127 2459 208 2497 728
229 2464 266 2492 et
286 2459 379 2505 611,
402 2454 552 2510 ἀγορήν
573 2460 619 2495 ab
637 2461 785 2496 Home-

129 2525 184 2558 ro,
205 2511 308 2563 apud
330 2525 446 2564 quem
458 2514 624 2551 eundem
645 2514 674 2567 22⁰
686 2517 786 2566 βου-

127 2564 177 2619 λή
200 2571 279 2608 τῶν
303 2567 490 2620 ἐκκρίτων
510 2566 653 2619 μόνων.
684 2573 784 2609 Tale

128 2631 255 2662 autem
275 2626 321 2662 ab
343 2625 537 2663 Herodoto
564 2625 602 2664 h.
623 2628 647 2663 1.
669 2629 784 2665 intel-

127 2681 193 2730 ligi
210 2684 367 2719 sanctius
384 2682 587 2730 consilium,
611 2683 714 2734 quod
735 2697 784 2721 ex

128 2735 279 2774 delectis
312 2739 620 2789 principibusque
647 2741 784 2777 Persa—

129 2805 213 2828 rum
241 2795 468 2843 constiterit,
517 2795 629 2846 quale
659 2797 784 2833 Aetoli

126 2849 295 2887 vocarint
328 2845 577 2902 ἆποκλήτυυς
606 2858 698 2889 teste
718 2853 784 2889 Li-

862 813 926 849 vio
965 813 1139 860 XXXV,
1175 811 1251 860 34,
1298 813 1529 864 Syracusani

864 867 1062 920 ἔσκλητου,
1085 876 1178 906 teste
1190 870 1384 921 Hesychio
1406 872 1524 922 Ipag.

865 925 985 966 1460.
1064 925 1142 964 Sed
1187 926 1281 962 illud
1322 941 1526 978 procerum

861 983 1066 1019 Persarum
1101 984 1308 1020 concilium
1330 998 1421 1021 cave
1442 998 1528 1021 cre-

861 1038 927 1076 das
948 1041 988 1075 in
1020 1041 1196 1077 omuibus
1219 1041 1330 1077 rebus
1365 1042 1525 1092 publicis

859 1109 880 1132 a
897 1109 987 1146 rege
1008 1097 1176 1146 legitime
1203 1099 1349 1134 consuli
1369 1099 1524 1135 solitum

860 1154 993 1189 fuisse:
1044 1153 1083 1190 id
1125 1155 1228 1190 enim
1260 1167 1281 1190 3
1316 1168 1524 1205 regnorum

859 1211 1099 1246 orientalium
1113 1210 1345 1259 conditione,
1366 1213 1431 1248 ubi
1453 1226 1523 1262 pe-

858 1280 925 1303 nes
962 1280 1085 1303 unum
1118 1268 1331 1318 principem
1371 1282 1522 1305 summa

859 1324 1034 1360 omnium
1054 1337 1183 1361 rerum
1197 1332 1360 1374 potestas
1378 1355 1387 1372 ,
1418 1327 1522 1362 mul-

858 1387 941 1417 tum
964 1380 1164 1429 abhorret,
1201 1383 1242 1417 iu
1262 1383 1415 1419 maioris
1436 1390 1524 1419 tan-

856 1443 938 1473 tum
950 1440 1137 1474 momenti
1158 1439 1268 1475 rebus
1290 1438 1383 1475 illud
1397 1452 1417 1475 a
1433 1453 1521 1489 rege

857 1502 1138 1542 convocatum,
1184 1508 1263 1532 11011
1294 1502 1373 1532 tam
1405 1503 1446 1533 ut
1474 1496 1521 1533 de

855 1564 912 1597 eo,
927 1551 1030 1602 quod
1046 1551 1271 1588 faciundum
1283 1560 1390 1599 esset,
1405 1565 1522 1604 quam

852 1614 894 1644 ut
926 1607 974 1644 de
1004 1608 1121 1645 modo
1164 1622 1207 1645 ac
1239 1611 1397 1657 ratione,
1431 1609 1519 1661 qua,

852 1677 1106 1717 quaecunque
1136 1678 1205 1702 rex
1225 1679 1355 1703 secum
1376 1668 1519 1703 consti-

850 1722 999 1770 tuisset,
1041 1723 1185 1773 optime
1230 1731 1517 1773 peragerentur,

852 1777 1072 1816 deliberatio
1121 1780 1393 1817 institueretur.
1471 1782 1516 1816 In

851 1836 986 1886 quibus
1019 1837 1187 1872 conciliis
1225 1849 1357 1873 veram
1397 1838 1517 1873 animi

848 1892 1077 1928 sententiam
1087 1893 1215 1944 eloqui
1225 1893 1416 1929 lubricum
1425 1906 1516 1930 sane

849 1961 893 1984 ac
922 1950 1202 1999 periculosum,
1226 1962 1347 2001 quum
1367 1951 1398 1986 si
1419 1949 1513 2001 quid

849 2004 1028 2056 deinceps
1048 2007 1149 2043 male
1172 2007 1352 2053 cessisset,
1374 2007 1416 2053 is,
1449 2007 1515 2058 qui

849 2063 1060 2103 consilium.
1074 2061 1231 2099 dederat
1242 2092 1251 2109 ‚
1283 2064 1514 2113 plecteretur

846 2131 1092 2170 poenamque
1122 2121 1202 2170 ipse
1231 2120 1366 2157 lueret.
1425 2119 1510 2158 vid.

846 2176 944 2212 infra
972 2177 1071 2224 VIII,
1108 2179 1175 2217 67.
1198 2178 1273 2216 101
1307 2183 1344 2213 et
1372 2177 1513 2213 Valerii

845 2233 1007 2269 Maximi
1034 2233 1150 2271 verba
1179 2233 1248 2280 IX,
1278 2233 1316 2280 5,
1335 2246 1432 2285 quae
1463 2232 1511 2270 ad

845 2290 926 2337 VII,
961 2292 986 2331 8
1018 2289 1084 2326 fin.
1130 2290 1380 2340 proferemus.
1422 2291 1508 2327 coll.

844 2348 1009 2384 Heeren.
1041 2346 1159 2383 Ideeu
1185 2348 1215 2394 Ι,
1242 2349 1259 2385 1
1293 2359 1381 2398 pag.
1412 2344 1509 2387 470.

844 2404 950 2449 Quae
990 2410 1119 2440 autem
1159 2403 1283 2439 Persis
1321 2405 1362 2439 in
1400 2415 1508 2439 more

841 2461 955 2498 fuisse
976 2460 1150 2498 videmus
1164 2489 1174 2508 ,
1194 2461 1275 2510 ipso
1297 2462 1426 2496 Xerxe
1446 2467 1506 2496 te—

841 2524 896 2554 ste
928 2516 986 2566 (si
1012 2516 1170 2569 quidem
1198 2517 1262 2553 ille
1293 2530 1387 2553 mox
1417 2529 1507 2552 eum

840 2574 879 2610 in
901 2573 1063 2611 modum
1086 2574 1281 2626 loquitur:
1326 2568 1409 2613 οὔτ’
1431 2569 1507 2611 αὖ·

839 2627 907 2677 τός
936 2627 1212 2683 κατηγήσομαι
1242 2626 1371 2681 νόμον
1391 2625 1506 2668 τόνδε

840 2685 883 2725 ἐν
902 2683 1000 2737 ’ὑμῖν
1021 2686 1161 2734 τιθεὶς,
1182 2681 1505 2736 παραδεξάμενός

841 2756 879 2781 τε
912 2739 1022 2796 αὐτῷ
1044 2740 1273 2794 χρήσομαι),
1295 2756 1338 2778 ea
1359 2754 1503 2778 conve-

840 2799 951 2835 niunt
971 2813 1059 2835 culn
1083 2801 1126 2836 iis
1142 2827 1152 2842 ‚
1175 2812 1273 2850 quae
1294 2798 1340 2834 de
1362 2798 1504 2834 Timu-

842 2867 881 2891 re
912 2854 1048 2893 tradita
1080 2857 1318 2906 accepimus,
1347 2854 1413 2904 qui
1443 2853 1502 2889 vel
