1897 3340
404 294 486 334 164
796 291 1261 329 HERODOTI

401 399 503 456 μήτε
533 398 746 454 κέραμον,
777 397 872 442 ἀλλ’
906 399 951 442 ἐκ
982 400 1194 454 χυτρίδων
1225 398 1490 454 ἐπιχωριέων
1519 397 1712 454 νόμον95

374 466 456 511 3τό
487 465 643 510 λοιπόν
678 464 842 510 αὐτόθι
882 465 995 509 εἶναι
1022 468 1172 509 πίνειν.
1228 465 1432 520 Ἀργείων
1469 465 1548 520 μέν
1574 482 1660 509 νυν

401 534 475 578 καὶ
504 533 770 589 Αἰγινητέων
801 535 846 576 αἱ
870 537 1074 588 γυναῖκες
1103 533 1150 576 ἔκ
1186 549 1230 576 τε
1271 531 1404 576 τόσου
1433 531 1531 575 κατ’
1563 533 1656 587 ἔριν

401 604 490 644 τῶν
513 599 760 653 Ἀθηναίων
787 598 974 653 περόνας
993 599 1054 642 ἔτι
1093 600 1166 642 καὶ
1195 601 1237 650 ἐς
1275 599 1345 654 ἐμὲ
1375 598 1562 655 ἐφόρεον
1589 600 1657 655 μέ-

403 672 529 721 ζονας
557 667 586 723 ἢ
618 667 703 721 πρὸ
734 670 826 710 τοῦ.

275 740 342 786 89
491 738 578 790 Τῆς
607 734 654 776 δὲ
684 733 842 788 ἔχθρης
878 736 953 788 τῆς
991 731 1101 786 πρὸς
1130 732 1363 788 Αἰγινήτας
1389 731 1667 788 Ἀθηναίοισι.

72 804 343 866 ᾗῐιξᾶωωίῐᾷεξιὲτᾞξῐᾱ-
400 800 634 858 γενομένης
662 798 770 856 οέρχὴ
800 800 909 843 κατὰ
947 800 1000 842 τὰ
1029 801 1193 854 εἴρηται
1232 799 1409 854 ἐγένετο.
1474 798 1577 844 Τότε
1605 798 1660 855 δὴ

72 871 343 933 Ἇξὴωθὶηξῦξῐέεὼιῐη
403 868 610 924 Θηβαίων
654 866 1020 922 ἐπικαλεομένων,
1067 867 1304 921 προθύμως
1345 871 1434 910 τῶν
1471 868 1569 921 περὶ
1597 866 1680 909 wil

71 914 342 1001 ggteffiguggiffffjem
399 933 625 990 ἀγάλματα
652 935 900 991 γενομένων
937 932 1360 989 ἀναμιμνησκόμενοι
1399 936 1442 977 οἱ
1480 935 1658 989 Αἰγινῆ-
1713 933 1793 973 417

72 1005 309 1067 fflgjssffilagff·
373 1010 477 1044 Ξται
518 1000 730 1056 ἐβοήθεον
777 1007 890 1044 τοῖσι
930 1005 1177 1046 Βοιωτοῖσι.
1246 1002 1475 1056 Αἰγινῆταί
1518 1015 1563 1042 τε
1604 998 1658 1054 δή

404 1067 561 1125 ἐδῄευν
597 1072 672 1123 τῆς
712 1066 901 1126 Ἀττικῆς
934 1068 987 1112 τὰ
1023 1068 1386 1124 παραθαλάσσια·
1436 1067 1509 1111 καὶ
1537 1065 1660 1122 Ἀθη-

401 1137 566 1179 ναίοισι
607 1133 920 1192 ὁρμεωμένοισι
959 1135 1029 1180 ἐπ’
1059 1134 1294 1192 Αἰγινήτας
1334 1132 1687 1190 στρατεύεσθαι,5

402 1198 510 1260 ἦλθε
550 1201 763 1258 μαντήϊον
813 1203 858 1247 ἐκ
895 1208 1084 1260 Δελφῶν
1131 1201 1413 1258 ,,ἐπισχόντας
1452 1199 1538 1244 duo*
1578 1203 1660 1244 τοῦ

72 1072 230 1106 suadente,
254 1070 345 1107 prou-

72 1115 128 1134 nus
146 1093 250 1132 ulcieizi
270 1113 324 1141 pa-

403 1269 696 1326 ,,Αἰγινητέων
735 1269 910 1315 ἀδικίου
955 1268 1185 1326 τριήκοντα
1222 1269 1339 1321 ἔτεα,
1388 1273 1448 1327 τῷ
1488 1269 1552 1312 ἑνὶ
1586 1268 1660 1312 καὶ

72 1142 153 1174 rant,

405 1474 502 1530 μήτε
534 1474 729 1530 κέραμον,
761 1472 842 1515 ἄλλ’
872 1475 913 1516 ἐκ
933 1490 1004 1526 χυ-

347 1535 494 1587 τρίδων
532 1548 566 1571 κ.
601 1548 634 1571 τ.
677 1534 739 1581 λ.]
799 1533 1006 1582 Exscripsit

348 1589 567 1627 Athenaeus
594 1590 670 1636 XI,
704 1591 782 1628 107
802 1602 840 1639 p.
858 1589 940 1629 502
961 1588 1003 1624 C.

349 1660 379 1684 s.
409 1649 489 1686 367
527 1646 578 1682 T.
604 1646 655 1682 lV
686 1643 746 1680 ed.
785 1643 1004 1693 Schweigh.

350 1703 437 1740 coll.
467 1703 534 1749 xl,
567 1700 620 1741 64
650 1714 689 1752 p.
720 1698 802 1741 482
831 1702 876 1737 Β.
904 1713 933 1736 s.
965 1713 1004 1750 p.

351 1759 432 1799 286
454 1756 673 1808 Schweigh.
695 1757 862 1808 itemque
883 1757 1005 1806 attigit

350 1815 490 1850 Pollux
508 1814 571 1860 VI,
597 1816 688 1860 100,
709 1813 774 1849 ubi
785 1826 852 1863 pro
873 1813 1005 1864 χυτρί-

348 1871 430 1910 δων
450 1870 642 1907 invenitur
659 1870 838 1919 χυτρίων,
860 1868 906 1905 de
928 1881 1003 1920 quo

348 1927 549 1964 conferunt
568 1924 754 1976 Leopard.
766 1924 930 1962 Emend.
943 1925 1005 1971 VI,

351 1985 418 2023 20.
456 1981 626 2032 κέραμος
645 1983 685 2018 in
706 1983 925 2018 universum
945 1982 1008 2017 in-

351 2039 450 2075 dicat
459 2038 728 2090 quodcumque
740 2051 824 2088 opus
824 2038 1009 2088 figlinum,

352 2096 572 2146 praesertim
591 2107 654 2131 vas
664 2094 858 2144 figlinum3
881 2094 928 2130 cs.
940 2095 1005 2141 ΙΙΙ,

353 2154 393 2191 6·
405 2153 473 2191 96
494 2150 624 2201 χυτρὶς
645 2157 699 2186 est
718 2150 848 2196 οΙΙιιὶας
871 2149 1007 2186 eodem

352 2219 463 2244 sensu
483 2207 664 2252 V11,176
694 2200 850 2257 χύτροι,
890 2219 1007 2257 quem

353 2263 481 2299 locum
526 2263 643 2298 citans
681 2261 897 2298 Eustatliius
938 2274 1005 2312 pro

353 2314 520 2384 χύτρους
540 2316 693 2354 exhibet
712 2313 854 2369 χύτρας
874 2330 894 2354 a
914 2331 1008 2354 voce

355 2370 504 2426 χύτρα,
553 2386 651 2426 quae
682 2373 851 2409 eiusdem
884 2381 938 2410 est
957 2375 1008 2410 si-

356 2430 620 2481 gnificationis.
678 2430 788 2466 Cous.
809 2431 922 2466 etiam
946 2431 1010 2466 Fi-

355 2485 477 2524 scher-
505 2485 553 2522 ad
582 2486 742 2523 Weller.
769 2488 785 2521 1
806 2498 893 2536 pag.
918 2485 1010 2527 154.

357 2543 557 2580 Caeterum
588 2543 685 2579 bene
716 2542 886 2578 observat
919 2542 1011 2579 Val-

357 2598 578 2636 ckenaerius
592 2628 601 2646 ,
641 2599 757 2634 citans
777 2599 944 2634 Mam-ob.
965 2599 1009 2644 V,

357 2654 424 2702 25,
454 2655 514 2691 vel
545 2653 616 2691 hoc
646 2667 693 2690 ex
713 2655 797 2690 loco
828 2653 1010 2690 Herodoti

360 2723 540 2762 apparere
553 2741 561 2753 ,
584 2717 726 2747 veteres
747 2711 824 2746 Diis
846 2723 912 2761 pro
931 2712 1009 2761 pri-

360 2780 423 2805 sca
460 2768 696 2818 simplicitate
736 2769 829 2803 vasis
878 2767 1009 2804 libasse

359 2823 546 2869 fictilibus.
568 2846 615 2851 —
639 2824 682 2858 In
702 2835 807 2874 seqq.
828 2822 875 2858 ad
897 2824 1009 2859 verba

362 2878 405 2919 ἔκ
433 2893 474 2919 τε
503 2876 618 2920 τόσου
649 2877 710 2930 (nb
733 2879 794 2916 illo
822 2879 905 2916 inde
927 2883 1008 2916 tem-

1054 1476 1164 1527 pore)
1197 1477 1298 1513 conf.
1330 1475 1392 1523 VI,
1423 1474 1489 1516 84.
1517 1476 1600 1521 VII,
1622 1473 1717 1514 215.

1061 1534 1143 1569 Hoc
1172 1533 1256 1569 loco
1286 1545 1384 1569 uuus
1414 1532 1604 1569 Sancrofti
1625 1531 1718 1567 liber

1062 1588 1104 1628 ἔκ
1130 1581 1229 1628 τοτε.

1220 1667 1312 1717 Cap.
1329 1667 1548 1703 LXXXIX.

1119 1731 1215 1773 κατὰ
1239 1731 1285 1772 τά
1317 1734 1496 1785 εἴρηται]
1527 1735 1584 1770 De
1613 1734 1717 1770 locu-

1062 1792 1164 1827 tione
1185 1787 1283 1829 κατα
1312 1789 1359 1829 τοὶ
1380 1792 1525 1827 confer.
1549 1803 1646 1842 quae
1668 1789 1717 1826 ad

1062 1848 1106 1894 V,
1133 1850 1178 1886 11
1203 1848 1315 1883 allata
1333 1853 1432 1885 sunt.
1491 1848 1566 1883 Pro
1594 1847 1717 1896 Ἀθη-

1061 1903 1211 1941 ναίοισι
1251 1903 1376 1953 plures
1407 1904 1491 1939 libri
1520 1901 1559 1950 ἐξ
1596 1898 1714 1953 Ἀθη-

1063 1960 1202 1997 ναίων.
1259 1960 1379 1995 Paulo
1400 1960 1496 1996 iufra
1517 1958 1670 1996 Schaef.
1681 1965 1717 1995 et

1061 2014 1247 2051 Matt11.e
1276 2015 1423 2052 duobus
1451 2014 1560 2052 codd.
1598 2014 1718 2052 dede-

1062 2079 1150 2107 runt
1171 2067 1230 2110 ἐπ’
1251 2071 1420 2123 Αἰγίνης
1439 2072 1631 2121 (Aeginam
1640 2084 1716 2108 ver-

1062 2130 1137 2176 sus)
1166 2125 1450 2178 στρατεύεσθαι
1469 2141 1538 2179 p10
1565 2122 1624 2167 ἐπ’
1641 2127 1715 2166 Αἰ·

1062 2179 1236 2235 γινήτας,
1267 2183 1371 2235 quod
1401 2197 1491 2221 cum
1518 2184 1634 2221 Gaisf.
1654 2185 1717 2220 in-

1062 2247 1206 2276 tactum
1226 2242 1372 2292 reliqui,
1395 2254 1483 2277 cum
1497 2241 1601 2277 nulla
1622 2239 1718 2277 adsit

1063 2309 1175 2332 causa
1194 2296 1382 2333 mutandi.
1422 2297 1531 2334 Conf.
1553 2303 1648 2334 nott.
1669 2295 1717 2332 ad

1064 2353 1108 2399 V,
1132 2354 1224 2392 122.

1122 2404 1301 2455 α’ὅικίου]
1334 2407 1519 2454 „oraculi
1540 2406 1634 2444 haec
1663 2414 1716 2444 est

1066 2465 1270 2501 sententia:
1311 2464 1381 2510 „ab
1400 2476 1437 2500 eo
1458 2468 1623 2514 tempore,
1652 2476 1718 2514 quo

1066 2521 1255 2569 Aeginetae
1282 2521 1417 2556 iniusta
1446 2533 1544 2556 arma
1562 2522 1599 2556 in
1617 2521 1718 2557 Atti-

1068 2589 1143 2613 cum
1162 2588 1290 2624 agrum
1309 2576 1439 2625 injerre
1459 2580 1649 2626 coeperant,
1662 2580 1715 2613 to-

1067 2635 1112 2669 tis
1131 2634 1284 2680 triginta
1306 2634 1409 2668 annis
1431 2645 1455 2668 a
1479 2633 1638 2669 vindicta
1655 2634 1718 2670 ab·

1065 2688 1266 2725 sesnandum
1289 2690 1396 2725 esse.“
1436 2687 1478 2723 W
1490 2702 1559 2724 ess
1571 2689 1717 2738 eling-

1066 2746 1140 2780 Pro
1172 2740 1330 2783 ἅὸικίου
1362 2751 1448 2780 aute
1479 2746 1716 2782 Gronovium

1066 2802 1163 2837 male
1185 2801 1329 2838 αἰκίυυ.
1367 2801 1430 2836 Tu
1451 2802 1552 2838 conf.
1574 2801 1622 2838 de
1643 2800 1715 2838 hoc

1064 2880 1263 2916 nominum
1275 2879 1312 2914 ll!
1335 2893 1396 2918 ιον
1409 2881 1632 2918 exellutiuln
1646 2892 1716 2931 ge-
