1897 3340
506 213 984 253 POLYMNIA.
1043 214 1153 253 VII.

1350 224 1431 264 771

175 326 271 376 λου,
302 320 362 374 ὦς
389 322 509 374 οἰκὸς
536 317 607 379 ἦν,
637 321 817 379 φύλλων
843 319 1186 378 ὑποκεχυμένων
1206 324 1292 369 ὑπὸ
1321 333 1434 373 τοῖσι
1448 338 1492 371 1ο

175 391 302 443 ποσὶ,
342 389 425 435 ἀνά
453 408 497 435 τε
526 392 717 447 ἔδραμον
745 391 789 433 οἱ
820 388 1003 442 Φωκέες,
1029 390 1103 434 καὶ
1131 391 1285 435 ἔδυντο
1314 394 1367 436 τὰ
1394 395 1435 439 ὅ-

144 463 286 503 zaza·
313 459 388 503 καὶ
418 458 574 503 αὐτίκα
604 459 650 501 οἱ
676 456 899 514 βάρβαροι
926 461 1143 515 παρῆσαν.
1202 458 1262 512 ὦς
1302 461 1349 504 δὲ
1377 460 1436 504 εἷ·-

174 528 256 571 δον
285 526 449 582 ἄνδρας
476 523 766 581 ἐνδυομένους
796 525 923 580 ὅπλα,
951 525 1000 571 ἐν
1027 526 1234 583 θωύματι
1264 527 1436 584 ἐγένον-

172 610 244 639 το·
277 595 506 651 ἐλπόμενοι
533 595 618 650 γὰρ
647 594 780 640 οὐδέν
807 606 889 651 σφι
914 593 1194 652 φανήσεσθαι
1223 593 1438 649 ἀντίξοον,

146 669 170 704 3
179 662 442 720 ἐνεκύρησαν
478 666 660 722 στρατῷ.

725 662 942 707 Ἐνθαῦτα
974 662 1190 721 Ὑδάρνης
1217 664 1495 720 καταῤῥω-Ιό

173 730 307 787 δήσας
334 729 392 786 μή
422 731 468 774 οἷ
497 732 666 784 Φωκέες
697 732 799 776 ἔωσι
813 731 1168 787 Λακεδαιμόνιοι,
1200 734 1337 787 εἴρετο
1359 730 1439 775 τὸν

167 796 392 854 Ἐπιάλτεα
437 800 636 850 ποδαπὸς
673 801 738 855 εἴη
768 797 791 843 ὁ
833 796 1041 853 στρατός·

1093 799 1349 855 πυθόμενος
1393 798 1441 842 δὲ

144 863 399 920 4άτρεκέως,
431 866 624 910 διέτασσε
655 867 763 919 τούς
797 867 972 923 Πέρσας
1002 864 1061 917 ὥς
1084 867 1126 918 ἐς
1146 867 1299 924 μάχην.
1329 868 1373 910 οἱ
1392 866 1438 910 δὲ

173 933 369 985 Φωκέες,
402 932 462 985 ὦς
493 933 730 990 ἐβάλλοντο
761 939 878 979 τοῖσι
908 932 1143 989 τοξεύμασι
1171 935 1372 979 πολλοῖσί
1401 940 1496 977 τεΞΟ

167 1001 245 1045 καὶ
272 1006 492 1054 πυκνοῖσι,
526 1004 699 1059 οἴχοντο
729 1001 968 1061 φεύγοντες
996 1002 1066 1046 ἐπὶ
1083 1007 1164 1046 τοῦ
1183 1001 1341 1056 οὔρεος
1359 999 1439 1045 τὸν

169 1069 420 1126 κόρυμβον,
464 1070 743 1128 ἐπιστάμενοι
784 1069 844 1123 ὣς
884 1069 955 1114 ἐπὶ
992 1069 1130 1126 σφέας
1160 1070 1438 1128 ὡρμήθησαν

169 1236 251 1280 άνά
283 1256 325 1281 τε
352 1241 558 1294 ἔδραμον]
601 1239 777 1310 άναδρα-

113 1301 204 1350 μεῖν
218 1296 303 1336 eth.
314 1300 340 1337 l.
362 1306 399 1337 et
418 1301 483 1348 ΠΙ,
500 1303 553 1341 78
577 1314 655 1337 esse
677 1295 776 1339 άνα-

114 1357 259 1406 στῆναι
289 1354 360 1395 καὶ
393 1356 559 1408 δραμεῖν
575 1357 637 1394 vel
650 1368 776 1409 προσ-

65 1446 67 1448 ,
112 1411 295 1463 δραμεῖν,
329 1425 474 1462 surgere
499 1420 536 1450 et
566 1414 774 1460 adcurrere,

112 1470 243 1518 raptim
254 1482 408 1518 surgere,
421 1477 579 1507 annotat
591 1469 774 1520 Schwgh.

112 1525 158 1562 In
167 1538 274 1577 seqq.
295 1540 315 1562 e
335 1527 554 1563 Florentino
575 1534 774 1578 receptum

113 1580 279 1631 ἔδοντο,
316 1583 383 1620 ubi
412 1584 475 1620 alii
505 1583 670 1632 ἔδυνον,
711 1584 775 1621 alii

112 1637 314 1679 ἐνέδυνον.
365 1640 460 1677 Mox
478 1642 613 1677 Noster
633 1640 774 1680 ἐνδυο-

113 1693 259 1746 μένους
293 1691 395 1736 ’ὅπλα
425 1696 553 1746 (armis
589 1694 775 1749 indutos),

112 1753 181 1803 qui
200 1759 331 1789 tamen
357 1754 474 1790 etiam
498 1755 580 1801 VII,
608 1756 690 1794 229
713 1753 774 1790 di-

112 1809 171 1845 xit
192 1805 240 1847 τά
263 1805 366 1848 ὅπλα
391 1805 630 1850 ἐνδύντα.
689 1811 775 1860 Ipsa

113 1865 256 1902 locutio
276 1867 490 1903 Homerum
519 1865 678 1903 redolet.
716 1867 775 1903 Cs.

112 1922 291 1962 Duucan.
317 1923 450 1960 Lexic.
477 1935 567 1973 pag.
599 1925 681 1964 307
714 1921 776 1960 ed.

113 1979 216 2015 Rost.
246 1999 304 2006 -—
352 1980 429 2016 Pro
449 1975 611 2031 θώματι
630 1980 776 2016 restitui

114 2031 317 2085 θωύματι.

170 2087 385 2143 ἐλπόμενοι
406 2088 509 2143 γὰρ]
539 2091 565 2128 ἰ.
587 2104 621 2129 e.
644 2081 783 2128 existi-⁷

114 2153 248 2185 mantes
261 2176 271 2196 ,
313 2151 492 2198 putantes.
563 2148 777 2199 Aliquoties

114 2204 194 2239 iam
214 2202 261 2240 de
281 2202 394 2242 huius
413 2204 520 2241 verbi
535 2217 606 2241 usu
620 2204 777 2240 monui-

114 2272 202 2296 mus
221 2272 346 2310 supra.
402 2262 461 2297 De
479 2273 574 2298 voce
595 2255 778 2308 άντίξοος

116 2316 218 2356 conf.
254 2317 333 2352 citt.
367 2314 416 2352 ad
447 2317 529 2364 VII,
552 2319 632 2357 192
664 2324 701 2354 et
729 2315 778 2354 ad

90 2418 95 2421 -
116 2385 230 2410 voces
260 2369 506 2423 ἐνεκύρησαν
530 2375 683 2425 στρατῷ
703 2372 779 2422 (in-

118 2429 280 2467 ciderant
319 2431 359 2466 in
388 2430 591 2476 exercitum)
613 2435 707 2465 nott.
729 2427 778 2465 ad

116 2486 200 2534 Vll,
229 2487 326 2526 208.
382 2485 427 2521 Iu
446 2496 552 2535 seqq.
575 2482 623 2520 ad
643 2496 779 2520 vocem

117 2539 301 2588 ποδαπός
320 2542 422 2579 conf.
442 2539 615 2578 Thomas
629 2541 778 2590 Magist.

117 2611 207 2649 pag.
248 2596 330 2638 724
373 2610 452 2649 seq.
490 2597 584 2648 ibiq.
630 2596 780 2633 Sallier.

119 2654 327 2693 Sohaefero
347 2653 549 2705 (Apparet.
570 2651 619 2689 ad
634 2654 781 2690 Demo-

117 2710 242 2750 sthen.
261 2712 297 2747 II
317 2724 355 2761 p.
372 2710 472 2757 564)
492 2708 555 2746 hic
573 2710 698 2760 placet
717 2722 781 2746 re—

118 2769 282 2805 scribere
303 2764 520 2814 ὁποδαπός,
553 2765 657 2817 quod
677 2766 781 2803 Sau-

120 2824 231 2862 crofti
239 2825 335 2863 liber
345 2836 438 2863 cum
448 2824 522 2861 alio
537 2823 655 2861 Paris.
665 2835 780 2874 prae-

831 1245 907 1282 bet.
965 1243 1029 1281 Ad
1066 1256 1180 1282 voces
1206 1241 1261 1291 ὥς
1289 1242 1330 1290 ἐς
1361 1240 1492 1294 μάχην

834 1300 1032 1339 cf.Matth.
1050 1302 1116 1339 Gr.
1138 1302 1204 1338 Gr.
1226 1303 1263 1347 ξ.
1295 1302 1389 1350 628,
1408 1303 1432 1341 3
1454 1314 1495 1352 p.

838 1356 956 1399 1284.

888 1413 954 1453 ἐπὶ
981 1414 1056 1452 τοῦ
1086 1409 1229 1462 οὔρεος
1249 1408 1319 1451 τόν
1339 1407 1494 1463 κόρυμ-

831 1470 932 1523 βον]
963 1470 1099 1519 Attigit
1131 1467 1306 1506 Eustath.
1329 1468 1378 1505 ad
1396 1471 1493 1506 Dio-

830 1541 917 1578 nys.
946 1528 1099 1576 Perieg.
1128 1526 1211 1567 566
1244 1524 1293 1562 ad
1321 1524 1430 1563 Iliad.
1454 1540 1494 1576 p.

832 1584 929 1631 750,
951 1584 1004 1624 35
1030 1596 1060 1620 5.
1083 1583 1177 1630 650,
1202 1585 1267 1631 12,
1288 1582 1355 1618 ubi
1376 1595 1493 1619 mou-

831 1646 923 1677 strat
942 1635 1145 1691 κὸρυμβον
1169 1637 1245 1675 dici
1271 1638 1336 1678 ἐπὶ
1357 1637 1496 1689 ἐξοχῆς

832 1692 1001 1748 ὀρεινῆς,
1026 1696 1068 1733 de
1099 1707 1228 1732 summo
1256 1697 1384 1732 montis
1417 1708 1497 1732 ver-

831 1757 899 1790 tzce
916 1767 946 1790 s.
964 1753 1152 1799 cacumine,
1165 1750 1497 1803 quemadmodum

831 1808 1044 1860 Aeschylus
1087 1809 1194 1844 Pers.
1244 1810 1321 1848 661
1374 1807 1391 1856 (
1414 1806 1494 1848 664

830 1866 992 1914 Blomf.)
1021 1876 1216 1901 summam
1244 1864 1385 1900 tumuli
1404 1876 1495 1914 par-

831 1930 912 1959 tem
941 1921 1037 1958 dixit
1064 1918 1188 1969 ἄκρον
1216 1917 1425 1971 κόρυμβον
1448 1916 1495 1959 ‹³5-

831 1983 935 2030 χθου
950 2008 959 2026 ,
990 1979 1056 2014 ubi
1076 1976 1295 2014 Blomfield.
1319 1978 1359 2012 iu
1382 1977 1496 2013 Glos-

831 2049 899 2072 sar.
923 2034 971 2071 ad
1001 2033 1038 2070 h.
1060 2034 1084 2071 l.
1107 2041 1143 2070 et
1164 2032 1212 2069 ad
1242 2033 1324 2073 417
1355 2034 1494 2069 excitat

832 2093 935 2143 Hesy
938 2090 1067 2128 chium
1088 2091 1172 2140 llp.
1195 2088 1290 2134 324,
1310 2090 1376 2125 ubi
1396 2091 1495 2126 iuter

834 2149 906 2184 alia
926 2146 1000 2184 hoc
1031 2159 1201 2212 quoque
1205 2146 1391 2195 legimus:
1420 2161 1494 2184 κα-

832 2201 961 2244 θόλου
988 2201 1120 2242 πάντα
1155 2217 1202 2240 τοι
1234 2200 1407 2253 μετέωρα
1426 2217 1494 2241 και

835 2261 891 2307 εἰς
921 2257 1031 2310 ν’ψος
1063 2255 1322 2298 άνατείνοντα
1345 2273 1495 2310 κορυμ-

835 2319 934 2369 βους
969 2314 1140 2368 λέγουσι.
1216 2316 1351 2367 Itaque
1392 2322 1495 2351 recte

832 2373 947 2411 tradit
968 2372 1134 2410 Schoen.
1155 2372 1197 2408 in
1218 2370 1496 2409 Comment.de

833 2442 1012 2481 personu.
1031 2430 1072 2465 iu
1091 2427 1267 2478 Euripid.
1288 2428 1432 2465 Bacch.
1455 2441 1494 2477 p.

837 2489 912 2526 101
927 2482 1129 2538 κόρυμβον
1150 2484 1224 2522 dici
1243 2484 1291 2521 de
1311 2498 1368 2532 eo,
1387 2483 1496 2535 quid-

835 2540 928 2593 quid
948 2542 988 2578 in
1017 2554 1085 2578 sua
1119 2555 1160 2578 re
1180 2541 1394 2592 promineat
1414 2540 1494 2576 cel-

833 2610 968 2635 sumve
1006 2599 1066 2636 sit.
1123 2599 1189 2635 Tu
1227 2596 1303 2635 vid.
1341 2608 1495 2648 quoque

835 2655 1012 2692 Perizon.
1041 2653 1089 2691 ad
1108 2655 1257 2691 Aelian.
1290 2653 1336 2692 V.
1358 2653 1407 2690 H.
1429 2652 1492 2698 IV,

836 2713 902 2759 22,
931 2724 1049 2763 quem
1073 2710 1220 2748 dudum
1242 2708 1403 2745 conferri
1422 2720 1494 2746 vo-

833 2767 957 2805 luerat
975 2767 1226 2806 Valckeuaer.

892 2821 1172 2875 ἐπιστάμενοι]
1207 2821 1315 2858 Valla
1342 2817 1492 2858 reddit:

1114 2874 1215 2919 49*
