1897 3340
1858 0 1897 136 ῃ

1861 137 1864 147 ι

1861 178 1863 190 ι

1861 195 1864 202 v

1862 246 1864 255 ι

1862 268 1864 284 1

436 268 521 309 826
833 264 1293 302 HERODOTI

1860 150 1863 173 1

1861 208 1864 243 l

1862 294 1864 321 ι

438 374 598 429 „vetitos
617 373 639 419 ὃ
658 373 865 429 Ἀρίστων
886 372 942 416 οὐ
969 372 1073 428 μετὰ
1096 370 1259 414 πολλὸν
1281 368 1458 426 χρόνον,
1490 367 1548 421 ὥς
1568 367 1695 426 ἀνοίῃ
1709 375 1755 409 89
1861 327 1865 398 i

439 445 514 496 ,,τὸ
547 444 647 494 ἔπος
677 443 849 498 ἐκβάλοι
878 446 1020 484 τοῦτο.
1060 440 1217 495 λόγους
1247 439 1292 481 δὲ
1323 437 1480 489 ἄλλους
1509 437 1606 491 περὶ
1632 453 1700 491 γε·
1862 421 1889 497 ¹1!

441 511 612 565 ,,νε’σιος
632 514 707 565 τῆς
734 513 925 552 σεωυτοῦ
965 507 1022 563 μὴ
1054 508 1196 550 δέκεο·
1236 505 1288 548 τοὶ
1318 506 1399 560 γὰρ
1431 504 1700 561 ἀληθέστατα
1863 483 1897 575 ⁴2³

390 578 607 632 11,,πᾶντα
638 576 844 633 ἀκήκοας.
889 576 936 619 ἐκ
957 575 1001 619 δὲ
1023 573 1288 629 ὀνοφορβῶν
1319 573 1437 631 αὐτῷ
1465 589 1508 616 τε
1532 575 1700 615 Λευτυ-
1863 577 1866 596 ¹

443 648 566 702 „2569
596 645 669 688 καὶ
698 649 810 687 τοῖσι
830 647 968 685 ταῦτα
995 642 1170 697 λέγουσι
1206 642 1392 684 τίκτοιεν
1429 642 1474 682 αἱ
1501 644 1702 695 γυναῖκες
1862 597 1866 714 1.

444 715 669 765 ,,παῖδας.“
722 709 781 752 ‘H
804 710 882 764 μὲν
912 709 964 765 δὴ
993 712 1130 751 ταῦτα
1160 707 1283 762 ἔλεγε.
1335 707 1386 749 Ὃ
1407 707 1471 757 δὲ,
1511 706 1759 762 πυθόμε-85
1864 720 1866 768 Ι

444 782 521 831 νός
559 795 603 822 τε
633 778 685 821 τοὶ
715 776 938 834 ἐβούλετο,
981 776 1056 820 καὶ
1088 774 1238 818 ἐπόδια
1267 774 1432 829 λαβὼν,
1474 774 1703 828 ἐπορεύετο

445 849 488 898 ἐς
509 843 657 890 ‘’'Hmv-
687 848 747 901 τῷ
777 843 892 900 λόγῳ
926 842 1034 899 φὰς,
1075 840 1135 893 ὥς
1174 840 1217 892 ἐς
1240 841 1455 896 Δελφοὺς,
1485 842 1697 898 χρησόμε-

320 711 385 755 70

113 776 239 822 primum
258 775 350 810 Elim,

113 819 166 847 pos
143 810 275 845 ›stzacj
276 811 388 838 nthum

113 844 249 879 auinigit5
263 820 388 871 undein

115 879 214 905 Asiam
233 878 270 904 ad
297 879 354 905 Da-

114 912 193 939 rium
203 912 330 945 transit,
351 919 370 938 a.

117 932 386 985 quo-honoriticen-

114 982 232 1040 {hsrsune
242 987 353 1014 excipi-

0 920 17 1180 -ῌιῑιιᾼῑτι;νῖ
0 790 13 883 ι;,,ς
6 746 7 750 „
0 715 1 720 Α

441 931 520 965 νος
559 917 619 971 τῷ
656 913 920 968 χρηστηρίῳ,

966 908 1208 964 πορεύεται.

1267 909 1607 963 Λακεδαιμόνιοι
1647 909 1704 957 δὲ,

444 981 795 1037 ὑποτοπηθέντες
811 978 1076 1034 Δημάρητον
1098 979 1274 1034 δρησμῷ
1303 975 1561 1031 ἐπιχειρέειν,
1593 976 1709 1020 ἐδίω-

392 1177 558 1216 tribuere
597 1173 760 1212 debebat
801 1186 1051 1211 communem

394 1233 630 1296 opinionem.
651 1231 836 1269 Poscebat
848 1231 916 1267 sibi
927 1228 999 1266 hoc
1016 1235 1053 1265 et

394 1284 616 1339 πιθανότης
637 1295 673 1325 et
685 1282 802 1339 ἦθος,
824 1287 960 1339 quibus
974 1287 1055 1323 vir-

396 1346 538 1383 tutibus
578 1345 720 1382 clarent
758 1345 889 1381 Musae
930 1345 1056 1380 Hero-

340 1411 343 1414 “
399 1401 573 1440 doteae.“

457 1473 511 1504 ως
540 1453 658 1512 οἷνοιή
686 1471 731 1496 το
765 1454 861 1501 ἔπος
895 1449 1058 1506 ἐκβάλοι

399 1529 469 1554 τοι·
454 1516 544 1564 το]
565 1516 610 1550 Iu
629 1515 804 1582 proxime
824 1510 1060 1548 anteceden-

400 1572 499 1610 tibus
514 1583 580 1622 pio
593 1566 709 1616 αυτὸς
730 1568 751 1608 ὁ
765 1564 955 1620 Ἀρίστων
965 1568 1059 1604 Val-

401 1626 623 1664 ckenaerius
649 1626 760 1663 scribi
778 1621 963 1661 mavult‘
944 1639 964 1662 ο
985 1619 1059 1661 αὕ-

400 1680 463 1729 τὸς
517 1679 713 1735 Ἀρίστων
770 1688 814 1718 ut
860 1694 890 1717 5ι
880 1681 907 1716 t
964 1680 1055 1716 idem

401 1740 535 1778 Aresto.
599 1739 704 1775 Libri
743 1750 823 1774 uon
862 1734 1056 1781 addicunt,

403 1808 568 1847 quorum
590 1793 801 1831 eorundem
831 1806 880 1829 ex
900 1793 1058 1828 auctori-

403 1859 480 1889 tate
510 1853 662 1903 reposui
693 1863 782 1887 cum
801 1855 960 1888 recentt.
997 1848 1062 1887 ἐκ-

406 1904 523 1960 βάλοι
541 1921 610 1959 pro
651 1902 847 1958 ἐκβάλλοι,
877 1905 1062 1956 probante

404 1963 703 2011 Valckeuaerio,
750 1963 817 2014 qui
854 1961 960 1998 idem
997 1973 1067 2011 pro

407 2017 525 2073 ἆνοίῃ
539 2020 697 2070 (stolide)
709 2011 950 2070 praeferret'
924 2017 1066 2070 αγνοίῃ

408 2076 469 2126 (ex
489 2078 659 2127 inscitia)
676 2075 734 2112 his
755 2074 930 2112 adiectis:
952 2074 1068 2121 „Ari-

407 2134 507 2171 stoni
527 2133 673 2171 dictum
706 2129 970 2195 imprudenter
998 2142 1061 2165 ex-

410 2188 552 2226 ciderat
601 2184 743 2241 οἷγνοίῃ
790 2188 853 2224 vel
901 2181 1066 2237 οἷἰδρηΐῃ

407 2247 616 2294 ignoranti,
647 2242 752 2296 quod
771 2243 833 2280 vel
853 2255 901 2278 ex
920 2243 1068 2277 Home-

409 2314 452 2338 ro
474 2300 615 2338 discere
635 2301 826 2351 potuisset‚
855 2296 1068 2348 Eurysthea

411 2355 594 2395 Sthenelo
627 2363 761 2393 natum
790 2360 949 2392 canente
979 2349 1068 2404 η’λι-

410 2410 582 2463 τόμηνον
618 2407 755 2455 ἐόντα,
794 2423 884 2448 cum
914 2411 1025 2446 matri
1047 2407 1070 2448 ὅ

413 2467 582 2520 εβδομος
603 2464 771 2518 εἱστήκει
794 2466 891 2517 μείς.
932 2467 1070 2502 Postea

414 2524 553 2575 Agidi,
602 2525 707 2562 euius
747 2536 868 2560 uxore
906 2522 1069 2558 Timaea

414 2582 530 2632 paulo
579 2580 800 2617 familiarius
854 2577 1068 2615 Alcibiades

413 2637 538 2674 suerat
568 2650 679 2684 usus,
728 2635 849 2673 simile
879 2633 971 2686 quid
992 2634 1068 2671 filio

416 2701 504 2730 nato
525 2692 684 2739 dicenti,
716 2689 835 2732 ὄὶνοια
854 2692 977 2742 potius
994 2692 1069 2727 im-

418 2752 540 2801 putari
570 2749 731 2801 potuit.“
790 2746 889 2793 Quid
919 2760 988 2783 usu
1009 2746 1069 2783 di—

417 2813 514 2843 stent
544 2803 662 2845 ὀῖνοια
690 2811 727 2841 et
751 2801 911 2855 ἄγνοια,
934 2802 1070 2840 eodem

416 2861 600 2900 Valcken.
617 2862 851 2907 observante,
872 2873 893 2896 e
913 2860 1068 2898 Lucian.

1105 1173 1163 1208 De
1188 1169 1367 1207 sacrifice.
1397 1171 1437 1206 in
1457 1170 1523 1207 fin.
1543 1171 1630 1207 satis
1649 1176 1766 1221 patet.

1107 1228 1235 1279 Atque
1270 1225 1531 1263 Valckenaerii
1583 1225 1769 1263 emenda-

1107 1284 1254 1321 tionem
1265 1284 1420 1333 arripuit
1434 1282 1645 1330 Schaefer„
1653 1295 1769 1335 quem

1110 1339 1247 1377 Matth.
1265 1347 1414 1376 secutus
1436 1346 1501 1377 est.
1559 1341 1635 1376 Nos
1655 1338 1767 1378 codd.

1114 1397 1379 1434 auctoritatem
1402 1404 1505 1433 'cum
1544 1394 1765 1446 Schweigh.

1114 1460 1151 1490 et
1172 1452 1289 1490 Gaisf.
1310 1452 1643 1504 sequimaluimus.
1664 1451 1771 1488 Bek-

1113 1509 1197 1547 ker.
1225 1508 1328 1546 dedit
1349 1506 1490 1563 ἇγνοίῃ
1509 1510 1680 1561 itemque
1711 1522 1772 1559 cp.

1114 1569 1168 1607 70
1196 1560 1466 1616 απαιρέονται.
1496 1564 1677 1617 ἐκβαλεῖν
1698 1564 1773 1615 ἔπη

1114 1621 1251 1659 eodem
1299 1635 1412 1658 sensu
1459 1620 1556 1659 dixit
1594 1620 1773 1672 Aeschyl.

1111 1680 1278 1729 Agamn.
1312 1680 1418 1718 1672
1454 1678 1588 1725 [1653
1609 1678 1772 1726 Blomf.]

1113 1742 1155 1771 ut
1174 1740 1281 1771 notat
1299 1733 1483 1771 Valcken.

1333 1835 1424 1885 Cap.
1444 1835 1567 1872 LXX.

1174 1897 1316 1943 ἐπόδια
1348 1898 1511 1953 λαβών]
1564 1901 1676 1939 Conf.
1709 1901 1775 1950 lv,

1122 1962 1204 2001 203
1227 1962 1263 1995 et
1284 1957 1333 1995 ad
1361 1960 1417 2012 τῷ
1445 1956 1551 2012 λόγῳ
1589 1959 1629 1995 in
1668 1970 1776 2011 seqq.

1124 2015 1224 2054 conf.
1245 2015 1291 2063 V,
1311 2018 1378 2055 20.

1178 2068 1547 2121 ὑποτοπηθέντες]
1606 2071 1777 2109 Verbmn

1123 2127 1296 2165 medium
1354 2128 1474 2164 activa
1531 2127 1779 2178 significatio-

1123 2197 1173 2220 ne
1248 2185 1383 2220 Noster
1465 2182 1638 2221 adhibuit
1708 2185 1777 2231 lx,

1126 2241 1217 2280 116.
1274 2238 1377 2276 Add.
1417 2239 1608 2290 Aristoph.
1648 2238 1778 2277 Thes-

1122 2294 1255 2346 moph.
1282 2293 1377 2342 464,
1409 2296 1475 2331 ubi
1505 2294 1636 2332 Schol.
1657 2309 1779 2347 expo-

1122 2359 1220 2388 nunt
1268 2349 1479 2398 ὑπονοεῖν,
1537 2350 1780 2392 ὕποπτεύειν

1127 2408 1348 2457 (suspectum
1378 2407 1543 2456 habere).
1574 2410 1671 2445 Rau.
1698 2410 1779 2449 909

1125 2463 1240 2502 Both.
1289 2465 1333 2500 Iu
1353 2477 1458 2515 seqq.
1481 2463 1529 2501 ad
1550 2461 1781 2516 ἐπιδιαβάν-

1126 2536 1186 2567 τες
1201 2551 1209 2567 ,
1242 2522 1347 2557 cuius
1368 2521 1452 2557 loco
1472 2521 1512 2557 in
1532 2522 1701 2571 pluribus
1713 2534 1782 2558 ex-

1126 2584 1197 2614 stat
1227 2572 1457 2628 ἐπιβάντες,
1487 2578 1589 2615 cons.
1609 2578 1672 2624 IV,
1692 2580 1781 2618 122.

1125 2635 1216 2670 Mox
1239 2646 1328 2670 cum
1351 2632 1568 2684 Schweigh.
1598 2641 1635 2671 et
1665 2633 1784 2670 Gaisf.

1126 2689 1227 2727 edidi
1257 2685 1388 2728 αὐτῶν
1421 2687 1677 2739 ἅπαιρέοντο,
1716 2690 1782 2727 ubi

1126 2748 1189 2783 alii
1231 2742 1376 2793 αὐτοῦ,
1415 2746 1478 2782 alii
1507 2742 1778 2798 ἀπαιρέονται.

1127 2802 1237 2840 Conf.
1258 2804 1414 2839 Homer.
1430 2802 1473 2840 ll.
1488 2803 1516 2850 1,
1540 2803 1632 2844 175.
1643 2800 1778 2841 Matth.

1127 2860 1193 2896 Gr.
1224 2859 1291 2896 Gr.
1322 2859 1359 2904 §.
1381 2859 1474 2905 418,
1514 2860 1581 2912 qui
1609 2857 1780 2896 exhibuit
