1897 3340
596 207 627 241 E
659 207 688 240 R
719 204 750 238 A
784 203 820 238 T
850 202 895 237 Ο.
956 201 1028 236 Vl.
1367 205 1450 243 353

186 333 268 370 μος
320 314 587 371 Ἀθηναίοισι
634 311 714 366 τὴν
758 308 948 365 παλαιὴν
994 308 1258 389 καλεομένην
1308 309 1448 352 πόλιν.

2 396 15 415 ¹²
62 380 129 425 89
185 382 410 439 Ἀθηναῖοι
441 382 486 425 ὁὲ
517 379 571 424 οὐ
594 378 912 432 παραγίνονται
942 375 984 427 ές
1015 375 1224 420 δέον.ού
1247 376 1329 431 γὰρ
1361 377 1449 419 ἔτυ-

187 468 265 507 χον
308 452 460 494 ἐοῦσαι
510 446 602 497 νέες
645 457 725 499 σφι
773 443 996 499 αξιόμαχοι
1043 448 1141 502 τῇσι
1180 445 1449 500 Αἰγινητέων

119 542 127 552 ·
184 518 461 574 συμβαλέειν·

152 593 265 641 Ξσφι
302 583 422 634 νέας,
472 581 519 625 έν
566 580 707 636 τούτῳ
750 580 970 636 διεφθάρη
1011 597 1065 622 τα
1103 582 1346 636 πρήγματα.

511 515 557 558 έν
596 515 629 573 ᾧ
673 514 736 555 ων
775 515 1036 566 Κορινθίων
1086 512 1258 561 έὸέοντο
1292 514 1450 568 χρῆσαί

1401 582 1444 622 οἱ
1500 585 1581 626 480

183 655 228 696 δὲ
268 653 525 705 Κορίνθιοι,
574 644 687 704 ἦσαν
727 648 811 703 γάρ
851 660 929 703 σφι
967 652 1128 691 τοῦτον
1165 647 1245 691 τόν
1284 648 1446 704 χρόνον

183 723 302 776 φίλοι
330 719 371 770 ές
391 717 443 760 τὰ
477 717 686 772 μάλιστα,
713 715 986 773 Ἀθηναίοισι
1007 716 1474 772 διδοῦσι-δεομένοισιΞ

122 889 220 931 noeto}
257 888 305 930 τοὶ
341 888 593 944 συνεθήκατο
626 892 779 928 Struvio

123 950 246 1000 placet
268 948 393 986 delere
413 947 461 987 rc?
474 980 483 996 ,
513 956 555 985 ut
574 950 710 985 monui
731 948 781 986 ad

123 1007 183 1053 VI,
205 1007 273 1047 53.

178 1060 251 1113 τὴν
305 1058 482 1112 παλαιην
539 1059 780 1112 καλεομένην

121 1116 265 1167 πόλιν]
297 1120 507 1171 Antiquam
526 1119 698 1169 Aeginae
718 1132 785 1154 ur-

119 1176 209 1213 bem
227 1176 283 1212 nil
301 1177 373 1212 nisi
393 1189 506 1213 arcem
521 1189 599 1212 esse
617 1182 785 1212 conten-

120 1232 174 1269 dit
196 1233 238 1270 C.
255 1234 298 1270 Ο.
321 1234 469 1270 Mtiller.
491 1233 682 1282 Aeginett.
695 1244 784 1282 pag.

122 1289 214 1337 147,
236 1296 319 1326 tum
339 1289 443 1341 quod
457 1288 707 1326 Nicodromus
719 1295 782 1340 ty-

119 1346 321 1383 rannidem
336 1346 530 1393 affectans,
554 1359 639 1382 eam
658 1347 782 1396 ipsam

119 1416 307 1454 occupare
365 1404 540 1454 primitus
579 1401 781 1451 studuerit,

117 1467 202 1496 tum
214 1458 318 1513 quod
338 1461 501 1513 antiquis
521 1461 561 1495 in
571 1473 678 1496 more
693 1460 779 1495 fue-

118 1518 186 1565 rit,
246 1516 420 1554 editiores
454 1518 626 1567 primum
674 1517 778 1553 locos

118 1575 356 1610 communire
368 1581 481 1625 atque
490 1574 656 1610 incolere
669 1586 678 1620 3
700 1586 777 1608 uu-

117 1629 164 1667 de
195 1631 358 1678 factum,
399 1637 440 1666 ut
470 1643 572 1667 arces
592 1643 777 1667 nonnun-

116 1699 233 1739 quam
264 1686 374 1724 uudiS
407 1688 531 1725 verbis
562 1685 590 1738 ἦ
626 1681 775 1726 παλαιοὶ

115 1739 230 1791 πόλις
269 1744 582 1794 significarentur,
647 1744 776 1795 Atque

115 1799 228 1837 huius
249 1802 365 1837 moris
387 1801 564 1851 exempla
585 1799 776 1851 quaedam

117 1856 222 1894 addit
234 1859 291 1893 vir
313 1856 458 1904 doctus,
475 1858 676 1893 cuitamen
698 1869 774 1908 quo

115 1915 242 1950 minus
266 1915 458 1962 assentiar,
480 1915 590 1964 plura
611 1914 774 1950 obstant.

115 1972 290 2022 Namque
337 1977 448 2007 vetus
496 1971 773 2020 Aeginetarum

115 2028 202 2064 urbs
223 2027 271 2063 ad
291 2028 417 2078 ipsum
436 2040 543 2063 mare
564 2028 678 2064 sitain
688 2028 772 2064 loco

115 2085 332 2134 planissimo
362 2085 510 2120 nullam
529 2097 680 2135 prorsus
701 2082 774 2120 ha-

113 2141 196 2178 buit
214 2154 341 2177 arcem
361 2154 486 2193 neque
521 2142 679 2177 omniuo
700 2139 773 2177 ha-

114 2197 203 2234 bere
225 2199 366 2249 potuit,
404 2211 524 2250 quum
543 2198 670 2234 nullus
689 2198 772 2234 istic

115 2256 321 2305 reperiatur
341 2255 445 2291 locus
467 2254 612 2302 editior,
634 2256 674 2291 in
695 2267 771 2306 quo

116 2323 243 2347 arcem
263 2318 453 2348 exstruere
472 2313 648 2348 licuisset.
697 2313 771 2348 At-

116 2380 190 2418 que
215 2365 305 2403 hinc
334 2369 448 2404 etiam
477 2369 602 2416 nulla,
644 2381 771 2420 quau-

116 2430 199 2459 tum
228 2424 324 2470 scio,
371 2423 472 2474 apud
499 2431 643 2462 veteres
679 2425 773 2462 scri-

115 2486 240 2530 ptores
261 2481 405 2516 mentio
438 2481 530 2517 arcis
550 2494 579 2517 s.
609 2494 771 2531 acropo-

116 2536 194 2572 leos
210 2537 506 2585 Aeginetarum,
529 2549 624 2587 quae
644 2539 675 2574 si
694 2539 772 2575 ulla

117 2593 334 2639 exstitisset,
378 2605 445 2629 suo
480 2599 579 2628 certe
615 2596 770 2629 nomine

117 2660 203 2684 eam
230 2650 364 2685 Noster
390 2647 605 2695 indicasset,
645 2661 770 2700 neque

116 2706 283 2753 antiquae
313 2705 411 2742 urbis
441 2705 692 2755 appellatione
719 2707 771 2741 si-

117 2760 340 2809 gnificasset.
394 2763 528 2812 Itaque
548 2759 658 2798 valde
678 2762 773 2796 arri-

118 2815 181 2853 det
199 2817 382 2852 sententia
410 2819 482 2854 viri
503 2824 539 2855 et
568 2816 773 2854 doctissimi

174 2874 393 2910 HEfiono‘r.
415 2873 481 2910 111.

838 898 876 928 et
905 893 1154 942 sagacissimi,
1185 892 1317 928 Liberi
1342 893 1502 929 Baronis

838 947 886 985 de
917 948 1180 999 Stackelberg,
1214 950 1279 1001 qui
1303 949 1413 986 Oeam
1435 948 1502 998 (de

837 1004 913 1057 quit
940 1005 1017 1043 vid.
1047 1013 1144 1043 nott.
1173 1005 1222 1042 ad
1249 1007 1294 1053 V,
1327 1004 1407 1057 83)
1439 1005 1501 1043 hic

835 1062 996 1099 indicari
1017 1065 1252 1110 arbitratur,
1283 1063 1500 1114 antiquissi-

840 1132 947 1155 mam
976 1121 1090 1157 totius
1123 1120 1268 1156 insulae
1301 1118 1433 1156 sedem
1466 1127 1502 1156 et

841 1178 948 1228 quasi
967 1178 1217 1227 metropolin,
1249 1190 1269 1212 e
1291 1189 1365 1228 qua
1380 1178 1501 1227 Aegi-

837 1240 949 1269 netae
964 1235 1150 1284 propressi
1171 1233 1219 1270 ad
1237 1246 1363 1284 mare,
1393 1240 1501 1284 post-

836 1289 954 1326 modo
974 1291 1110 1327 urbem
1140 1289 1372 1335 condidere,
1403 1304 1500 1342 quae

837 1348 1011 1397 primitus
1042 1354 1198 1398 portum
1228 1348 1328 1384 Oeae
1357 1360 1501 1397 sugge-

835 1404 955 1441 rebat.
1009 1405 1090 1450 Qua
1111 1405 1206 1441 urbe
1226 1405 1417 1440 maritima
1440 1404 1500 1440 di-

836 1459 934 1508 ruta,
956 1462 1011 1497 nil
1031 1462 1185 1508 mirum,
1209 1460 1257 1497 ad
1277 1462 1498 1498 interiorem

833 1517 998 1554 insulam
1020 1517 1146 1554 denuo
1167 1518 1310 1554 incolas
1330 1530 1369 1554 se
1391 1531 1499 1554 rece-

832 1575 931 1624 pisse
977 1575 1108 1626 ibique
1161 1587 1280 1625 prope
1328 1581 1499 1611 veterem

834 1632 954 1668 Oeam
983 1630 1177 1668 domicilia
1202 1631 1366 1681 cepisse,
1409 1632 1498 1683 qui—

832 1687 902 1724 bus
942 1689 1143 1725 recentiori
1181 1686 1340 1725 demum
1375 1695 1498 1725 aetate

831 1745 983 1792 relictis,
1005 1744 1054 1781 ad
1093 1758 1199 1781 mare
1238 1743 1364 1781 denuo
1404 1758 1498 1795 pro-

832 1813 998 1851 gressos,
1034 1803 1171 1838 urbem
1202 1800 1415 1838 condidisse
1431 1815 1495 1838 me

831 1857 937 1894 idem
957 1857 1110 1895 edocuit
1129 1860 1187 1895 vir
1207 1856 1346 1894 harum
1367 1860 1496 1908 regio-

830 1927 929 1950 num
967 1922 1220 1966 perscrutator
1259 1915 1496 1952 accuratissi-

831 1984 929 2009 mus,
1012 1970 1114 2008 Add.
1160 1984 1257 2022 quae
1301 1985 1350 2007 ex
1401 1972 1496 2008 alius

831 2029 1123 2078 peregrinatoris
1144 2029 1335 2064 itinerario
1354 2029 1495 2078 legun-

830 2092 892 2121 tur
911 2086 974 2121 in:
996 2085 1140 2123 Blatter
1159 2085 1221 2121 fiir
1247 2085 1387 2124 literar.
1410 2086 1494 2121 Un—

830 2140 1061 2192 terhaltung.
1087 2134 1194 2183 1832
1210 2154 1268 2178 nr.
1291 2142 1373 2183 358
1402 2155 1492 2193 pag.

831 2197 937 2239 1498
958 2211 1037 2251 seq.

987 2289 1080 2340 Cap.
1107 2290 1328 2326 LXXXIX.

884 2365 922 2414 ἒς
949 2367 1068 2418 δέον]
1110 2368 1195 2407 vid.
1225 2375 1322 2406 nott.
1353 2366 1401 2405 ad
1423 2367 1487 2416 VI,

884 2478 926 2519 ἐν
948 2474 980 2534 ᾦ
1001 2474 1058 2519 ὦν
1087 2482 1323 2533 Κορινθίων
1339 2497 1375 2520 κ.
1389 2481 1489 2531 τ.λ,]

826 2537 850 2574 i.
872 2550 905 2573 e.
937 2550 1003 2587 quo
1032 2541 1181 2589 tempore
1210 2539 1408 2576 Corinthios
1431 2552 1489 2575 ‘ro-

827 2594 983 2642 gabant,
1027 2599 1067 2630 ut
1093 2597 1181 2645 ipsis
1213 2600 1335 2632 mutuo
1362 2596 1488 2632 clarent

826 2662 947 2688 naves,
1006 2650 1068 2687 Ad
1103 2651 1146 2691 ἐν
1171 2645 1204 2705 ᾦ
1227 2653 1328 2688 cous.
1349 2649 1486 2688 Matth.

827 2707 892 2744 Gr.
915 2708 981 2743 Gr.
1002 2720 1091 2757 pag.
1114 2710 1235 2748 1138.
1266 2711 1487 2758 χρῆσαιεο-

828 2760 916 2798 dem
926 2762 1055 2807 modo
1078 2776 1154 2814 quo
1170 2765 1233 2809 III,
1244 2765 1328 2804 58.-
1359 2763 1488 2798 Mox

828 2831 918 2855 cum
946 2820 1064 2856 Gaisf.
1096 2818 1185 2856 dedi
1215 2813 1321 2869 ἦσαν
1345 2830 1413 2869 pro
1445 2815 1486 2856 ε’-

1157 2877 1209 2914 23
