1897 3340
76 632 193 661 auxilio
211 631 317 659 venire

78 669 230 700 recusant,
250 665 316 693 sive

75 699 154 738 quot!
171 699 324 727 Lacedae-

75 741 240 761 momorum
263 741 347 761 arro-

74 767 183 802 gantia
199 766 307 795 offensi

77 804 190 835 essent,

402 259 485 299 (366

797 259 829 292 Η
861 258 892 292 Ε
925 259 1016 293 1³20
1048 258 1079 292 1)
1111 257 1140 292 0
1173 256 1255 291 T!

403 364 538 418 „narde
567 381 616 407 το
646 364 777 421 ἥμισυ
806 365 944 420 πάσης
965 367 1037 419 τῆς
1057 365 1316 418 συμμαχίης·
1347 364 1419 405 καί
1448 380 1516 405 τοι
1548 364 1656 406 κατά

402 450 475 489 „ys
502 433 551 477 τὸ
580 434 753 476 δίκαιον
780 434 979 487 γίνεσθαι
1009 430 1085 487 τὴν
1101 431 1337 487 ἡγεμονίην
1357 430 1544 481 ἑωυτῶν,
1569 428 1654 473 ἀλλ’

404 501 548 556 ,,ὅμως
585 512 664 555 σφι
707 499 900 555 ἀποχρᾶν
939 500 1049 543 κατὰ
1085 500 1133 542 τὸ
1184 497 1316 554 ἥμισυ
1344 496 1659 553 ἦγεομένοισι.“

406 573 551 612 Ταῦτα
588 568 666 623 μὲν
704 569 879 623 λέγουσι
908 566 988 623 τὴν
1018 566 1183 622 βουλὴν
1210 565 1561 620 ὑποκρίνασθαι,
1589 566 1662 607 καί

408 653 487 692 περ
525 633 879 690 ἀπαγορεύοντός
918 646 997 689 σφι
1025 637 1105 676 τοῦ
1148 636 1411 690 χρηστηρίου
1441 631 1498 688 μὴ
1528 630 1663 675 ποιέε-

407 710 512 748 σθαι
541 703 620 759 miv
652 702 764 757 πρός
791 700 1121 756 τοὺςἝλληνας
1159 704 1425 758 συμμαχίην·
1468 700 1720 756 σπουδὴνίιο

407 773 452 816 δὲ
473 772 582 828 ἔχειν
611 770 802 820 σπονδὰς
831 769 1037 825 γενέσθαι
1065 770 1451 824 τριηκονταέτιδας,
1482 770 1555 811 καί
1583 783 1689 821 περ’

406 839 456 883 τὰ
494 837 754 895 χρηστήριον
792 836 1112 893 φοβεομένοισι,
1157 837 1231 879 ἵνα
1261 837 1313 892 δή
1343 847 1423 892 σφι
1455 838 1497 879 οἷ
1515 837 1666 887 παῖδες

408 905 689 961 ἀνδρωθέωσι
729 905 775 948 ἐν
811 903 1006 948 τούτοισι
1048 907 1161 946 τοῖσι
1191 902 1321 946 ἔτεσι·
1364 902 1422 959 μή
1455 903 1500 946 δὲ
1531 916 1663 946 σπον-

408 975 519 1018 δέων
546 974 748 1025 ἐουσέων,
782 972 1066 1028 ἐπιλέγεσθαι,
1096 968 1152 1026 ἢν
1180 969 1265 1024 ἄρα
1287 970 1424 1025 σφέας
1442 971 1664 1027 καταλάβῃ

408 1041 519 1095 πρὸς
557 1045 618 1098 τῷ
658 1038 857 1096 γεγονότι
895 1043 1015 1096 κακῷ
1057 1037 1162 1081 ἄλλο
1203 1043 1392 1092 πταῖσμα
1429 1037 1539 1093 πρὸς
1591 1038 1668 1081 τόν

412 1107 611 1164 Πέρσην,
660 1107 718 1164 μὴ
759 1108 807 1150 τό
851 1106 1008 1151 λοιπὸν
1047 1106 1147 1149 ἔωσι
1176 1106 1535 1159 Λακεδαιμονίων
1562 1104 1725 1161 ὑπή-45

381 1184 525 1220 ΞκΟΟι.

358 1447 765 1505 Schweighaeuserus:
798 1452 883 1501 „Ob
908 1457 1017 1489 vete-

358 1525 441 1548 rem
470 1511 724 1561 A'rgivorum‚
752 1510 1019 1559 Agamemno-

357 1569 416 1605 nis
445 1575 589 1615 aetate,
630 1567 879 1603 eminentiam
906 1578 1019 1615 super

359 1631 527 1662 caeteros
547 1636 680 1661 omnes
691 1623 872 1659 Graeciae
892 1634 1019 1672 popu-

357 1683 437 1728 los,
468 1693 634 1731 aequum
663 1692 741 1716 esse
763 1685 940 1726 censent,
976 1684 1019 1714 ut

361 1738 450 1788 ipsis
479 1738 565 1774 solis
594 1749 789 1773 summum
815 1736 854 1771 in
882 1748 1020 1771 conso-

360 1795 476 1832 ciatas
504 1800 658 1830 cunctas
688 1794 923 1829 Graecorum
952 1804 1020 1827 co-

360 1851 441 1902 pias
458 1851 662 1901 imperium
678 1848 907 1886 deseratur.“
957 1846 1020 1884 Ad

359 1908 522 1946 verbum
554 1901 735 1959 οἷποχροῖν
750 1905 844 1942 conf
857 1910 954 1941 not-t.
971 1902 1020 1940 ad

359 1966 389 2012 1,
411 1966 479 2005 66.

553 2053 646 2103 oap.
668 2052 840 2090 CXLIX.

421 2126 741 2184 ἀπαγορεύοντός
760 2129 850 2179 σφι]
871 2129 929 2164 De
945 2126 1020 2164 hu-

364 2190 422 2225 ius
436 2189 542 2225 verbi
567 2194 751 2225 structura
780 2185 881 2222 conf.
910 2184 1021 2220 allata

366 2243 416 2281 ad
434 2245 500 2292 ΙΙΙ,
524 2245 602 2284 128
638 2250 674 2280 et
697 2242 745 2279 ad
764 2254 876 2279 voces
897 2252 1021 2279 σπον-

366 2296 439 2345 δοῖς
483 2298 825 2350 τριηκονταετίδας
882 2293 1018 2332 Matth.

366 2356 435 2392 Gr.
466 2355 533 2391 Gr.
565 2356 602 2399 §.
637 2356 715 2393 113
752 2359 834 2389 not.
869 2355 893 2392 3
931 2363 1019 2402 pag.

367 2413 462 2453 230.

424 2463 697 2517 ἐπιλέγεσθαι,
726 2460 781 2514 ’ἣν
804 2460 880 2515 ἄρα
898 2460 1021 2511 σφέας

370 2538 408 2563 κ.
434 2538 467 2561 τ.
496 2523 550 2571 λ.]
581 2520 819 2568 „infinitivus
852 2518 1022 2571 ἐπιλέγε-

372 2582 482 2627 σθαι,
501 2579 608 2616 sicuti
628 2576 894 2628 praecedentes
918 2573 1022 2615 ὕπο-

371 2635 588 2688 κρίνασθαι
611 2641 647 2670 et
681 2630 859 2684 σπουδὴν
881 2632 980 2684 ἔχειν
999 2644 1021 2668 a

371 2692 563 2743 superlore
591 2691 706 2728 verbo
742 2689 897 2743 λέγουσι
926 2690 1022 2739 legi-

373 2749 464 2786 time
483 2746 644 2800 pendet:
695 2748 857 2798 satisque
877 2746 1022 2796 perspi-

373 2819 445 2844 cua
464 2813 517 2844 est
525 2803 703 2842 naturalis
714 2804 916 2842 verborum
925 2808 1024 2839 stru-

375 2869 479 2900 ctura
515 2859 752 2910 huiusmodi,
805 2854 1025 2911 ἐπιλεγόμε-

588 1179 688 1218 Τῶν
718 1175 764 1219 δὲ
793 1174 985 1231 ἀγγέλων
1002 1174 1106 1225 τούς
1129 1172 1214 1217 ἀπὸ
1235 1179 1311 1228 τῆς
1337 1171 1544 1230 Σπάρτης
1561 1173 1671 1228 πρὸς
1844 1227 1846 1237 .

407 1245 461 1287 τὰ
499 1243 690 1301 ῥηθέντα
737 1243 785 1287 ἐκ
823 1246 899 1299 τῆς
943 1245 1112 1299 βουλῆς
1173 1240 1442 1298 ἀμείψασθαι
1497 1243 1665 1286 τοῖσδε·
1724 1250 1805 1291 573
1844 1250 1897 1298 ‚¹⁴

1073 1464 1139 1489 νοι
1171 1446 1239 1498 δὲ,
1270 1447 1338 1502 μὴ,
1369 1448 1574 1490 σπονδέων
1598 1445 1653 1500 μή
1688 1447 1727 1488 έ-

1075 1504 1248 1554 ουσέων,
1292 1504 1334 1546 τὸ
1365 1503 1501 1547 λοιπὸν
1522 1505 1612 1545 ἔωσι
1639 1508 1728 1543 Λα-

1074 1562 1340 1613 κεδαιμονίων
1360 1559 1535 1614 ’ὑπήκοοι
1547 1592 1557 1611 ‚
1587 1558 1641 1612 ἦν
1653 1559 1729 1613 ὄὶρα

1077 1617 1200 1668 σφέας
1229 1626 1300 1656 etc.
1334 1620 1387 1667 [i.
1417 1634 1451 1661 e.
1483 1619 1572 1670 quod
1599 1617 1730 1669 foedus

1077 1677 1110 1712 si
1135 1688 1201 1712 non
1225 1676 1352 1725 fieret,
1384 1691 1419 1713 se
1446 1677 1578 1722 vereri,
1615 1687 1674 1721 ne,
1699 1676 1732 1711 „si

1077 1731 1127 1768 ad
1150 1733 1252 1781 prius
1280 1733 1410 1769 malum
1437 1732 1514 1769 alia
1533 1732 1730 1768 accessisset

1079 1790 1265 1825 calamitas
1283 1802 1299 1826 e
1317 1789 1403 1826 bello
1424 1787 1585 1833 Persico,
1604 1789 1676 1837 ipsi
1696 1788 1731 1824 in

1072 1848 1246 1896 posterum
1279 1845 1480 1882 Laconibus
1514 1844 1649 1881 subditi
1676 1856 1731 1880 es-

1079 1903 1194 1950 senh]
1215 1903 1238 1921 “
1289 1901 1730 1950 Schweighaeuser.

1075 1959 1169 1995 Loci
1199 1965 1343 1994 rectam
1385 1957 1731 2008 interpunctionem

1077 2015 1269 2051 constitnit
1289 2013 1480 2052 Schaefei·.
1493 2010 1670 2064 Append.
1683 2010 1730 2048 ad

1076 2072 1178 2109 Bast.
1213 2073 1286 2121 Ep.
1317 2072 1398 2108 crit.
1424 2082 1512 2120 pag.
1539 2071 1593 2109 29
1613 2081 1635 2104 a
1659 2067 1729 2106 cr.

1078 2129 1272 2164 excitatus.
1320 2128 1379 2163 De
1411 2126 1527 2162 verbo
1557 2122 1730 2175 ἐπιλέγε-

1078 2187 1177 2222 σθαι
1198 2181 1301 2234 quod
1321 2186 1430 2218 metus
1449 2179 1511 2217 hic
1531 2181 1643 2217 simul
1660 2193 1730 2216 no-

1075 2240 1220 2275 tionem
1249 2239 1423 2285 assumiti,
1452 2236 1530 2274 vid.
1559 2243 1654 2273 nott.
1682 2235 1731 2273 ad

1075 2295 1142 2340 111,
1183 2293 1248 2334 65.
1315 2295 1389 2331 Vix
1427 2294 1530 2329 enim
1563 2293 1731 2329 multum

1078 2349 1204 2387 differt
1223 2349 1261 2388 h.
1282 2351 1308 2386 l.
1329 2345 1599 2401 ἐπιλεγόμενοι
1618 2356 1732 2401 atque

1079 2403 1337 2457 φοβεόμενοι.
1413 2408 1488 2443 Pro
1533 2402 1634 2457 πρός
1665 2402 1732 2445 τὸν

1080 2462 1243 2514 Πέρσην
1278 2461 1627 2514 Schweighaeuser.
1661 2475 1731 2499 ex-

1078 2520 1270 2570 spectabat
1302 2516 1404 2571 πρός
1439 2520 1513 2558 τοῦ
1553 2516 1730 2570 Πέρσεω,

1078 2583 1119 2612 nt
1139 2575 1349 2613 Larcherus
1369 2574 1508 2612 reddit:
1540 2574 1633 2612 dela
1647 2577 1732 2625 part

1079 2632 1137 2669 des
1148 2632 1278 2670 Perses.
1308 2633 1412 2669 Libri
1431 2629 1637 2668 Herodotei
1652 2642 1730 2667 non

1079 2687 1272 2726 addicunt,
1293 2711 1358 2738 ⁸—-
1398 2688 1612 2725 Articulum
1652 2688 1732 2725 τῶν

1079 2753 1166 2782 ante
1193 2745 1524 2795 Λακεδαιμονίων
1554 2755 1642 2780 cum
1671 2755 1734 2779 re-

1080 2809 1193 2839 centt.
1223 2801 1311 2839 edd.
1341 2800 1463 2838 delevi
1486 2800 1733 2851 probatorum

1082 2859 1266 2896 librorum
1285 2859 1517 2896 auctoritate.
