1897 3340
528 172 1188 212 TERPSICHORE.
1254 174 1298 209 V.
1517 178 1542 214 ’ἴ

254 291 365 339 Ξσφι
385 284 458 326 καὶ
487 280 804 335 ἀπογινόμενον
842 284 1015 324 ποιεῦσι
1050 279 1208 324 τοιάδε.
1250 279 1329 323 τόν
1359 281 1439 333 μὲν
1477 297 1542 336 γε·
1556 286 1600 322 45

278 352 464 407 νόμενον
491 347 785 404 περιιζόμενοι
817 350 861 391 οἱ
889 348 1187 406 προσήκοντες
1226 348 1543 405 ὀλοφύρονται,

221 515 316 549 illius
346 511 528 562 temporis
557 512 722 547 Graecos
754 509 883 547 homi-

219 583 284 605 nes
327 569 554 615 obtinuerit3
602 567 754 604 videtur
791 580 881 603 sane

218 625 396 662 historiae
415 631 533 676 pater,
561 637 658 675 quae
679 637 747 661 sua
766 625 882 675 ipsius

219 681 392 733 adeoque
441 682 606 730 vulgaris
659 682 758 717 illius
814 694 882 716 ae—

219 740 302 775 tatis
332 738 445 775 fuerit
477 739 605 788 opinio
636 737 683 774 de
717 739 878 774 mortuis

216 788 535 847 mortuorum'que
554 801 664 841 statu,
679 793 727 830 ad
748 793 878 831 Thra—

217 854 296 889 ciae
326 855 482 903 'gentem
502 852 753 898 transtulisse,
776 850 878 902 apud

217 922 334 961 quam
355 910 510 946 forsitan
529 909 621 945 ritus
642 909 764 945 simile
785 907 878 960 quid

217 965 426 1003 indicantes
462 967 797 1017 caeremonIasque
825 966 878 1001 si—

214 1024 324 1060 miles
364 1024 646 1069 observaverat,
697 1036 717 1058 e
753 1023 876 1072 prisco

214 1081 279 1116 illo
311 1087 486 1130 tempore
514 1078 760 1130 repetendas,
800 1091 876 1130 quo

214 1137 383 1188 reliquae
395 1138 576 1173 Graeciae
588 1136 757 1173 Thraces
771 1136 877 1172 cultu

215 1195 322 1231 omni
353 1207 396 1230 ac
429 1192 599 1230 doctrina
633 1194 874 1244 praestitisse,

214 1252 326 1288 sacris
379 1251 600 1287 excelluisse
651 1250 875 1300 vatibusque

216 1308 364 1344 eximiis
386 1306 596 1343 abundasse
608 1306 793 1342 feruntur.
816 1306 874 1342 Cf.

214 1363 460 1401 Hoffmeister
490 1364 516 1400 l.
547 1364 573 1399 l.
604 1376 692 1413 pag.
725 1365 804 1402 110
841 1369 877 1399 et

214 1420 358 1457 Herod.
389 1421 443 1467 V,
474 1419 526 1459 24
555 1420 649 1470 ibiq.
682 1425 763 1455 not.
817 1419 875 1454 Ac

212 1476 414 1528 postmodo
453 1475 571 1512 incidi
609 1477 648 1511 iu
688 1473 876 1511 Lobeckii

213 1533 508 1584 disputationem
531 1530 813 1582 (Aglaopham.
835 1545 873 1582 p.

212 1591 334 1640 801),
363 1591 428 1642 qui
449 1603 498 1626 ex
517 1588 592 1626 hoc
614 1588 798 1625 Herodoti
818 1589 873 1624 lo-

212 1661 256 1684 co
276 1648 572 1684 immortalitatis
605 1645 736 1692 fidem,
775 1658 873 1697 quae

212 1704 314 1755 apud
342 1706 447 1741 illam
476 1711 634 1753 gentem
654 1703 870 1750 invaluerit,

210 1763 368 1798 minime
391 1761 641 1798 demonstrari
655 1773 763 1810 posse
776 1773 871 1796 cou-

211 1818 344 1856 tendit.
385 1820 447 1855 Nil
467 1819 506 1854 in
529 1817 586 1854 his
607 1819 728 1853 inesse
748 1830 869 1867 posse,

211 1878 274 1923 ait,
304 1877 533 1913 sublimioris
555 1874 769 1921 doctrinae,
801 1887 871 1910 cu-

209 1935 266 1970 ius
286 1935 438 1984 ignaros
450 1935 550 1970 vitae
562 1932 685 1982 inopis
708 1938 744 1967 et
758 1943 871 1980 agre-

209 1991 272 2027 stis
292 1991 483 2027 molestias
503 1988 764 2026 indoctissimo
787 1988 871 2024 cui-

210 2060 284 2099 que
322 2048 561 2097 gravissimas
593 2046 630 2082 T
633 2058 761 2082 rausos
789 2045 872 2081 vult

209 2106 442 2141 muliebriter
490 2105 630 2140 luxisse
643 2134 652 2150 ‚
704 2109 872 2138 mortem

209 2169 357 2209 autem,
401 2174 498 2213 quae
526 2160 703 2197 omnibus
730 2160 871 2195 libera-

209 2220 353 2256 tionem
375 2225 410 2255 et
428 2219 659 2255 vacuitatem
680 2215 871 2263 dolorum,

208 2277 351 2312 meritis
371 2288 461 2312 vero
482 2281 683 2326 perpetuas
704 2274 867 2309 lautitias

211 2339 247 2369 et
266 2334 482 2370 festivitates
504 2331 638 2367 afferre
660 2328 865 2377 videretur,

208 2391 313 2426 laetis
333 2391 428 2428 votis
458 2389 725 2439 ominibusque
734 2400 867 2438 prose-

210 2453 315 2484 cutos
345 2461 436 2484 esse.
505 2447 612 2491 Quae
641 2458 738 2481 num
776 2457 866 2480 vere

208 2516 359 2554 prorsus
380 2505 454 2540 sint
475 2501 684 2553 disputata,
704 2504 785 2553 ipse
805 2502 866 2537 vi-

208 2559 304 2597 derit
319 2562 376 2598 vir
392 2559 649 2606 doctissimus3
683 2557 756 2595 hoc
776 2571 865 2594 vero

208 2616 311 2653 idem
330 2624 431 2654 recte
451 2630 609 2654 mouere
629 2615 779 2653 videtur
798 2615 823 2651 l.
840 2616 865 2651 l.

209 2686 296 2723 pag.
307 2673 400 2721 804,
420 2681 565 2711 veteres
584 2670 866 2723 ethnographos

211 2735 248 2765 et
265 2731 446 2780 νομίμων
468 2731 721 2781 βαρβαρικῶν
748 2729 867 2766 colla-

213 2793 308 2822 tores
328 2788 499 2836 gentium
520 2794 737 2825 exterarum
757 2787 866 2824 insti-

939 518 1021 547 tuta
1042 523 1223 562 persaepe
1245 524 1293 546 ex
1314 523 1382 547 suo
1406 523 1517 547 sensu
1540 513 1600 546 in-

939 574 1161 618 terpretatos
1220 581 1298 603 esse
1361 566 1602 618 eandemque

940 626 1159 662 cautionem
1186 626 1226 660 iu
1258 624 1454 661 Herodoto
1489 623 1601 661 adhi—

940 681 1107 718 bendam
1139 695 1240 728 esse,
1275 695 1396 732 quum
1425 694 1600 732 praeser—

939 740 1008 774 tim
1030 745 1186 784 constet,
1207 735 1410 775 hominum
1431 740 1599 774 ferorum

934 796 1102 832 lamenta
1134 803 1169 832 et
1196 795 1313 831 iubila
1338 802 1418 831 tam
1447 795 1517 831 sibi
1546 797 1599 832 si—

934 853 1016 888 mili
1036 853 1179 888 barritu
1200 851 1325 887 efferri
1340 882 1349 898 ,
1380 859 1422 888 ut
1444 851 1600 902 lugeant

936 922 984 945 an
1012 910 1222 955 laetentur,
1269 922 1381 958 saepe
1426 908 1598 958 dignosci

935 973 1117 1017 nequeat.
1185 965 1294 1002 Idem
1317 967 1450 1002 similis
1482 967 1598 1002 moris

934 1025 1156 1075 ritumnque
1169 1023 1345 1073 exempla
1367 1021 1476 1058 affert
1492 1035 1511 1057 e
1527 1024 1598 1059 Ni—

934 1093 1092 1130 grorum
1113 1080 1288 1130 gentibus
1318 1080 1598 1131 Americaeque

933 1137 1151 1174 nationibus
1203 1137 1375 1173 maxime
1425 1135 1596 1173 rudibus.

933 1195 990 1230 De
1012 1192 1179 1230 Thracia
1200 1200 1333 1243 gente,
1356 1192 1459 1243 apud
1480 1206 1599 1244 quam

933 1252 1020 1287 talia
1050 1251 1255 1287 invaluisse
1285 1252 1337 1286 ait
1364 1248 1594 1298 Herodotus,

931 1314 1117 1343 testantur
1128 1308 1319 1343 Aruobius
1330 1308 1387 1342 De
1400 1305 1595 1343 fid.resur—-

933 1371 1023 1400 rect.
1046 1365 1096 1400 T.
1118 1364 1171 1399 III
1192 1377 1228 1413 p.
1252 1362 1306 1403 24
1328 1370 1384 1409 et,
1418 1362 1596 1400 Herodo—

933 1428 1005 1466 tea,
1029 1421 1176 1470 opinor,
1200 1420 1403 1469 respiciens
1424 1421 1524 1455 Mela
1544 1421 1593 1466 ΙΙ,

933 1480 961 1516 2
983 1478 1019 1521 §.
1042 1479 1090 1516 3:
1126 1475 1325 1523 „Quidam
1351 1476 1421 1511 seri
1448 1483 1537 1513 sunt
1559 1483 1596 1513 et

932 1532 981 1568 ad
1001 1540 1167 1569 mortem
1195 1533 1442 1583 paratissimi,
1473 1533 1594 1575 Getae

930 1591 1077 1641 utique.
1116 1588 1162 1626 Id
1182 1590 1287 1626 varIa
1317 1590 1446 1640 opinio
1476 1589 1594 1640 perfi—

930 1648 1003 1694 cit,
1035 1647 1098 1682 alii
1128 1645 1312 1683 redituras
1341 1653 1477 1697 putant
1508 1648 1593 1682 ani-

928 1716 1010 1742 mas
1042 1705 1288 1740 obeuntium:
1322 1704 1386 1739 alii
1416 1704 1485 1740 etsi
1513 1716 1592 1739 non

927 1760 1109 1808 redeant,
1150 1774 1229 1797 non
1252 1761 1428 1810 extingui
1448 1767 1591 1806 tamen,

927 1817 994 1854 sed
1023 1816 1071 1854 ad
1110 1819 1278 1854 beatiora
1305 1818 1487 1854 transire:
1529 1817 1592 1853 alii

929 1876 1049 1911 emori
1077 1874 1256 1926 quidem,
1298 1873 1364 1910 sed
1393 1872 1433 1910 id
1453 1874 1590 1910 melius

928 1945 1006 1968 esse
1029 1944 1146 1983 quam
1165 1932 1307 1968 vivere.
1366 1931 1500 1982 Itaque
1528 1931 1591 1966 lu-

927 1995 1066 2038 gentur
1101 1988 1203 2039 apud
1224 1986 1411 2038 quosdam
1423 2000 1590 2038 puerpe—

926 2047 994 2093 ria,
1015 2046 1170 2096 natique
1192 2044 1402 2082 deflentur:
1455 2044 1590 2080 funera

928 2110 1061 2139 contra
1094 2103 1189 2139 festa
1216 2109 1303 2138 sunt
1325 2108 1361 2137 et
1388 2102 1506 2138 veluti
1526 2114 1589 2138 sa-

928 2173 1014 2206 cra,
1050 2166 1164 2196 cantu
1195 2160 1357 2210 lusuque
1388 2159 1588 2195 celebran-

928 2218 1030 2256 tur.“
1108 2215 1171 2253 Ad
1211 2229 1329 2268 quem
1368 2215 1498 2252 locum
1537 2215 1586 2251 cs.

927 2272 1158 2310 Tzschucke
1179 2274 1218 2309 iu
1238 2279 1334 2309 nott.
1344 2273 1522 2324 Exegett.
1535 2273 1587 2308 T.

923 2333 988 2379 111,
1011 2332 1055 2367 P.
1076 2333 1110 2367 11
1131 2343 1218 2381 pag.
1241 2332 1295 2370 79
1316 2343 1396 2380 seq.

979 2384 1050 2427 τὸν
1083 2385 1154 2438 μὲν
1191 2383 1406 2438 γενόμενον
1423 2408 1479 2415 -——
1497 2381 1584 2424 ὀλο-

923 2441 1148 2497 φύρονται]
1183 2445 1241 2480 De
1271 2450 1457 2481 structura
1481 2442 1586 2479 verbi

923 2497 1196 2552 ὀλοφύρεσθαι
1215 2501 1368 2537 monuit
1387 2497 1524 2536 Matth.
1547 2500 1585 2544 ξ.

923 2558 1007 2600 412
1035 2572 1074 2610 p.
1101 2558 1197 2599 757.
1227 2580 1283 2585 --
1326 2556 1388 2594 Ad
1420 2557 1584 2593 locutio-

923 2629 1014 2652 nem
1052 2617 1104 2668 γῇ
1135 2612 1358 2666 κρύπτουσι
1395 2616 1435 2650 in
1478 2626 1581 2664 seqq.

922 2672 1039 2723 (terni
1052 2673 1216 2719 condunt,
1228 2676 1342 2709 terrae
1351 2670 1582 2715 demandant)

923 2730 1026 2767 conf.
1046 2731 1075 2776 I,
1100 2728 1190 2769 140.
1211 2730 1283 2778 IV,
1310 2731 1400 2769 103.
1437 2728 1493 2762 De
1522 2725 1582 2760 lo-

922 2788 1075 2824 cutione
1088 2780 1317 2837 οἷναπλῆσαι
1328 2780 1444 2824 κακά,
1466 2793 1582 2831 quam
