1897 3340
405 210 488 249 568
801 210 1262 248 HERODOTI

402 318 490 362 ὑπὸ
521 318 567 362 δὲ
598 321 711 362 τοῖσι
741 319 901 372 ἅρμασι
928 317 1102 374 ὑπῆσαν
1133 319 1257 361 ἵπποι
1287 319 1361 361 καὶ
1390 319 1488 363 ὄνοι
1509 320 1662 376 ἄγριοι.

377 384 618 439 ΩΒάκτριοι
662 387 707 429 δὲ
738 385 1000 429 ἐσκευάδατο
1043 386 1251 437 ὡσαύτως
1281 387 1354 429 καὶ
1375 387 1421 430 ἐν
1448 391 1508 445 τῷ
1538 392 1663 447 πεζῷ,

404 455 476 498 καὶ
506 453 698 496 Κάσπιοι
728 453 900 507 ὁμοίως.
959 456 1116 510 Λίβυες
1147 456 1192 497 δὲ
1223 454 1294 497 καὶ
1319 455 1447 498 αὐτοὶ
1472 455 1664 510 κατάπερ

404 522 451 564 ἐν
479 524 540 578 τῷ
569 524 701 578 πεζῷ·
741 520 939 576 ἤλαυνον
968 521 1012 564 δὲ
1042 523 1114 564 καὶ
1146 517 1269 565 οὗτοι
1298 522 1454 572 πάντες
1474 522 1658 576 ἅρματα.
1675 529 1721 562 20

407 587 465 638 ὥς
498 587 531 631 δ’
572 588 713 638 αὕτως
746 587 987 640 Κάσπειροι
1026 590 1097 631 καὶ
1131 588 1395 644 Παρικάνιοι
1436 588 1666 645 ἐσεσάχατο

378 654 572 709 ὃὸμοίως
611 655 684 696 καὶ
722 654 769 697 ἐν
802 658 863 711 τῷ
892 658 1024 712 πεζῷ·

1083 654 1274 712 Ἀράβιοι
1317 657 1362 699 δὲ
1400 656 1560 713 σκευὴν
1590 657 1669 712 μὲν

406 721 522 778 εἶχον
551 721 630 778 τὴν
660 720 797 775 αὐτήν
826 722 899 766 καὶ
927 722 972 765 ἐν
1002 725 1062 778 τῷ
1090 727 1223 781 πεζῷ·
1254 722 1447 779 ἤλαυνον
1477 725 1522 768 δὲ
1561 724 1666 768 πάν-

351 894 453 945 apud
481 895 596 932 Dion.
625 895 726 931 Cass.
756 895 936 942 XXXVI,
958 895 1011 934 32

352 951 636 1003 distinguuntur
664 952 735 987 viri
765 950 805 989 οἵ
836 948 908 1000 μὲν
947 948 1012 989 ἐπὶ

351 1004 548 1059 κελήτων,
594 1007 636 1045 οἱ
659 1004 701 1045 δὲ
722 1002 782 1056 ἐφ’
812 1002 1011 1058 ἁρμάτων.

351 1067 430 1101 Nec
447 1066 553 1101 aliter
572 1062 787 1100 Herodotus
805 1063 1011 1112 dis-tinguit,

351 1121 465 1157 Indos
490 1133 645 1156 narrans
679 1126 715 1156 et
755 1133 871 1171 equos
901 1132 1013 1169 agere

353 1177 420 1225 (ad
450 1176 727 1229 equitandum)
770 1183 805 1213 et
835 1177 1012 1226 plaustra.

353 1235 452 1270 Hinc
472 1234 650 1280 veniunt,
671 1240 712 1269 ut
739 1234 825 1269 satis
855 1239 1012 1279 constat,

340 1291 576 1339 (Latinorum
614 1289 763 1337 Celeres,
800 1288 848 1325 de
878 1289 1014 1340 quibus

352 1346 429 1383 vid.
467 1348 528 1384 Fr.
569 1344 735 1383 Muhlert
775 1347 833 1381 De
862 1346 1014 1396 Equiti-

354 1404 423 1440 bus
452 1404 607 1439 Romm.
639 1403 676 1448 ξ.
702 1405 721 1441 1
746 1409 782 1439 et
802 1405 842 1442 2.
899 1400 1015 1452 Apud

354 1458 593 1496 Herodotum
643 1457 747 1510 quod
795 1456 1014 1507 Schweigh.

354 1516 411 1564 (in
432 1518 527 1552 Lex.
550 1513 709 1566 Herod.)
741 1527 808 1565 pro
838 1511 1016 1564 ἤλαυνον

355 1570 398 1610 δὲ
422 1570 586 1622 κέλητας
614 1572 766 1608 rescribi
789 1572 870 1607 vult
890 1567 1016 1621 ἤλαυ-

356 1642 463 1666 νουκ
476 1627 527 1666 αὶ
548 1626 729 1676 κέλητας,
752 1628 818 1663 vix
838 1627 915 1662 ulla
927 1640 1015 1662 mu-

355 1682 460 1720 tandi
481 1685 680 1721 necessitas
696 1689 904 1733 comparet.

410 1739 476 1778 καὶ
495 1738 582 1779 ὄνοι
603 1737 759 1791 ὀῖγριοι]
792 1738 1016 1788 Asinosseros

355 1810 384 1832 s.
409 1797 572 1844 Onagros
604 1797 744 1832 Ctesias
768 1808 921 1847 quoque
942 1808 1016 1831 no-

356 1853 408 1889 vit
436 1852 580 1890 ludicc.
610 1854 647 1898 ξ.
669 1851 722 1893 25
754 1853 839 1888 coll.
861 1853 1011 1888 Aelian.

355 1910 402 1945 N.
425 1910 470 1948 A,
493 1910 556 1955 IV,
579 1908 650 1955 523
676 1907 724 1944 ad
744 1921 859 1959 quem
888 1910 1017 1945 locum

357 1964 462 2015 (pag.
485 1967 564 2005 329
585 1965 763 2015 fragmm.
786 1965 905 2013 Ctes.)
927 1966 1017 2000 reli-

358 2034 433 2072 qua
457 2028 630 2058 veterum
650 2022 867 2058 testimonia
889 2021 936 2057 de
958 2020 1016 2058 his

358 2078 468 2114 asinis
498 2078 586 2114 feris
623 2079 731 2114 attuli
755 2085 789 2114 et
822 2077 1018 2129 quodnam

357 2146 447 2169 sane
468 2135 609 2170 animal
635 2134 929 2183 intelligendum
959 2135 1017 2180 sit,

359 2188 566 2239 disquisivi.
644 2192 694 2226 Ut
726 2192 826 2225 enim
855 2191 1017 2236 mittam,

358 2257 456 2295 quae
477 2245 572 2280 mira
603 2252 639 2281 et
669 2246 839 2282 fabulosa
870 2245 917 2281 de
947 2244 1018 2281 hac

358 2301 475 2336 bestia
497 2313 517 2336 a
529 2301 649 2336 Ctesia
662 2302 905 2350 proferuntur
921 2300 1019 2336 hau-

358 2364 414 2392 sta
446 2357 507 2392 illa
539 2356 714 2407 quidem,
743 2364 785 2393 ut
816 2356 976 2396 videtur.
999 2370 1019 2392 e

359 2413 464 2462 vulgi
505 2411 764 2449 traditionibus
804 2420 839 2449 et
878 2426 1020 2449 monu—

359 2476 578 2504 mentorum
648 2470 1017 2519 Persepolitmmmm

360 2525 609 2574 imaginibust,
645 2532 771 2561 nostra
792 2532 911 2561 aetate
934 2527 1018 2561 l'ue-

361 2594 422 2627 re,
453 2583 518 2632 qui
541 2581 587 2617 de
608 2581 764 2618 Asiatico
787 2582 1017 2619 minut-erote

363 2638 573 2684 cogitarent
595 2645 657 2673 aut
680 2637 726 2673 ‹le
752 2639 820 2673 ulia
853 2638 1019 2688 (prodam

364 2695 478 2729 bestia
500 2707 566 2744 per
597 2694 782 2729 interioris
803 2696 912 2729 Asiae
935 2696 1017 2744 pla—

364 2763 429 2799 gas
452 2752 612 2799 palante,
634 2748 842 2786 Lnrclierus
865 2751 1018 2788 ΖΛΗ-(ιη),

363 2808 559 2843 intellexit.
589 2805 777 2858 Equidem
798 2808 1016 2858 peritiorum

1067 893 1207 931 iudicia
1246 895 1286 930 iu
1319 894 1454 933 talibus
1494 902 1727 945 exspectans,

1068 952 1187 987 nolim
1201 949 1425 987 discernere.
1481 953 1614 1002 Neque
1647 952 1727 986 He-

1068 1006 1223 1044 rodotus
1234 1008 1324 1044 tales
1346 1008 1467 1043 asinos
1487 1008 1565 1057 ipse
1591 1006 1726 1044 vidisse

1070 1064 1239 1100 videtur:
1286 1076 1379 1114 quos
1410 1064 1551 1114 alioqui
1571 1076 1727 1100 accura-

1069 1123 1142 1157 tius
1172 1119 1436 1170 descripsisset.

1125 1177 1276 1227 Λίβυες
1302 1173 1344 1214 δὲ
1364 1175 1432 1214 καὶ
1453 1170 1567 1214 αὐτοὶ
1583 1189 1617 1213 κ.
1631 1176 1727 1223 τ.λ.]

1070 1232 1225 1282 Libyam
1256 1231 1317 1269 hic
1332 1233 1485 1268 nullum
1505 1245 1582 1268 esse
1601 1232 1731 1267 locum

1071 1288 1306 1325 contendens
1354 1287 1564 1325 Larcherus
1597 1289 1731 1338 reponi

1071 1346 1150 1382 vult
1170 1345 1310 1393 Aeglos,
1333 1358 1425 1397 quos
1446 1344 1652 1381 Bactrianis
1674 1345 1732 1380 vi-

1071 1403 1175 1438 cinos
1203 1408 1479 1438 commemoret
1503 1402 1638 1437 Noster
1666 1402 1731 1449 111,

1073 1460 1138 1498 92.
1196 1457 1388 1509 Equidem
1416 1459 1456 1494 in
1483 1458 1619 1494 talibus
1646 1470 1733 1493 ma-

1071 1515 1125 1550 lui
1146 1527 1167 1549 a
1184 1514 1367 1551 librorum
1381 1515 1602 1551 auctoritate
1621 1520 1731 1551 stare.

1132 1565 1354 1623 Κάσπειροι
1375 1570 1440 1609 καὶ
1465 1566 1730 1621 Παρικάνιοι]

1073 1621 1296 1678 Κάσπειροι
1319 1641 1339 1662 e
1368 1628 1488 1663 Reizii
1508 1627 1617 1662 fiuxit
1637 1639 1731 1663 cou-

1072 1683 1229 1718 iectura.
1305 1684 1357 1719 At
1388 1683 1531 1733 Caspirz‘
1557 1683 1732 1733 nuspiam

1072 1751 1183 1788 supra
1208 1747 1489 1786 memorantur,
1519 1740 1589 1775 uisi
1619 1741 1658 1775 iu
1679 1739 1733 1774 la-

1073 1808 1191 1842 cuna,
1223 1809 1339 1847 quam
1368 1797 1450 1844 vn,
1473 1798 1524 1835 76
1555 1808 1633 1832 esse
1654 1796 1734 1832 veri

1073 1858 1127 1888 est
1166 1853 1422 1900 simillimum⁷
1470 1850 1582 1888 huius
1613 1852 1734 1902 gentis

1072 1910 1310 1945 mentionem
1339 1910 1480 1946 factam
1503 1921 1581 1945 esse
1602 1909 1732 1944 existi-

1072 1978 1153 2001 mes
1167 1993 1176 2008 ,
1200 1973 1264 2002 aut
1284 1967 1353 2001 nisi
1376 1961 1596 2015 Κάσπειροι
1616 1963 1731 2000 iidem

1074 2020 1285 2058 habeantur
1316 2029 1428 2073 atque
1464 2016 1662 2066 Κάσπιοι,
1685 2019 1732 2055 de

1074 2078 1210 2128 quibus
1231 2079 1311 2123 Y11,
1335 2081 1398 2118 67.
1432 2077 1529 2121 Quin
1550 2075 1588 2111 id
1608 2077 1731 2125 ipsum

1074 2133 1114 2169 h.
1136 2134 1161 2169 l.
1202 2134 1357 2183 praebet
1397 2132 1585 2168 Sancrol'ti
1616 2133 1731 2176 liber3

1074 2190 1189 2238 vulgo
1201 2196 1320 2225 exstat
1336 2186 1493 2233 Κάσιοι,
1505 2188 1608 2239 quod
1621 2196 1732 2224 tuen-

1075 2251 1135 2280 tur
1169 2246 1327 2282 Rennel.
1349 2253 1383 2282 et
1406 2243 1582 2280 Lare-her.
1624 2252 1664 2281 ut
1685 2244 1732 2281 ad

1074 2302 1140 2346 111,
1159 2304 1209 2341 93
1231 2302 1295 2337 sm.
1322 2303 1462 2338 notavi.
1499 2302 1555 2336 De
1578 2301 1733 2338 Parica-

1074 2359 1145 2393 niis
1165 2358 1212 2393 cf.
1234 2359 1314 2407 511,
1344 2362 1395 2398 68
1423 2364 1459 2394 et
1482 2356 1528 2394 de
1559 2359 1734 2395 Arabt'bus

1077 2414 1158 2453 vll,
1181 2416 1249 2453 (59.

1133 2466 1238 2519 εἶχον
1264 2467 1336 2519 τήν
1373 2465 1501 2520 αὐτήν
1522 2469 1587 2508 καὶ
1605 2469 1647 2509 ἒν
1678 2473 1732 2523 τῷ

1075 2527 1209 2578 πεζῷ]
1249 2526 1440 2563 Mediceus
1455 2556 1464 2572 ,
1495 2528 1732 2563 Florentinus

1074 2589 1109 2619 et
1131 2590 1293 2633 quatuor
1323 2584 1384 2619 alii
1416 2581 1527 2619 codd.
1558 2590 1645 2618 ante
1665 2583 1730 2621 καὶ

1074 2638 1255 2676 exhibent
1288 2636 1361 2690 ἣν,
1403 2651 1518 2690 quam
1556 2640 1731 2675 voculam

1076 2703 1174 2732 recte
1195 2698 1318 2733 omisit
1339 2696 1645 2732 Sancrol'tiliber.
1667 2697 1730 2732 Tu

1074 2751 1150 2791 vid.
1172 2754 1407 2803 potissimum
1428 2754 1555 2789 Struv.
1580 2754 1592 2787 l
1616 2766 1651 2801 p.
1679 2755 1730 2791 24

1080 2812 1196 2857 -—26,
1218 2810 1280 2860 qni
1303 2821 1510 2860 pronomen
1534 2809 1731 2845 relativum
