1897 3340
428 185 509 226 592
820 184 1275 222 HERODOT1

427 293 588 344 ,,ταῧτα
616 291 754 348 λέγων
784 292 1027 349 φλυηρέειν,
1057 292 1193 336 τᾶλλα
1213 297 1339 349 σιγᾶν
1357 293 1492 337 ἐθέλω
1513 292 1561 336 τὸ
1592 297 1679 338 λοι-

425 357 558 412 ,,πόν·
605 364 687 403 νῦν
728 360 773 404 δὲ
813 359 1104 417 ἀναγκασθεὶς
1143 361 1291 413 ἔλεξα,
1331 360 1501 416 γένοιτο
1532 361 1676 418 μέντοι

424 425 560 480 »κατὰ
588 427 696 471 νόον
723 444 800 480 τοι,
830 431 1049 484 βασιλεῦ.“

265 499 364 546 105
500 494 550 538 Ὁ
577 494 656 549 μὲν
685 494 738 550 δή
767 499 904 538 ταῦτα
936 495 1169 552 ἀμείψατο·
1208 494 1372 550 Ξέρξης
1402 495 1448 539 δὲ
1478 496 1520 547 ἐς
1548 495 1678 552 γέλω-

95 564 366 600 norianopraefici-
422 561 477 606 τά
503 578 547 606 τε
577 559 798 617 ἐτρέψατο,
828 563 902 606 καὶ
932 559 1016 606 οὐκ
1045 562 1277 620 ἐποιήσατο
1299 562 1437 620 ὀργήν
1458 563 1678 620 οὐδεμίαν,
1737 560 1816 603 553

95 605 145 629 ιιιι·
161 599 342 628 Mascames.

424 753 546 795 τᾶλλα
576 758 692 807 σιγᾶν
720 754 846 796 ἐθέλω
869 754 914 796 τό
941 760 1022 797 λοι-

369 807 468 861 πόν]
491 814 565 850 Pro
584 811 704 852 τᾶλλα
726 814 766 849 in
793 811 910 861 Med„
931 815 1023 850 Flo-

368 875 466 906 rent.
496 881 540 906 ac
568 870 685 906 trihus
715 870 794 906 aliis
821 868 933 906 codd.
955 883 1024 906 ex-

368 931 440 962 stat
459 921 559 976 ἅμα,
589 924 694 978 quod
713 927 872 962 minime
892 926 1025 963 absur-

369 979 463 1018 dmn
481 980 630 1019 videtur
650 981 860 1019 Gaisfordio
874 1011 884 1030 ,
905 981 1022 1019 modo

364 1036 460 1074 illud
480 1051 570 1074 cum
589 1037 826 1075 antecedenti
850 1036 1023 1091 φλυηρέ-

366 1107 425 1132 ειν
452 1094 631 1144 iungatur
658 1092 762 1131 hunc
782 1094 861 1130 fere
880 1095 920 1130 in
934 1107 1022 1132 mo·-

365 1148 482 1186 dum:
523 1179 546 1198 ‚,
562 1150 609 1187 Sz·
634 1153 723 1188 enim
742 1150 826 1188 haec
845 1150 960 1188 dicens
974 1153 1022 1188 si-

362 1205 436 1242 mul
452 1208 587 1255 nugari
604 1207 670 1243 tibi
687 1207 817 1255 videor,
849 1209 887 1244 in
904 1210 1022 1258 poste-

363 1274 440 1299 rum
460 1264 590 1302 tacebo.
623 1263 735 1308 Quod
748 1262 844 1300 mlhi
865 1262 1021 1315 quidem

340 1327 343 1330 “
361 1319 426 1356 ille
446 1332 525 1355 non
544 1321 727 1370 persuasit
740 1349 750 1368 ,
783 1321 849 1372 qui
869 1333 937 1357 cur
955 1321 1020 1356 ille

362 1375 466 1413 simul
479 1375 721 1429 (cumalit's2)
743 1377 880 1426 nugari
898 1389 938 1413 se
959 1375 1020 1413 di-

362 1438 444 1478 cat,
493 1432 703 1482 intelligere
722 1431 826 1469 haud
854 1433 1017 1470 valeam.

360 1488 637 1538 Wesselingius
667 1490 708 1526 in
734 1503 829 1527 voce
858 1485 940 1540 ἅμα
959 1490 1017 1525 la-

362 1550 440 1581 tere
458 1545 716 1595 suspicabatur
737 1541 763 1584 οἷ
773 1543 882 1593 λλᾶ,
910 1547 1016 1583 cuius

361 1601 567 1651 particulae
577 1602 655 1638 vim
665 1603 706 1638 in
718 1601 924 1653 apodoseos
941 1602 1015 1638 ini-

361 1657 436 1704 tio,
467 1658 533 1694 ubi
550 1657 742 1707 praecedit
763 1658 809 1706 εἰ,
850 1657 1016 1695 adverti-

361 1725 446 1750 mus
475 1713 523 1750 ad
551 1715 616 1762 ΠΙ,
645 1717 712 1755 72.
732 1715 813 1762 VII,
844 1717 895 1755 10
916 1716 953 1760 ξ.
976 1717 1015 1762 6,

360 1769 411 1806 ita
429 1776 472 1807 ut
499 1769 594 1807 haec
615 1771 747 1807 existat
775 1771 849 1807 loci
867 1777 1015 1807 senten-

359 1825 433 1863 tia:
466 1825 512 1864 Si
528 1838 606 1863 vero
625 1827 693 1864 tibi
711 1829 781 1864 ista
804 1827 921 1864 dicens
945 1839 1016 1864 nu-

358 1884 446 1931 gari
463 1883 602 1931 videor,
632 1886 687 1921 at
715 1883 818 1921 silebo
837 1885 873 1921 in
897 1886 1015 1934 poste-

357 1950 446 1976 rum.
505 1940 747 1991 Quamquam
775 1940 836 1977 vel
863 1940 914 1977 sic
943 1953 1016 1976 ne-

358 1995 435 2032 scio
467 1994 558 2047 quid
593 1994 678 2032 duri
704 1994 844 2033 habere
864 1995 1014 2034 videtur

360 2052 494 2089 oratio.
549 2053 683 2104 Itaque
712 2054 845 2089 malim
864 2053 904 2089 in
924 2054 1013 2090 vul-

357 2113 444 2156 gata
456 2108 691 2158 acquiescere
701 2109 752 2146 sic
766 2108 1009 2160 explicanda:

357 2163 450 2212 quod
477 2164 527 2200 acl
544 2164 678 2214 reliqua
695 2167 834 2213 attinet,
855 2165 1011 2216 equidem

358 2220 397 2256 in
412 2223 589 2269 posterum
605 2221 724 2258 silebo.

411 2327 562 2381 γένοιτο
579 2329 711 2382 μέντοι
726 2328 823 2370 και-ἆ
833 2328 923 2371 νόον
934 2346 1006 2380 τοι,

357 2385 544 2436 βασιλεῦ]
573 2402 633 2425 τοι
654 2385 729 2424 (1υο
759 2386 869 2424 codd.
891 2389 1006 2425 omit-

355 2448 461 2490 tunt,
511 2444 667 2480 forsitan
697 2445 744 2480 ob
780 2443 1005 2481 antecedens

355 2496 508 2549 μέντοι,
546 2499 648 2551 quod
678 2502 708 2536 si
728 2499 947 2538 dissolvatur
966 2502 1004 2537 in

356 2553 427 2605 μέν
456 2570 534 2603 τοι,
564 2557 629 2592 ubi
648 2555 708 2595 τοὶ
737 2558 916 2608 scriptum
937 2570 1004 2608 pro

356 2609 440 2658 σοὶ,
483 2612 642 2649 alterum
676 2628 736 2651 τοι
768 2627 857 2650 sane
883 2615 1008 2651 omitti

353 2679 461 2717 posse
480 2669 676 2706 arbitratur
696 2668 1004 2720 Schweighaeus.

352 2723 544 2776 Equidem
585 2723 718 2776 μέντοι
771 2728 1003 2764 retinuerim.

351 2780 410 2817 De
442 2781 521 2832 ipsa
554 2779 703 2820 dicendi
735 2781 807 2821 hao
840 2783 1001 2823 formula

1077 758 1118 794 in
1144 757 1355 795 istiusmodi
1383 759 1598 796 orationum
1632 759 1734 796 clau-

1078 814 1168 852 sulis
1188 815 1290 852 conf.
1309 815 1391 862 VH,
1420 817 1459 854 7.

1297 903 1390 955 Cap.
1430 904 1507 941 cv.

1137 980 1178 1028 ἐς
1190 976 1340 1034 γέλωτά
1359 995 1398 1020 τε
1419 979 1628 1034 ἐτρέψατο]
1638 982 1733 1019 Vul-

1078 1049 1128 1087 go
1145 1036 1333 1074 reddunt:
1380 1040 1417 1074 in
1446 1040 1557 1075 risum
1575 1052 1611 1076 se
1629 1041 1732 1076 vertit

1077 1106 1142 1130 rex
1150 1106 1164 1138 ‚-
1187 1092 1291 1146 quod
1302 1094 1437 1130 falsum
1450 1107 1527 1131 esse
1539 1093 1733 1133 contendit

1076 1151 1242 1200 Hoeger.
1263 1151 1304 1186 in
1324 1151 1425 1187 Actt.
1437 1149 1545 1201 phill.
1557 1152 1734 1189 Mouacc.

1075 1206 1413 1258 111‚501.sqq.511
1428 1220 1525 1259 sqq„
1546 1207 1612 1243 ubi
1631 1208 1734 1244 mul—

1076 1263 1121 1300 tis
1140 1263 1299 1313 probare
1310 1262 1447 1311 studet,
1459 1264 1639 1300 aoristum
1648 1277 1735 1300 me-

1077 1317 1129 1355 dii
1147 1321 1189 1355 in
1215 1320 1331 1357 verbo
1357 1319 1512 1371 τρέπειν
1530 1331 1732 1372 nunquam

1074 1375 1252 1413 reflexive
1272 1374 1455 1425 adhiberi,
1483 1374 1550 1414 sed
1569 1378 1731 1415 activam

1075 1433 1238 1469 retinere
1257 1439 1502 1483 potestatem,
1523 1432 1618 1470 illud
1632 1446 1732 1485 quo—

1073 1500 1149 1540 que
1169 1488 1347 1526 adiiciens
1362 1519 1372 1537 ,
1402 1488 1475 1526 hoc
1505 1490 1589 1527 loco
1608 1490 1732 1527 maius

1072 1544 1165 1596 quid
1189 1552 1225 1582 et
1253 1546 1385 1583 fortius
1421 1546 1562 1597 requiri
1587 1547 1649 1583 vel
1678 1546 1727 1584 ob

1068 1601 1263 1638 Demarati
1281 1603 1396 1639 verba
1415 1603 1495 1650 Vn,
1516 1604 1622 1643 209:
1659 1602 1726 1655 γέ-

1070 1655 1175 1696 λωτά
1196 1671 1243 1708 με
1270 1656 1387 1706 ἔθευ,
1417 1671 1514 1710 quae
1533 1671 1613 1695 non
1632 1661 1726 1696 risus

1070 1719 1232 1762 tantum,
1247 1727 1382 1751 verum
1403 1718 1590 1752 contemtus
1610 1716 1724 1752 etiam

1070 1770 1385 1819 significationem
1414 1778 1618 1808 assumant.
1643 1772 1724 1808 Ita-

1073 1839 1148 1878 que
1177 1827 1241 1863 ille
1269 1840 1318 1864 ex
1347 1826 1655 1865 antecedentibus
1677 1826 1726 1865 ad

1071 1883 1231 1920 verbum
1246 1882 1434 1936 ἒτρέψατο
1443 1885 1619 1936 supplens
1630 1886 1727 1924 ταῦ-

1070 1953 1118 1978 τα
1136 1941 1188 1976 ita
1201 1941 1484 1991 interpretatur:
1517 1941 1620 1979 Haec
1630 1938 1725 1992 (De-

1069 1998 1206 2033 marati
1235 1996 1364 2047 dicta)
1394 1997 1530 2034 Xerxes
1554 1999 1592 2035 in
1615 1998 1723 2034 risum

1068 2055 1189 2090 vertit.
1254 2053 1311 2090 Ac
1348 2066 1559 2104 pronomen
1597 2054 1721 2091 ταῦτα

1067 2115 1196 2145 mente
1227 2110 1365 2145 assumi
1401 2121 1509 2159 posse
1543 2107 1591 2145 ad
1620 2106 1720 2160 ἐτρέ-

1066 2173 1173 2214 ψατο
1206 2163 1585 2214 Schweighaeuserus
1619 2177 1719 2217 quo·—

1067 2233 1141 2271 que
1161 2227 1355 2257 censuerat
1372 2250 1380 2268 ,
1412 2227 1542 2258 contra
1560 2222 1719 2259 VVesse-

1064 2275 1225 2326 liugium
1256 2275 1460 2328 disputans,
1492 2278 1556 2329 qui
1584 2277 1719 2315 lecfio-

1064 2345 1154 2368 nem
1176 2331 1333 2384 ἔτρεψε,
1365 2346 1386 2370 a
1405 2333 1598 2381 Mediceo‚
1626 2335 1718 2372 Flo-

1064 2390 1212 2426 rentino
1234 2402 1276 2426 ac
1292 2390 1409 2427 tribus
1429 2391 1509 2428 aliis
1528 2389 1639 2428 codd.
1659 2391 1717 2427 al—

1062 2445 1179 2481 latam
1200 2444 1284 2482 ideo
1301 2454 1504 2498 respuerat,
1521 2445 1625 2500 quod
1645 2447 1716 2484 ob—

1062 2501 1148 2538 iecti
1182 2504 1413 2541 accusativus
1454 2504 1518 2556 qui
1546 2510 1715 2550 vocatur,

1064 2559 1152 2595 alias
1174 2572 1294 2611 quum
1315 2559 1402 2597 addi
1432 2561 1576 2608 soleat,
1607 2560 1714 2598 absit.

1062 2615 1195 2667 Neque
1224 2617 1420 2667 Hoegerus
1438 2616 1518 2667 ipse
1544 2629 1584 2652 se
1603 2614 1715 2652 valde

1061 2673 1236 2709 reluctari
1265 2674 1335 2721 ait,
1364 2673 1395 2710 si
1429 2673 1511 2724 quis
1532 2672 1580 2708 ob
1601 2684 1714 2722 prae-

1059 2729 1284 2778 positionem
1322 2727 1364 2775 ἐς
1390 2727 1574 2767 adiectam
1606 2741 1714 2779 prae-

1057 2785 1157 2822 ferre
1191 2786 1281 2823 velit
1319 2783 1472 2838 i'toszpa
1537 2785 1594 2822 Ac
1622 2797 1712 2823 sane
