1897 3340
407 248 492 290 802

409 356 466 401 ἂν
494 354 675 399 ἐθέλωσι
701 358 789 399 τῶν
818 354 984 406 ἀστῶν,
1014 356 1088 400 καὶ
1111 356 1313 406 Πυθίους
1333 354 1565 408 αἱρέεσθαι.
1582 353 1665 399 δύο
1720 364 1799 408 463

808 246 1266 286 HERODOTI

409 422 639 478 ἑκάτερον·
693 425 737 467 οἱ
766 423 811 466 δὲ
843 423 1030 476 Πύθιοι,
1072 425 1152 467 εἰσὶ
1188 422 1430 476 θεοπρόποι
1475 423 1516 474 ἐς
1554 426 1664 466 Δελ-

412 490 550 545 φούς,
595 490 833 546 σιτεόμενοι
869 491 973 545 μετοὲ
1011 493 1099 533 τῶν
1138 490 1348 546 βασιλέων
1378 490 1429 533 τοὶ
1462 489 1723 546 δημόσια.60

381 557 472 614 ὃμή
503 558 680 601 ἐλθοῦσι
711 558 756 601 δὲ
783 563 893 601 τοῖσι
913 560 1136 613 βασιλεῦσι
1165 559 1232 602 ἐπὶ
1252 558 1300 602 τὸ
1333 560 1528 609 δεῖπνον,
1561 556 1668 601 ἄπο·-

408 626 651 682 πέμπεσθαί
680 637 759 680 σφι
787 625 829 676 ἐς
859 625 911 667 τοὶ
953 627 1068 668 οἰκία
1106 625 1298 682 ἀλφίτων
1326 641 1369 668 τε
1409 624 1490 668 δύο
1527 626 1668 680 χοίνι-

408 709 489 744 κας
516 691 722 746 ἑκατέρῳ,
762 692 835 735 καὶ
876 693 1002 736 οἴνου
1031 692 1237 749 κοτύλην
1287 696 1500 746 παρεοῦσι
1531 691 1575 735 δὲ
1605 693 1670 735 δι-

408 759 569 816 πλήσια
609 758 751 801 πάντα
782 760 1006 803 δίδοσθαι·
1043 759 1182 805 τώυτὸ
1221 761 1265 804 δὲ
1295 765 1425 804 τοῦτο
1455 761 1528 804 καὶ
1557 759 1669 813 πρὸς

380 826 622 871 4ίδιωτέων
651 826 889 882 κληθέντας
925 827 994 870 ἐπὶ
1033 829 1211 872 δεῖπνον
1239 832 1461 882 τιμᾶσθαι.
1517 828 1594 878 τοὶς
1624 828 1669 871 δὲ
1681 833 1724 868 65

408 896 619 950 μαντηίας
647 893 723 944 τοὶς
739 895 991 949 γινομένας,
1021 894 1208 947 τούτους
1238 894 1499 951 φυλάσσειν’
1530 906 1670 938 συνει-
1703 928 1705 930 v

409 962 532 1010 δέναι
563 960 610 1004 δὲ
648 961 722 1005 καὶ
758 962 861 1014 τοὺς
895 964 1111 1014 Πυθίους.

354 1102 568 1152 diligentius
589 1099 853 1138 custodiendos
872 1103 1010 1139 retule-

351 1161 414 1196 ris.
434 1180 491 1185 —
509 1156 668 1198 Ullrich.
693 1156 770 1209 (de
790 1171 949 1208 proxen.
970 1172 1008 1209 p.

350 1213 422 1267 49)
457 1213 559 1252 hunc
581 1227 733 1266 quoque
761 1215 889 1251 locum
909 1221 1011 1251 attu-

349 1272 416 1319 lit,
458 1272 662 1308 obscurum
698 1271 808 1307 illum
842 1270 1010 1323 quidem,

350 1335 393 1364 ut
411 1327 597 1378 perhibet,
610 1334 647 1364 et
666 1328 837 1374 unicum,
860 1329 1015 1379 quinon

340 1397 439 1420 eam
467 1397 665 1431 normam,
696 1383 745 1420 ad
776 1397 891 1435 quam
911 1391 1015 1421 cete-

349 1453 482 1477 rorum
519 1441 749 1492 populorum
780 1441 1015 1478 Graecorum

349 1499 595 1548 exigerentur
602 1498 774 1547 Proxeni,
786 1497 1012 1548 suppeditet.

407 1552 477 1592 καὶ
512 1554 700 1599 Πυθίους
737 1552 942 1604 αἱρέεσθαι
973 1568 1009 1593 κ.

351 1624 386 1648 τ.
412 1610 474 1657 λ.]
522 1609 666 1646 Retulit
700 1608 789 1645 hinc
827 1611 1011 1646 Timaeus

350 1667 392 1702 in
411 1667 508 1702 Lex.
529 1667 679 1702 Platon.
700 1678 787 1716 pag.
810 1668 891 1706 227
905 1695 914 1713 ‚
944 1666 1011 1702 ubi

350 1721 537 1758 Herodoti
575 1723 679 1758 locus
707 1734 785 1758 11011
815 1721 911 1772 fugit
942 1721 1010 1758 dou

351 1785 457 1816 ctum
483 1779 740 1828 interpretem.
796 1777 898 1815 Add.
928 1779 1011 1814 Eu-

351 1833 466 1872 statb.
497 1834 545 1871 ad
574 1835 618 1870 11.
645 1835 663 1869 Ι
692 1847 780 1884 pag.
812 1834 877 1882 55,
907 1833 960 1874 44
981 1847 1011 1871 s.

350 1891 418 1938 42,
440 1893 479 1930 7.
501 1897 537 1928 et
557 1889 603 1927 de
633 1890 862 1941 Pythiorum
886 1891 1013 1940 magi-

350 1954 470 1984 stratu
503 1946 748 1984 disserentem
778 1947 820 1985 C.
844 1947 887 1983 O.
910 1947 1013 1983 Miu-

350 2004 419 2040 ler.
440 2005 531 2040 Dor.
547 2005 582 2040 11
602 2016 690 2053 pag.
713 2005 776 2043 18.
836 2004 908 2048 Qui
926 2016 1012 2039 ma-

351 2061 526 2109 gistratus
559 2060 739 2110 pertinuit
779 2057 827 2095 ad
859 2059 1009 2110 Pythici

353 2116 495 2151 oraculi
526 2117 605 2152 vim
639 2117 679 2151 in
700 2127 831 2152 onmes
863 2117 1009 2151 Dorum

352 2185 412 2207 res
433 2184 476 2207 ac
506 2173 708 2221 praecipue
737 2172 776 2206 in
799 2171 1009 2222 Spartano-

354 2240 442 2263 rum
463 2240 519 2263 res
542 2235 577 2263 et
598 2228 765 2277 publicas
787 2234 823 2263 et
836 2229 1008 2278 privatas,

354 2282 403 2319 de
424 2283 499 2334 quii
520 2283 682 2319 diximus
712 2282 760 2319 ad
790 2283 835 2330 V,
854 2283 921 2322 42.
944 2286 1008 2330 63,

354 2340 505 2376 oracula
536 2341 639 2375 enim
668 2341 736 2375 rite
765 2340 940 2389 Spartam
962 2339 1010 2376 ad

352 2408 460 2445 reges
473 2396 648 2445 perferre,
671 2408 902 2447 0111ne1nqne
913 2408 1011 2442 eam,

355 2465 453 2503 quae
467 2453 660 2502 Spartanis
672 2465 759 2488 cum
771 2453 1011 2488 oraculoDe-l-

354 2506 468 2558 phiec
491 2510 711 2555 intercessit,
742 2509 926 2544 rationein
949 2521 1011 2544 ar-

354 2565 518 2601 ctissime
553 2566 647 2601 tueri
668 2563 893 2616 Pythioruin
921 2572 1011 2612 erat,

354 2633 519 2672 quorum
548 2619 634 2657 hinc
673 2634 823 2657 sunnna
852 2621 1012 2670 dignitas

353 2684 468 2728 atque
480 2679 690 2725 auctoritas,
709 2677 783 2729 quai
804 2690 937 2727 regum
952 2691 1012 2714 es-

357 2741 441 2770 sent
461 2747 658 2771 assessores
678 2742 791 2785 atque
807 2735 1011 2770 contuber-

354 2791 471 2838 nales,
494 2798 529 2827 et
540 2792 757 2842 proximum
769 2789 863 2827 adeo
874 2803 1011 2827 secun-

354 2845 450 2884 dum
486 2847 570 2885 illos
606 2848 736 2884 locum
770 2855 1011 2898 occuparent.

1173 962 1360 1016 δικάζειν
1396 963 1442 1006 δὲ
1471 959 1667 1018 μούνους

1067 1102 1166 1147 Quin
1186 1102 1300 1153 ipsius
1321 1101 1500 1139 Gerusiae
1526 1113 1726 1139 assessores

1064 1159 1178 1195 fuisse
1197 1157 1301 1195 haud
1320 1160 1458 1196 iniuria
1477 1172 1498 1194 e
1519 1158 1639 1196 Cicer.
1666 1158 1726 1194 De

1068 1213 1222 1253 divinat.
1243 1217 1274 1262 Ι,
1298 1217 1348 1255 13
1369 1216 1564 1265 colligunt.
1694 1254 1697 1256 ,

1128 1266 1345 1321 σιτεόμενοι
1382 1269 1478 1322 μετὰ
1504 1273 1583 1309 τῶν
1609 1270 1724 1321 βασι-

1071 1325 1172 1366 λέων
1191 1325 1237 1365 τοὶ
1263 1324 1462 1378 δημόσιοι]
1503 1326 1658 1364 Confert
1678 1326 1723 1364 C.

1071 1385 1116 1421 Ο.
1147 1385 1296 1421 Miiller.
1323 1385 1416 1421 Dor.
1445 1385 1481 1421 Π
1514 1395 1603 1435 pag.
1644 1382 1723 1424 105

1069 1442 1319 1478 Homericum
1339 1437 1463 1490 δήμια
1473 1441 1604 1480 πίνειν
1615 1437 1724 1476 Iliad.

1068 1499 1190 1537 XVII.
1223 1510 1279 1534 vs.
1328 1497 1410 1538 250
1457 1495 1575 1549 idque
1610 1496 1725 1533 refert

1069 1553 1117 1590 ad
1139 1555 1266 1604 epulas
1302 1554 1494 1604 publicas,
1538 1553 1724 1591 sumtibus

1067 1611 1226 1660 publicis
1257 1611 1404 1660 erogari
1441 1610 1567 1646 solitas
1594 1610 1634 1645 in
1663 1608 1725 1645 fe·-

1071 1667 1133 1702 stis
1178 1666 1349 1716 publicis.
1418 1666 1560 1711 Quibus
1601 1677 1725 1715 oppo-

1067 1729 1210 1759 nuntur
1240 1719 1286 1760 τοὶ
1323 1722 1477 1769 δεῖπνα,
1517 1734 1614 1774 quae
1644 1721 1725 1771 pri-

1066 1785 1242 1816 vatorum
1251 1785 1338 1815 sunt
1358 1779 1492 1828 epulae
1503 1807 1513 1825 ‚
1543 1779 1620 1815 sive
1630 1787 1726 1816 621⁶·-

1069 1835 1193 1882 σίτια,
1236 1835 1471 1884 singularum
1491 1835 1665 1885 gentium
1693 1845 1725 1871 s.

1068 1891 1298 1927 familiarum
1319 1891 1453 1941 epulae
1466 1920 1475 1938 ‚
1497 1889 1635 1927 eodem
1655 1889 1725 1927 ob-

1067 1955 1240 1984 servante
1259 1948 1409 1985 muller.
1436 1948 1463 1985 l.
1483 1948 1510 1984 l.
1530 1947 1724 1998 pag..106

1067 2011 1148 2041 not.

1123 2056 1192 2106 τοῖς
1210 2056 1252 2097 δὲ
1273 2059 1465 2109 μαντηίας
1486 2057 1556 2108 τοὶς
1570 2056 1724 2112 γινομέ-

1065 2117 1164 2164 νας]
1197 2116 1320 2165 Supra
1341 2117 1388 2152 H.
1411 2117 1476 2157 57.
1499 2119 1550 2157 83
1572 2114 1601 2167 ἦ
1621 2131 1724 2167 μαν-

1064 2173 1155 2222 τηΐη
1177 2179 1231 2208 est
1250 2173 1344 2208 ratio
1375 2173 1525 2209 oracula
1541 2186 1570 2209 s.
1587 2173 1724 2209 vatici-

1065 2229 1128 2264 nia
1167 2227 1317 2264 edendi.
1364 2230 1446 2264 Hoc
1477 2235 1605 2264 autem
1637 2230 1723 2266 loco

1065 2285 1144 2334 ipsa
1165 2284 1379 2320 indicantur
1394 2287 1577 2330 vaticinia,
1599 2286 1723 2321 aDel-

1065 2340 1177 2390 phico
1199 2340 1270 2377 deo
1302 2342 1494 2390 Spartanis
1525 2340 1624 2377 edita
1644 2348 1681 2378 et
1701 2353 1723 2378 a

1066 2398 1236 2445 regibus,
1268 2398 1404 2448 quibus
1426 2409 1447 2432 a
1468 2396 1612 2448 Pythiis
1634 2410 1723 2434 ora-

1067 2455 1239 2490 culm-mn
1262 2452 1349 2490 hinc
1378 2455 1536 2490 consciis
1562 2452 1724 2491 tradun-

1065 2516 1147 2556 tur,
1189 2509 1385 2548 custodita.
1444 2511 1613 2547 Pertinet
1648 2509 1723 2547 hoo

1068 2565 1115 2601 ad
1143 2565 1415 2603 sacerdotalem
1451 2567 1557 2603 illam
1588 2579 1724 2617 regum

1069 2621 1315 2671 dignitatem,
1345 2623 1393 2660 de
1423 2622 1499 2676 quai
1529 2622 1606 2660 vid.
1625 2630 1723 2660 nott.

1067 2678 1115 2716 ad
1136 2680 1166 2716 V
1168 2680 1197 2726 1,
1219 2681 1286 2721 56.

1123 2735 1295 2783 δικάζειν
1339 2732 1383 2774 δὲ
1424 2731 1600 2786 μούνους
1627 2731 1722 2782 τούς

1066 2792 1248 2842 βασιλέας
1266 2788 1408 2831 τοσάδε
1430 2792 1587 2842 μοῦνα]
1641 2792 1721 2828 Ne-

1065 2850 1211 2885 minem
1230 2850 1327 2900 fugit
1344 2849 1516 2886 consulto
1542 2850 1722 2887 Nostrum
