1897 3340
492 215 1127 255 120LYn1N1A.vi1.
1371 223 1454 262 465

187 325 416 381 ,,μωτοὶτην
444 324 718 380 ἀνθρώποισι
735 321 965 366 θάλασσαν
982 323 1210 380 πνεύματα
1230 326 1339 380 φασὶ
1357 325 1454 370 ἀνέ-

188 411 312 448 „mov
354 395 638 449 ἐμπίπτοντα,
680 389 735 434 οὐ
779 396 992 445 περιορᾶν
1032 391 1166 447 φύσει
1195 395 1248 449 τῇ
1290 392 1453 450 ἑωυτῆς
1467 402 1511 435 10

158 467 180 500 3
193 466 419 518 ,,χρῆσθαι.
455 460 548 515 Ἐμὲ
561 459 619 509 δὲ,
634 455 888 502 ἀκούσαντα
907 457 1018 513 πρὸς
1039 464 1115 504 σεῦ
1131 463 1289 514 κακῶς,
1312 460 1366 504 οὐ
1385 478 1453 504 το-

186 533 347 580 ,,σοῦτο
359 529 480 571 ἔδακε
495 526 623 583 λύπη,
650 526 771 580 ὅσον,
794 527 1004 583 γνωμέων
1026 528 1109 572 δύο
1130 527 1455 584 προκειμενέων

187 597 420 652 ,,Πέρσῃσι,
434 599 510 651 τῆς
521 594 613 649 μὲν,
634 594 769 651 ὕβριν
781 593 1069 652 αὐξανούσης,
1080 599 1153 652 τῆς
1166 596 1222 646 δὲ,
1234 613 1454 640 καταπαυ-

185 663 358 719 ,,ούσης,
378 663 450 705 καὶ
462 661 672 718 λεγούσης
686 661 988 719 ὦςκακόνῗείἠ
1017 663 1240 708 διδάσκειν
1269 663 1348 721 τὴν
1376 672 1455 716 ψυ·

184 729 427 787 ,,χὴνπλέον
454 747 496 773 τι
526 732 730 787 δίζησθαι
758 730 842 774 αἰεὶ
856 730 1334 786 ἔχειντοῦπαρεόντος·
1365 742 1509 778 τοι-15

182 797 376 850 ,,ουτέων
404 799 725 855 προκειμενέων
753 800 984 855 γνωμέων,
1020 799 1089 843 ὅτι
1116 801 1198 857 τήν
1229 806 1454 857 σφαλερω-

153 864 339 921 4,,τε’ρην
379 871 554 923 σεωυτῷ
583 883 628 910 τε
658 867 733 910 καὶ
764 867 962 924 Πέρσῃσι
991 865 1184 923 οἶναίρεο.
1242 872 1347 913 Νῦν
1378 865 1452 921 ὧν,

179 933 352 990 ,,ἐπειδη“
384 933 592 988 τέτραψαι
613 934 681 978 ἐπὶ
709 934 791 991 τὴν
820 934 1009 990 ἀμείνω,
1039 934 1128 993 φῄς
1159 952 1239 989 τοι,
1268 938 1454 993 μετιέντι

179 1001 284 1053 ,,τὸν
311 1000 374 1052 ἐπ’
395 1001 609 1059 ΓΈλληνας
639 1001 816 1056 στόλον,
859 1003 1092 1060 ἐπιφοιτᾶν
1122 1004 1310 1060 ὄνειρον,
1341 1011 1453 1051 θεοῦ

152 1078 330 1123 5,,τινος
359 1075 536 1129 πομπῇ,
568 1070 651 1116 οὐκ
680 1072 821 1116 ἐῶντά
851 1084 898 1116 σε
929 1071 1162 1117 καταλύειν
1190 1073 1270 1118 τὸν
1284 1074 1450 1120 στόλον.
1465 1082 1509 1116 20

124 1283 335 1322 eorumque
372 1270 509 1307 similia
543 1271 574 1312 Ι,
603 1272 665 1307 Fr.
686 1272 787 1309 Gro-

122 1328 258 1365 novius
280 1327 404 1364 attulit
434 1326 482 1363 ad
502 1328 586 1364 Liv.
606 1329 787 1377 XXVIII,

121 1387 188 1425 27.
248 1384 352 1420 Conf
365 1385 438 1420 Dio
457 1382 592 1436 Chrys.
622 1386 677 1420 ΠΙ
696 1398 785 1436 pag.

122 1439 176 1480 44
198 1441 268 1477 C.“
317 1441 378 1478 Va
390 1441 403 1478 l
415 1440 488 1478 cke
500 1455 548 1478 η..
584 1440 787 1492 Schweig-

120 1495 325 1534 haeuserus
338 1504 532 1547 praeterea
544 1499 708 1535 conferri
724 1500 787 1535 iu—

120 1554 186 1590 bet
204 1555 341 1606 Polyb.
363 1556 432 1601 XI,
454 1556 521 1600 29,
536 1556 561 1594 9
581 1555 674 1606 ibiq.
689 1563 786 1593 nott.

58 1604 62 1612 ’
120 1609 183 1647 Ad
213 1618 444 1648 structuram
464 1611 572 1647 verbi
592 1614 786 1664 περιορᾶν

120 1668 222 1705 conf.
241 1666 378 1718 Matth.
389 1669 455 1705 Gr.
470 1669 536 1705 Gr.
551 1668 587 1714 §.
602 1669 683 1710 553
704 1675 785 1707 not.

120 1727 147 1766 2
165 1738 204 1776 p.
229 1727 350 1766 1086.

176 1799 228 1844 οὔ
241 1806 409 1844 τοσοῦτο
427 1802 541 1843 ἔδακε
562 1799 696 1854 λύπη]
718 1819 786 1844 το-

122 1862 241 1900 σοῦτο
269 1873 338 1910 pro
379 1863 571 1900 τοσοῦτον
601 1860 785 1911 suppedi—

119 1918 224 1954 tabat
251 1918 505 1955 Florentinus.
575 1918 634 1953 De
667 1918 785 1955 verbo

121 1970 285 2014 δάκνειν
317 1974 474 2012 disserui
508 1973 556 2011 ad
588 1973 785 2012 Plutarch.

119 2030 302 2068 Alcibiad.
331 2044 421 2082 pag.
457 2033 552 2073 107.
618 2032 682 2067 Ex
720 2044 789 2068 eo-

121 2087 211 2125 dem
258 2089 482 2125 Florentino
540 2086 788 2125 retinendum

120 2145 235 2196 paulo
257 2145 414 2183 inferius
441 2145 649 2195 δίζησθαι,
679 2146 787 2183 cuius

121 2202 205 2239 loco
225 2202 342 2253 vulgo
364 2215 454 2240 cum
474 2203 641 2239 Stobaeo
661 2202 712 2249 X,
730 2200 782 2242 41

122 2259 193 2307 (T.
212 2260 230 2294 I
249 2272 287 2309 p.
309 2258 391 2299 294
403 2259 540 2310 Gaisf.)
564 2259 603 2298 δι’
617 2259 637 2306 ζ
646 2262 784 2298 εσθαι.

122 2316 174 2352 At
192 2314 270 2352 vid.
294 2322 391 2352 nott.
412 2315 460 2352 ad
479 2317 509 2364 Ι,
547 2315 614 2356 94.
672 2316 786 2352 Eun-

124 2371 214 2408 dem
243 2371 508 2408 Florentinum
527 2379 677 2410 secutus
697 2385 786 2409 cum

126 2426 350 2478 Schweigh.
382 2435 419 2465 et
448 2429 565 2465 Gaisf.
594 2428 684 2466 dedi
703 2444 786 2468 τοι-

123 2483 271 2525 ουτέων
298 2482 592 2535 προκειμενέων
631 2484 799 2536 γνωμέ-

123 2556 192 2590 ων,
228 2541 295 2578 ubi
315 2542 401 2577 libri
420 2542 549 2592 scripti
565 2547 601 2577 et
614 2540 703 2578 editi
714 2541 786 2578 ad-

120 2596 282 2634 modum
318 2597 517 2639 fluctuant.
574 2596 684 2633 Idem
713 2611 785 2634 ex-

122 2652 244 2691 hibuit
263 2653 432 2692 Bekker.
463 2653 592 2691 addito
625 2655 783 2690 articulo

120 2711 201 2748 τῶν
222 2717 309 2747 ante
329 2710 533 2763 γνωμέων.
561 2711 686 2760 Vulgo
701 2709 786 2747 edi-

124 2773 185 2803 tur
223 2766 393 2806 τουτέων
431 2781 546 2819 προκ.
580 2765 782 2820 γνωμέων,

124 2823 183 2861 vel
205 2823 320 2859 etiam
348 2822 518 2863 τουτέων
548 2838 663 2874 προκ.
685 2825 784 2862 τῶν

191 2881 414 2917 Her-onor.
443 2882 510 2917 111.

847 1269 1050 1323 γνωμέων,
1081 1270 1187 1322 quod
1215 1270 1332 1308 habet
1363 1270 1511 1310 Sohae-

845 1329 916 1365 ser.
939 1350 992 1355 —
1022 1329 1098 1364 Plo
1119 1343 1193 1378 την
1210 1328 1511 1394 σφαλερωτέρην

845 1391 920 1422 tres
941 1383 1053 1421 codd.
1077 1384 1169 1421 dant
1190 1382 1511 1436 σφαλερωτατην,

846 1440 951 1493 quod
980 1443 1107 1492 ipsum
1129 1440 1284 1479 defendi
1314 1444 1440 1492 possit
1464 1457 1511 1480 eo

846 1511 895 1535 ex
929 1511 1001 1534 usu
1027 1499 1265 1548 superlativi,
1313 1512 1431 1550 quem
1470 1500 1511 1536 iu

844 1561 942 1591 nott.
972 1553 1021 1591 ad
1051 1555 1118 1602 ΙΠ,
1155 1557 1233 1595 119
1253 1556 1381 1605 attigi,
1423 1557 1512 1594 coll.

843 1610 1016 1661 Euripid.
1038 1610 1302 1650 Andromach.
1320 1615 1359 1653 6.
1391 1613 1514 1650 Simi-

842 1669 888 1705 lis
902 1668 1074 1716 varietas,
1096 1675 1254 1705 notante
1277 1669 1344 1707 Cr.
1362 1670 1403 1705 in
1424 1671 1513 1707 Pla-

843 1731 924 1762 ton.
957 1723 1151 1764 Charmid.
1183 1739 1222 1776 p.
1245 1726 1325 1767 159
1346 1726 1402 1775 C„
1446 1728 1513 1764 ubi

845 1780 1046 1818 Heindorf.
1067 1780 1131 1832 (p.
1152 1782 1235 1832 74)
1267 1781 1386 1820 edidit
1414 1780 1512 1823 κάλ-

844 1841 988 1885 λιστον,
1012 1837 1214 1875 Bekkerus
1225 1852 1316 1876 vero
1335 1835 1512 1889 κάλλιον,

846 1902 887 1932 ut
908 1894 1056 1932 dudum
1074 1896 1247 1932 voluerat
1278 1895 1512 1947 Stephanus.

843 1954 889 1989 In
908 1951 1095 1989 Herodoti
1119 1953 1206 1989 loco
1232 1966 1337 1989 nunc
1371 1953 1511 2005 Stege-

846 2022 910 2046 rus
929 2008 1035 2047 dedit
1055 2006 1380 2063 σφαλερωτάτην.

1125 2145 1162 2190 §.
1192 2146 1233 2184 2.

903 2255 1117 2306 ἐπιφοιτᾶν
1148 2253 1307 2310 ὄνειρον
1326 2258 1431 2297 θεοῦ
1451 2272 1511 2298 τι-

849 2328 919 2360 νος
936 2313 1104 2368 πομπῇ]
1127 2312 1190 2350 Ad
1210 2327 1348 2351 vocem
1367 2318 1511 2370 πομπῇ

845 2370 947 2407 conf.
967 2377 1065 2407 nott.
1085 2369 1133 2406 ad
1153 2371 1298 2418 111‚77.
1329 2356 1511 2417 Quodse-

844 2428 974 2479 quitur
1002 2426 1148 2474 ἐωντα,
1187 2429 1326 2465 merito
1356 2441 1377 2464 e
1397 2427 1511 2465 codd.

844 2490 1067 2522 revocatum
1087 2496 1156 2534 pro
1191 2483 1349 2531 ἒωντος,
1370 2486 1401 2522 si
1422 2487 1512 2537 qui-

845 2540 934 2578 dem
965 2538 1124 2592 ὄνειρον
1163 2553 1272 2577 more
1303 2543 1511 2579 Homerico

842 2603 924 2633 tam
941 2597 981 2633 in
1001 2597 1212 2634 masculino
1223 2611 1341 2649 quam
1361 2599 1400 2634 in
1416 2612 1510 2635 neu-

843 2659 902 2690 tro
937 2651 1152 2691 adhibetur.
1201 2655 1313 2691 conf.
1347 2656 1428 2702 VII,
1459 2654 1508 2694 15

843 2709 929 2759 (ubi
958 2710 1073 2747 etiam
1105 2710 1267 2748 verbum
1295 2709 1510 2759 ἐπιφοιτᾶν

846 2765 985 2803 eodem
1004 2774 1116 2817 pacto
1138 2768 1339 2816 reperitur)
1364 2769 1427 2806 17.
1445 2768 1510 2805 18.

844 2823 924 2860 Nec
957 2823 1032 2860 alio
1068 2825 1255 2875 pertinet,
1295 2821 1399 2875 quod
1428 2822 1508 2861 Vll,
