1897 3340
4 986 10 993 Α
0 878 14 977 -Ι,Ὶι“
0 817 14 872 1⁸⁷
0 799 14 811 A
0 714 17 781 nl
0 688 15 708 2

440 246 524 286 42⁰
837 247 1305 284 HERODOTI

108 358 260 387 fluescunt.
310 357 385 384 Post

108 397 139 420 et
158 392 236 418 filiu
259 390 305 417 Μ
322 391 367 418 α,-
442 353 723 410 στησοέμενοι,
754 352 963 410 ἐλόχησαν
983 353 1195 410 Ἀρτέμιδι
1223 354 1268 398 ἐν
1299 357 1537 409 Βραυρῶνι
1571 353 1702 411 ἀγού-

107 425 194 453 ιιιίιιί3
220 424 250 452 in
268 424 383 452 Lemno

107 460 247 499 gemme
289 459 345 485 uo,
441 434 519 472 σας
558 419 692 475 ὁρτὴν
729 421 805 471 τὰς
850 427 938 464 τῶν
976 421 1221 478 Ἀθηναίων
1260 429 1483 478 γυναῖκας.
1550 423 1702 466 ἐνθεῦ-

105 467 379 554 {glffissfilffim
413 496 518 531 Ξτεν
548 487 593 530 δὲ
625 485 895 541 ἁρπάσαντες
933 489 1123 532 τουτέων
1160 489 1346 540 πολλὰς,
1394 491 1567 544 οἴχοντο
1598 489 1702 535 ἀπο-

105 559 379 628 ἓπξῡῗέῑῆὲὲξᾙ
437 555 659 605 πλέοντες·
692 555 767 597 καί
797 565 933 610 σφεας
962 556 1005 607 ἐς
1037 560 1218 612 Λῆμνον
1247 556 1501 612 ἀγαγόντες,
1542 561 1758 601 παλλα-ὅο

106 615 170 656 „eg
196 631 315 656 necant.
411 622 525 673 Βκὰς
558 619 687 677 εἶχον.
741 619 818 671 Ὡς
848 623 894 665 δὲ
923 623 1087 667 τέκνων
1117 620 1248 667 αὗται
1280 625 1325 666 αἱ
1366 629 1568 679 γυναῖκες
1598 624 1703 668 ὑπε-

438 688 717 744 πλήσθησαν,
767 689 970 744 γλῶσσάν
1001 707 1045 733 τε
1077 690 1155 746 τὴν
1185 690 1381 746 Ἀττικήν
1411 692 1482 733 καὶ
1512 690 1702 744 τρόπους

411 759 533 798 4τών
558 754 804 811 Ἀθηναίων
834 757 1065 802 ἐδίδασκον
1095 758 1198 808 τούς
1227 760 1399 808 παῖδας.
1446 759 1489 800 οἱ
1527 758 1572 800 δὲ
1603 756 1702 802 οὔτε

437 823 755 878 συμμίσγεσθαι
790 829 903 867 τοῖσι
953 826 999 869 ἐκ
1035 827 1123 868 τῶν
1160 827 1441 880 Πελασγίδων
1478 829 1714 879 γυναικῶν,

435 891 559 933 παισὶ
599 889 779 945 ἤθελον,
819 893 858 934 εἴ
892 908 937 935 τε
974 891 1177 936 τύπτοιτό
1208 908 1271 942 τις
1302 889 1449 934 αὐτῶν
1477 889 1556 933 ὑπ’
1593 891 1701 934 ἐκεί-

435 974 527 1001 νων
555 957 695 1009 τινὸς,
741 958 954 1014 ἐβοήθεόν
988 975 1032 1002 τε
1072 957 1229 1008 πάντες
1266 959 1338 1000 καὶ
1368 957 1601 1012 ἐτιμώρεον
1632 959 1701 1002 ἄλ-

436 1024 626 1080 λήλοισι’
666 1026 740 1068 καὶ
770 1025 823 1083 δή
853 1026 926 1069 καὶ
956 1025 1104 1081 ἄρχειν
1140 1041 1183 1068 τε
1213 1029 1300 1068 τῶν
1330 1026 1499 1068 παίδων
1536 1026 1580 1067 οῖ
1607 1030 1699 1068 παῖ·
1715 1032 1758 1067 55

436 1094 508 1143 δες
546 1093 782 1145 ἐδικαίευν,
823 1094 897 1137 καὶ
938 1092 1103 1136 πολλὸν
1139 1091 1406 1147 ἐπεκράτεον.
1469 1091 1704 1144 Μαθόντες

408 1162 490 1204 ὅδὲ
518 1164 655 1203 ταῦτα
685 1161 728 1204 οἱ
759 1160 996 1216 Πελασγοὶ,
1039 1159 1240 1203 ἑωυτοῖσι
1279 1157 1438 1215 λόγους
1477 1159 1699 1204 ἐδίδοσαν·

340 1320 343 1324 ’
381 1335 457 1360 cum
477 1335 583 1359 naves
599 1323 873 1373 sibiparassent,
887 1324 1041 1362 insidias

379 1375 598 1418 struxerunt.
644 1379 837 1417 Larchero
857 1388 1040 1418 neutrum

379 1437 516 1486 placet.
582 1436 639 1472 Ita
669 1439 772 1473 enim
812 1438 1040 1488 interpreta-

380 1500 441 1529 tur
465 1505 508 1528 ac
530 1492 559 1528 si
580 1493 620 1528 in
640 1499 747 1529 textu
769 1501 886 1530 esset:
918 1509 1040 1533 κατα-

379 1544 693 1599 σκευασάμενοιῑ
746 1549 795 1586 ils
841 1552 1039 1600 equiperent

379 1605 439 1642 des
457 1606 657 1642 vaisseaux.
715 1608 794 1642 Nec
827 1608 934 1643 aliter
961 1608 1040 1643 La·-

377 1662 478 1698 tinus
499 1662 701 1711 interpres:
759 1660 921 1699 Navibus
938 1666 1039 1712 quin-

380 1719 555 1767 quaginta
580 1730 746 1754 remornm
767 1719 961 1756 instructis.
982 1741 1039 1746 —

378 1773 441 1810 Ad
483 1775 605 1823 ipsam
643 1776 901 1811 narrationem
935 1776 1039 1812 conf.

377 1829 443 1878 IV,
466 1829 544 1869 145
575 1831 703 1881 ibique
734 1838 828 1868 nott.
859 1839 896 1868 et
922 1833 1040 1869 Arse-

378 1887 433 1922 nii
452 1885 585 1925 violet.
608 1898 694 1937 pag.
718 1887 798 1927 335
828 1887 888 1925 ed.
908 1889 1037 1927 walz.

380 1943 466 1979 coll.
496 1943 640 1980 Villois.
681 1941 812 1980 Schol.
845 1943 894 1981 ad
925 1946 970 1982 ll.
1008 1947 1039 1992 1,

379 1997 474 2039 594.
507 2021 554 2026 —
610 1998 672 2035 Ad
700 2012 812 2037 voces
849 1998 919 2047 τὰς
959 2003 1040 2040 τῶν

377 2049 615 2104 Ἀθηναίων
654 2060 846 2108 γυναῖκας
884 2064 1041 2094 annotat

378 2109 557 2148 Larclier.
586 2109 858 2159 Athenienses,
889 2115 955 2164 qui
969 2127 1040 2150 vo-

380 2167 565 2203 cabantur
583 2162 817 2218 Ἀθηναῖοι,
840 2182 1039 2220 nunquam

380 2223 556 2259 foeminis
577 2222 723 2260 dedisse
744 2236 887 2260 nomen
906 2221 1038 2275 Ἀθη-

379 2281 489 2316 ναῖαι
503 2308 512 2325 ,
535 2279 583 2314 ob
603 2280 815 2315 Minervam
829 2281 923 2327 scil„
939 2294 1037 2331 quae

380 2341 512 2370 vocata
526 2335 639 2370 fuerit
649 2331 866 2383 Ἀθηναία,
876 2335 941 2372 sed
954 2338 1038 2387 ple-

380 2403 544 2441 rumque
565 2392 604 2426 in
626 2390 835 2428 indicandis
865 2393 1038 2429 mulieri-

381 2446 450 2483 bus
461 2447 524 2482 tali
545 2445 752 2497 periplnasi
773 2460 851 2484 esse
873 2461 957 2486 usos
974 2457 1038 2486 aut

381 2516 474 2539 voce
496 2498 633 2549 οἷσταὶ,
665 2516 684 2539 a
706 2516 799 2540 voce
821 2499 940 2552 a’ctv',
962 2505 1037 2557 quai

382 2559 573 2608 sigillatim
612 2557 752 2595 Athen
755 2573 852 2595 irum
902 2535 1037 2598 nibem

381 2614 567 2664 designari
582 2617 777 2651 neminem
790 2617 898 2665 lugit.
928 2618 1037 2655 Idem

381 2670 428 2707 de
457 2670 514 2708 his
543 2673 681 2708 excitat
710 2672 882 2710 Eustutli.
915 2674 962 2711 ad
993 2676 1035 2712 ll.

380 2729 398 2764 Ι
417 2740 505 2778 pag.
526 2727 592 2775 84,
618 2730 686 2774 123
719 2727 765 2765 de
786 2730 901 2777 sesto,
933 2731 1036 2782 quod

381 2785 544 2834 virgines
591 2785 737 2821 Atticae
785 2787 1035 2835 celebrabant,

382 2841 443 2879 cui
467 2853 610 2878 nomen
628 2839 879 2894 Βραυρῶνια,
902 2845 1035 2896 quinto

1098 1335 1252 1374 quoque
1279 1334 1379 1358 anno
1410 1321 1593 1359 celebrari
1633 1322 1755 1370 solita,

1097 1380 1240 1418 confer.
1262 1376 1428 1429 Hesycll.
1449 1391 1480 1415 s.
1511 1392 1547 1417 v.
1568 1381 1717 1431 Βραυρ.
1740 1379 1758 1414 l

1096 1450 1134 1486 p.
1156 1439 1252 1476 761.
1272 1436 1419 1472 Polluc.
1449 1435 1520 1474 On.
1541 1436 1640 1483 VIII,
1672 1438 1695 1474 9
1719 1436 1756 1481 §-

1100 1495 1191 1540 107,
1215 1493 1300 1529 alia.
1329 1493 1386 1528 Ac
1407 1505 1529 1542 nuper
1548 1493 1589 1529 in
1600 1505 1758 1528 omnem

1095 1546 1194 1584 hanc
1244 1549 1291 1584 ab
1336 1548 1531 1585 Herodoto
1580 1547 1756 1585 traditam

1095 1606 1353 1640 narrationem
1368 1605 1561 1655 inquisivit
1579 1604 1756 1641 Broend-

1095 1659 1192 1697 sted.
1218 1662 1355 1696 Reiseu
1366 1673 1404 1697 u.
1420 1659 1754 1711 Untersuchuugg.

1094 1718 1134 1752 in
1165 1715 1382 1753 Griechenl.
1409 1718 1444 1752 ΙΙ
1463 1729 1551 1767 pag.
1571 1719 1653 1757 267
1674 1730 1754 1769 seq.

1094 1775 1237 1809 mirum
1255 1786 1333 1810 esse
1346 1786 1524 1821 narrans,
1556 1772 1660 1825 quod
1672 1775 1754 1809 He-

1095 1829 1250 1866 rodotus
1269 1842 1395 1881 neque
1424 1828 1498 1866 hoc
1527 1842 1654 1881 neque
1681 1830 1754 1866 alio

1095 1887 1180 1923 loco
1208 1886 1400 1922 simulacri
1426 1887 1530 1922 Deae
1557 1887 1754 1923 Braurone

1095 1944 1272 1980 asservati
1319 1942 1451 1979 fecerit
1505 1943 1754 1990 mentionem,

1097 2012 1185 2035 cum
1205 2012 1296 2036 sane
1316 1997 1411 2035 haec
1440 1997 1639 2036 videantur
1659 2012 1755 2036 cou-

1097 2057 1225 2092 iuncta
1246 2068 1324 2091 esse
1343 2068 1432 2092 cum
1443 2056 1554 2092 sacris
1569 2056 1754 2107 andqi&-

1096 2113 1200 2148 simis
1220 2112 1364 2147 Dianae
1383 2112 1593 2148 Laconicis.

1151 2163 1337 2218 γλῶσσάν
1380 2181 1420 2206 τε
1455 2164 1529 2217 τήν
1567 2162 1754 2218 Ἀττικήν

1095 2223 1162 2262 καὶ
1184 2219 1350 2274 τρόπους
1372 2238 1405 2262 κ.
1421 2238 1453 2260 τ.
1476 2224 1536 2272 λη]
1567 2222 1753 2261 Valcken.

1093 2280 1239 2315 confert
1260 2278 1389 2316 Schol.
1411 2281 1448 2314 in
1464 2279 1637 2330 Euripid.
1658 2282 1753 2317 Hec.

1096 2337 1192 2375 886.
1214 2336 1382 2371 Verbum
1394 2337 1687 2388 συμμίσγεσθαι
1712 2338 1753 2372 in

1093 2404 1199 2443 seqq.
1222 2393 1379 2428 omnino
1403 2393 1501 2429 valet
1529 2394 1752 2431 consuetudi-

1094 2461 1168 2484 nem
1211 2461 1338 2497 agere,
1378 2449 1450 2485 mut
1488 2449 1592 2486 simul
1628 2452 1752 2487 vivere.

1094 2503 1156 2540 Ad
1177 2503 1373 2544 ἐδικαίευν
1395 2506 1496 2542 conf.
1517 2507 1580 2554 VI,
1605 2506 1668 2547 15.
1684 2509 1750 2546 73.

1093 2560 1154 2597 Ad
1175 2557 1410 2613 ἐπεκράτεον
1437 2563 1560 2612 suppl.
1588 2561 1751 2601 ἐκείνων

1092 2630 1143 2654 sc.
1154 2621 1234 2656 τών
1249 2618 1404 2656 παίδων
1415 2631 1427 2654 .·
1448 2619 1660 2668 multumque
1668 2619 1750 2656 iude

1093 2674 1167 2710 illis
1185 2676 1372 2724 superiores
1391 2678 1504 2714 eraut.
1536 2674 1591 2712 Cf.
1604 2675 1667 2723 lv,
1681 2675 1748 2716 65.

1091 2731 1157 2777 ΙΙΙ,
1180 2734 1247 2771 32.
1271 2731 1331 2778 VI,
1353 2733 1418 2770 32.
1442 2731 1521 2777 ul,
1544 2731 1636 2772 155.
1651 2730 1746 2771 254.

1092 2787 1154 2823 Ad
1176 2788 1287 2824 verbu
1304 2786 1483 2826 ἑωυτοῖσι
1509 2782 1650 2838 λόγους
1669 2786 1750 2826 ἐδί-

1094 2845 1217 2884 δοσαν
1239 2845 1339 2881 conf.
1361 2850 1456 2881 nott.
1479 2842 1527 2880 ad
1546 2844 1612 2892 111,
1631 2843 1700 2885 45.
