1897 3340
277 923 375 967 129

104 987 285 1015 Thessaliae
303 986 343 1013 si-

105 1025 161 1049 tus.
183 1020 330 1049 Planities

432 263 517 303 626

403 368 596 414 Ξθάνετο
625 366 747 411 εἶναι.

432 436 560 493 ἐσβὰς
598 436 641 487 ἐς
684 436 908 490 Σιδωνίην
939 434 1041 483 νέα,

828 230 1289 296 nnnono'r'i

810 366 869 418 ὥς
899 367 943 410 δὲ
971 363 1238 419 ἐπεθύμησε,
1269 362 1338 406 καὶ
1372 360 1508 404 ἐποίεε
1537 362 1689 404 ταῦτα.

1091 432 1133 482 ἐς
1162 431 1240 487 τήν
1269 445 1349 481 περ
1383 428 1574 485 ἐσέβαινε
1607 428 1691 471 αἰεὶ

434 505 548 556 ὅκως
587 521 627 547 τι
667 503 810 545 ἐθέλοι
847 505 1020 545 τοιοῦτο
1061 503 1266 554 ποιῆσαι,
1305 496 1473 548 ἀνέδεξε
1503 495 1692 552 σημήϊον

433 573 506 617 καὶ
536 577 648 615 τοῖσι
677 569 846 613 ἄλλοισι
875 568 1139 623 ἀνοίγεσθαι,
1168 565 1415 610 καταλιπών
1446 562 1585 607 αὐτοῦ
1613 561 1691 605 τὸν
1748 578 1825 620 552
1876 558 1877 574 ³

873 637 960 678 ἐπεὶ
1009 635 1053 678 ὁὲ
1091 634 1286 683 ἀπίκετο,

406 648 427 681 3
440 639 568 692 πεζόν
619 637 816 691 στρατόν.

1357 633 1429 675 καὶ
1483 629 1693 687 ἐθεήσατο
1703 637 1745 672 51

435 707 594 762 Ξέρξης
632 706 712 760 τήν
752 702 936 759 ἐκβολὴν
974 707 1054 745 τοῦ
1087 704 1291 758 Πηνειοῦ,
1324 700 1369 743 ἐν
1392 699 1594 754 θωύματι
1623 713 1693 752 με·

433 772 552 830 γάλῳ
594 771 797 826 ἐνέσχετο.

857 769 1039 820 καλέσας
1081 770 1126 812 δὲ
1165 767 1268 819 τούς
1297 767 1589 823 κατηγεμόνας
1619 769 1694 822 τῆς

434 841 569 894 ὁδοῦ,
603 842 738 895 εἴρετο
771 839 806 881 εἰ
834 837 913 880 τόν
942 837 1138 891 ποταμὸν
1169 837 1257 880 ἔστι
1285 836 1622 889 παρατρέψαντα
1653 834 1716 877 {m

433 910 536 966 τέρῃ
580 909 623 959 ἐς
659 905 889 950 θάλασσαν
928 905 1158 960 ἐξαγαγεῖν.

376 1108 446 1147 pro
467 1101 638 1132 veterum
659 1093 798 1129 Gonno
818 1089 950 1126 haberi
969 1101 1035 1126 vo-

377 1154 461 1190 lunt
489 1150 671 1201 Walpole
694 1146 821 1201 (apud
851 1145 1035 1184 Vaudou-

378 1215 486 1246 court
515 1208 540 1246 l.
571 1207 596 1244 l.
625 1219 713 1257 pag.
747 1207 828 1245 300
855 1216 947 1254 seq.‚
968 1202 1035 1238 ubi

378 1266 488 1317 plura
504 1263 550 1301 de
578 1261 650 1299 hac
681 1261 837 1312 regione
867 1259 1036 1296 afferun-

340 1320 343 1324 ”
377 1322 458 1371 tur)
481 1328 518 1358 et
538 1318 721 1356 Hawkius
744 1315 852 1369 (ibid.
882 1330 919 1367 p.
942 1318 1037 1356 312.

377 1376 456 1420 343
478 1375 603 1428 seq.)*;
635 1375 877 1413 dissentiente
908 1374 1038 1409 Pouc—

378 1435 556 1487 quevillio
578 1434 625 1483 (Ι,
647 1435 673 1472 2
695 1445 777 1482 cap.
799 1433 852 1472 76
873 1428 1037 1480 p.406)‚

380 1491 446 1543 qui
467 1491 628 1528 Gonnum
657 1502 702 1525 eo
723 1489 807 1524 loco
829 1487 941 1522 fuisse
961 1492 1040 1522 sta-

379 1548 462 1595 tuit,
482 1560 569 1599 -quo
590 1559 692 1583 nunc
718 1545 790 1581 Oro
809 1543 955 1581 Castron
975 1554 1041 1578 ca·-

379 1604 544 1643 stellum.
602 1604 660 1639 Ibi
690 1602 794 1638 enim
827 1602 887 1637 via
909 1599 1041 1634 arctis-

380 1661 475 1698 sima
504 1660 660 1711 rupibus
698 1659 875 1707 utrinque
905 1656 1040 1702 cincta,

381 1717 520 1768 quibus
561 1717 653 1753 olim
686 1727 755 1750 arx
786 1718 1041 1764 superstructa

380 1773 474 1821 fuit,
515 1774 621 1809 cuius
647 1771 801 1807 moenia
832 1767 956 1806 adhuc
977 1781 1040 1804 su-

379 1835 546 1881 persunt.
587 1830 739 1865 Nomen
761 1827 874 1873 arcis,
896 1832 936 1862 ut
947 1824 1039 1872 dixi,

383 1887 455 1924 Oro
478 1885 629 1922 Castron
649 1886 675 1922 i.
697 1898 730 1924 e.
753 1896 821 1919 arx
841 1889 1038 1928 montana,

382 1941 624 1991 Bergsckloss.
693 1942 820 1991 Atque
867 1940 1040 1975 locorum

382 1998 599 2036 distantiam
618 2010 827 2048 congruere
849 1995 952 2033 idem
974 1996 1040 2032 ob-

382 2062 519 2093 servat.

438 2119 556 2172 ἐσβοῖς
576 2120 613 2169 ἐς
630 2120 832 2170 Σιδωνίην
849 2118 938 2168 νέα]
960 2119 1041 2156 Vo-

384 2179 509 2215 culam
539 2174 580 2217 δ’
600 2184 686 2214 aute
709 2176 747 2223 ἐς
772 2190 820 2212 ex
841 2189 918 2213 uno
940 2177 1042 2213 San—

384 2234 492 2270 crofti
512 2234 607 2271 libro
639 2247 660 2270 a
685 2231 891 2270 Schaesero
920 2233 1041 2267 inser-

384 2297 463 2326 tam
485 2289 663 2340 equidem
679 2301 766 2324 cum
779 2289 930 2339 reliquis
952 2285 1039 2323 edd.

386 2344 522 2382 delevi.
580 2344 643 2381 Ad
676 2339 831 2391 ἀνέδεξε
863 2344 913 2384 cs.
945 2349 1041 2383 nott.

387 2400 435 2438 ad
458 2402 517 2448 VI,
542 2403 630 2440 121.

439 2464 668 2507 καταλιπών
686 2463 810 2506 αὐτοῦ
835 2463 900 2505 τὸν
922 2463 1037 2512 πεζὸν

384 2520 574 2575 στρατὸν]
624 2519 750 2562 αὐτοῦ
776 2522 823 2560 ad
856 2523 1039 2560 Thermum

385 2579 519 2618 refero.
576 2581 668 2616 Mox
684 2576 869 2629 θωύματι
890 2581 1038 2630 reposui

385 2650 453 2689 pro
486 2632 656 2687 θώματι.
734 2636 792 2672 Ad
822 2637 927 2673 verbi
956 2634 1040 2675 ἕνέ-

385 2697 526 2744 χεσθαι
546 2706 655 2729 usum
675 2693 713 2728 iu
734 2693 869 2729 talibus
901 2693 949 2729 cf.
980 2693 1037 2728 al-

385 2751 460 2787 lata
479 2748 527 2786 ad
547 2749 756 2796 1v‚56.—
786 2751 828 2785 Iu
849 2762 953 2801 seqq.
969 2763 1036 2799 pro

384 2801 561 2858 ποταμόν
577 2804 655 2845 ἐστι
675 2803 829 2842 exhibui
857 2803 1036 2854 ποταμόν

384 2861 476 2902 ἔστι.
533 2860 594 2900 Ad
614 2874 749 2901 vocem
767 2858 1038 2914 κατηγεμόνας

1233 902 1322 959 Τὴν
1363 903 1407 946 δὲ
1454 904 1750 958 Θεσσαλίηνὸδ

1092 1087 1192 1126 conf.
1213 1087 1259 1136 V,
1285 1086 1333 1126 14
1355 1089 1482 1139 ibique
1503 1093 1600 1123 nott.
1648 1085 1751 1123 Add.

1092 1144 1287 1181 Schaefer.
1322 1144 1371 1181 ad
1403 1145 1530 1194 Longi
1567 1143 1751 1180 Pastoral.

1091 1214 1178 1252 pag.
1203 1202 1297 1241 387.

1150 1278 1291 1330 εἴρετο]
1332 1277 1458 1327 „Quid
1489 1284 1660 1329 spectans
1690 1278 1753 1314 iu-

1092 1337 1338 1386 terrogaverit
1365 1334 1438 1373 hoc
1467 1336 1637 1382 Xerxes,
1669 1347 1753 1385 cap.

1097 1396 1175 1434 130
1208 1392 1432 1430 declaratur.
1444 1393 1468 1412 ‘⁶
1508 1391 1542 1429 S
1552 1405 1570 1429 c
1580 1392 1602 1428 Ιι
1611 1403 1641 1428 w
1653 1403 1670 1429 e
1681 1393 1754 1440 ig-

1094 1450 1118 1487 h
1129 1463 1152 1487 a
1167 1462 1184 1486 e
1194 1463 1216 1487 u
1226 1464 1258 1487 s.

1279 1539 1372 1589 Cap.
1405 1538 1584 1575 CXXIX.

1159 1614 1242 1668 Τήν
1252 1615 1294 1656 δὲ
1306 1617 1528 1668 Θεσσαλίην
1543 1613 1660 1669 λόγος
1673 1614 1754 1656 ἐστὶ

1095 1671 1140 1714 τό
1152 1671 1320 1714 παλαιὸν
1332 1669 1435 1712 εἶναι
1457 1674 1620 1725 λίμνην]
1642 1672 1753 1718 Quod

1100 1730 1339 1768 Thessaliam
1361 1730 1453 1767 olim
1468 1730 1569 1766 fama
1602 1730 1673 1767 fert
1691 1736 1754 1766 to-

1096 1795 1176 1825 tam
1192 1789 1296 1839 aquis
1318 1788 1507 1824 obtectam
1520 1787 1644 1834 fuisse,
1656 1799 1755 1838 quae

1098 1852 1228 1896 aperta
1256 1846 1355 1880 inter
1376 1844 1584 1894 Olympum
1615 1849 1652 1879 et
1682 1843 1757 1880 Os-

1097 1914 1179 1939 sam
1206 1899 1363 1951 ruptura
1395 1899 1551 1937 demum
1581 1898 1629 1936 ad
1649 1911 1755 1936 maro

1098 1959 1244 1995 exitum
1265 1958 1490 2004 invenerint,
1511 1956 1550 1994 id
1564 1957 1645 2008 ipso
1666 1956 1754 1992 fau—

1098 2016 1202 2052 cium
1259 2015 1333 2051 situ
1391 2020 1547 2065 totaque
1590 2012 1755 2062 regionis

1097 2070 1340 2108 Thessalicae
1360 2069 1488 2107 indole
1501 2069 1651 2120 egregie
1663 2081 1755 2118 pro-

1097 2129 1178 2164 bari
1198 2133 1369 2164 monent.
1439 2125 1525 2163 vid.
1569 2124 1755 2162 Vaudon-

1099 2191 1206 2221 court
1227 2184 1251 2219 l.
1273 2184 1299 2219 l.
1320 2194 1408 2233 pag.
1430 2184 1522 2222 SOO.
1537 2181 1630 2229 346,
1651 2181 1755 2218 uude

1098 2238 1338 2276 Herodotum
1359 2240 1551 2275 verissime
1561 2237 1756 2275 tradidisse

1097 2295 1288 2333 discimus.
1348 2293 1448 2331 Add.
1479 2296 1598 2331 Kruse
1629 2295 1757 2332 Hellas

1096 2354 1113 2388 Ι
1134 2365 1220 2403 pag.
1252 2351 1347 2392 284.
1406 2352 1650 2403 Quamquam
1678 2363 1756 2403 quo

1098 2416 1271 2459 tempore
1324 2420 1445 2458 aquae
1502 2409 1754 2459 perruperint,

1095 2464 1247 2502 dil'licile
1287 2463 1446 2509 dixeris;
1513 2464 1562 2502 ad
1606 2477 1752 2501 annum

1098 2522 1202 2562 1885
1236 2534 1269 2559 a.
1293 2520 1382 2557 Chr.
1415 2521 1641 2573 plerumque
1664 2522 1753 2558 reii-

1096 2580 1221 2624 ciuut3
1245 2577 1292 2614 ad
1312 2591 1455 2614 aunum
1479 2577 1583 2618 1541
1608 2590 1642 2614 a.
1661 2575 1752 2615 Chr.

1097 2649 1135 2672 n.
1177 2634 1305 2671 referri
1339 2635 1420 2672 vult
1449 2635 1602 2670 Dureau
1640 2632 1687 2670 de
1715 2634 1752 2670 la

1094 2692 1208 2728 Malle
1229 2689 1447 2742 Geograph.
1470 2688 1619 2742 physiq.
1642 2689 1689 2727 de
1714 2691 1751 2726 la

1094 2750 1176 2784 Mer
1197 2749 1313 2786 noire.
1329 2760 1411 2798 cap.
1431 2749 1484 2787 29
1508 2760 1588 2798 seq.
1610 2760 1647 2797 p.
1670 2748 1753 2787 207

1094 2818 1200 2857 seqq.
1221 2826 1276 2832 —
1289 2804 1489 2841 Caeterum
1510 2816 1558 2839 ex
1580 2810 1754 2840 accurata

1095 2860 1166 2899 hac
1195 2861 1364 2898 faucium
1384 2859 1635 2913 descriptione
1655 2860 1753 2897 bene
