1897 3340
454 178 1117 224 TERPSICJAORE.
1178 179 1223 215 V.
1415 183 1471 220 85

206 290 346 342 ὦυτός
389 285 762 344 οὖνομαζόμενος,
812 285 895 329 οὐκ
941 284 1083 336 ὦυτός
1124 284 1209 328 ἐών
1253 288 1470 342 ποταμός,

206 356 311 403 οὐδὲ
340 358 386 401 ἐκ
415 359 495 400 τοῦ
526 353 664 398 αὐτοῦ
694 354 829 409 ῥέων·

869 354 893 396 ὁ
924 354 1005 409 μὲν
1034 352 1120 409 γὰρ
1149 353 1364 408 πρότερος
1396 352 1471 397 αὐ-

205 431 294 470 τῶν
323 422 623 478 καταλεχθεὶς,
665 422 707 474 ἐξ
731 420 968 478 Ἀρμενίων
989 421 1099 476 ῥέει·
1140 420 1164 465 ὁ
1197 420 1239 465 δ’
1270 420 1471 475 ὕστερον,
1484 430 1530 463 30

176 495 254 537 8ἐκ
283 496 535 547 Ματιηνῶν.
576 489 599 534 ὁ
630 491 675 534 δὲ
705 488 908 545 τέταρτος
941 494 1031 532 τῶν
1059 493 1269 545 ποταμῶν
1299 489 1471 545 οὕνομα

202 560 285 616 ἔχει
317 557 510 615 Γύνδης,
551 557 630 601 τὸν
660 561 808 612 Κῦρος
838 557 1008 613 διέλαβέ
1039 572 1139 600 κοτε
1181 557 1223 608 ἐς
1252 557 1471 613 διώρυχας

200 625 408 683 ἑξήκοντα
436 627 511 670 καὶ
538 627 799 681 τριηκοσίας.

857 623 926 668 Ἐκ
957 625 1003 668 δὲ
1033 623 1193 682 ταύτης
1222 629 1297 680 τῆς
1323 623 1471 681 Ἀρμε-

199 696 294 750 νίης
315 693 572 750 ἐσβάλλοντι
602 693 646 744 ἐς
671 693 751 749 τὴν
780 693 1014 750 Ματιηνὴν
1033 697 1143 749 γῆν,
1178 694 1368 748 σταθμοί
1390 694 1471 736 εἰσι

171 762 410 818 9τέσσερες.
451 762 498 805 ἐκ
532 761 577 805 δὲ
607 761 767 818 ταύτης
810 762 854 813 ἐς
883 762 963 818 τὴν
993 763 1181 818 Κισσίην
1209 760 1358 817 χώρην
1396 778 1468 815 με·
1482 768 1526 802 35

199 832 476 887 ταβαίνοντι,
519 829 672 873 ἕνδεκα
716 830 926 885 σταθμοὶ,
980 827 1258 884 παρασάγγαι
1298 828 1344 872 δὲ
1386 828 1468 872 δύο

199 898 269 941 καὶ
300 895 616 952 τεσσεράκοντα
645 898 718 941 καὶ
738 897 873 954 ἥμισύ
904 898 992 941 ἐστι
1022 897 1092 941 ἐπὶ
1121 897 1322 952 ποταμὸν
1354 896 1467 938 Χοά-

198 977 334 1021 σπην,
378 965 506 1009 ἐόντα
551 966 624 1009 καὶ
663 969 825 1009 τοῦτον
875 966 1005 1022 νηυσὶ
1045 964 1258 1020 περητόν·
1311 963 1381 1007 ἐπ’
1432 959 1466 1022 ᾧ

145 1042 188 1074 10
200 1036 353 1077 Σοῦσα
383 1033 507 1084 πόλις
535 1032 803 1077 πεπόλισται.

869 1028 1004 1077 Οὗτοι
1027 1035 1071 1077 οἵ
1093 1033 1252 1084 πάντες
1277 1034 1467 1088 σταθμοί

199 1102 282 1144 εἰσι
311 1100 464 1145 ἕνδεκα
493 1101 566 1145 καὶ
606 1101 775 1146 ἑκατόν.
822 1102 1072 1158 καταγωγαὶ
1110 1100 1190 1158 μέν
1220 1117 1304 1144 νυν
1331 1106 1459 1144 σταθ-
1479 1103 1523 1140 40

141 1271 175 1315 δ’
194 1272 379 1329 ὕστερον)
401 1276 604 1313 eMatienis
624 1276 802 1327 profluit3

141 1334 311 1384 sequitur
323 1332 502 1384 deinceps
520 1339 674 1385 quartus
691 1334 803 1385 Gyn-

144 1388 222 1426 des.
294 1391 351 1427 Ita
389 1391 465 1428 loci
504 1402 659 1426 sensum
699 1397 802 1427 recte

143 1446 419 1484 constituerunt
433 1448 600 1496 Breiger.
622 1447 648 1483 l.
666 1446 691 1482 l.
711 1459 800 1497 pag.

142 1504 197 1544 50
217 1515 296 1555 seq.
314 1502 539 1540 etLarcher.
560 1515 580 1538 e
593 1503 700 1539 cuius
711 1516 801 1540 seu-

139 1560 256 1595 tentia
290 1561 481 1597 Heerenio
520 1571 675 1610 quoque
709 1573 800 1610 pro-

138 1614 226 1652 bata
245 1617 275 1663 I,
306 1618 332 1656 2
351 1630 442 1668 pag.
459 1618 541 1657 223
559 1614 621 1653 hic
638 1617 801 1667 intelligi

137 1673 334 1724 probabile
356 1673 398 1711 fit
427 1673 610 1710 Zabatum
638 1675 799 1712 maiorem

139 1728 275 1781 (quem
295 1729 516 1782 Xenophon
549 1737 740 1767 memorat
759 1731 799 1766 iu

138 1787 306 1823 Anabas.
322 1788 370 1834 II,
384 1787 422 1833 5,
446 1790 480 1833 1,
498 1786 563 1823 ubi
571 1785 649 1825 vid.
664 1788 799 1824 Zeune

140 1850 176 1879 et
187 1844 353 1894 Kriiger)
371 1851 407 1880 et
424 1843 608 1880 Zabatum
620 1845 798 1891 minorem,

139 1907 347 1952 utrumque
367 1901 479 1951 Tigri
498 1913 538 1937 se
557 1901 798 1937 miscentem.

140 1957 256 1993 Illum
292 1970 396 1994 nunc
442 1957 570 1994 vocari
613 1964 799 1994 testantur

140 2014 233 2062 Zab,
249 2012 366 2063 hunc,
396 2014 562 2052 Turcica
578 2014 711 2064 lingua
734 2014 798 2051 Al-

139 2074 235 2108 tun-
252 2069 329 2108 Sou
378 2071 405 2108 i.
435 2085 469 2107 e.
501 2072 584 2107 auri
596 2107 603 2109 ,
622 2071 797 2108 fiuvium.

139 2129 195 2164 De
219 2127 348 2178 Gynde
367 2126 447 2165 vid.
468 2134 564 2164 nott.
585 2126 633 2164 ad
653 2129 683 2175 Ι,
704 2130 797 2169 189.

139 2206 194 2211 -—
222 2186 298 2221 Pro
319 2179 473 2224 αὐτέων
489 2183 577 2221 dedi
598 2180 742 2224 αὐτῶν.

195 2284 234 2334 ἐξ
259 2281 472 2337 Ἀρμενίων
498 2284 607 2339 ῥέει]
647 2285 799 2323 Eodem

138 2342 254 2380 modo
280 2345 416 2380 Noster
428 2343 578 2380 locutus
594 2350 648 2380 est
662 2344 691 2391 I,
705 2345 797 2392 180,

138 2398 204 2436 sed
214 2401 309 2445 I,72
319 2399 367 2436 de
377 2400 519 2452 Halye:
551 2397 632 2451 ῥέει
652 2399 691 2447 ἐξ
711 2394 799 2450 Ἀρ-

139 2456 277 2506 μενίου
289 2454 451 2509 οὕρεοςς
472 2457 607 2508 quibus
616 2457 707 2493 locis
718 2469 797 2492 non

137 2518 216 2549 tam
233 2512 280 2550 de
302 2515 460 2564 regione
472 2514 667 2561 Armenia,
678 2526 797 2565 quam

140 2567 186 2604 de
204 2571 397 2607 montibus
417 2571 609 2607 Armeniis
630 2572 692 2620 agi
711 2583 797 2607 cre-

140 2622 228 2661 dam
241 2655 250 2673 ‚
289 2628 362 2664 nisi
392 2627 550 2664 omnino
579 2628 702 2677 gentis
732 2625 794 2663 hic

140 2692 280 2718 nomen
291 2684 451 2734 intelligi
470 2682 617 2731 debeat,
644 2690 687 2720 ut
701 2696 795 2720 mox

140 2738 179 2772 iu
208 2739 329 2776 verbis
349 2738 392 2779 ἐκ
421 2742 647 2790 Ματιηνῶν
669 2740 746 2789 (cf.
764 2742 794 2787 1,

145 2795 235 2834 189.
256 2793 366 2846 202),
383 2809 503 2848 aeque
524 2810 568 2834 ac
587 2797 633 2845 V,
646 2796 713 2845 49,
729 2797 795 2833 ubi

863 1275 904 1317 οἷ
921 1272 1133 1328 Ἀρμένιοι.
1192 1277 1259 1314 Tu
1294 1275 1397 1311 conf.
1427 1283 1523 1312 nott.

860 1332 910 1370 ad
924 1336 953 1382 Ι,
972 1337 1041 1375 72.
1061 1355 1117 1360 ——
1176 1331 1238 1369 Ad
1259 1333 1420 1370 verbum
1449 1330 1524 1370 διέ-

859 1391 955 1440 λαβε
977 1391 1188 1441 (dissecuit,
1223 1389 1389 1437 diduxit)
1421 1388 1522 1425 conf.

858 1448 888 1494 Ι,
914 1450 1005 1488 190.
1033 1449 1116 1488 202
1147 1453 1183 1483 et
1214 1445 1262 1483 ad
1289 1446 1523 1482 locutionem

857 1498 974 1549 πόλις
1018 1497 1255 1542 πεπόλισται
1303 1503 1416 1539 citata
1475 1501 1522 1539 ad

858 1560 904 1607 v,
930 1558 992 1599 14.

917 1655 1043 1700 Οὗτοι
1055 1657 1248 1708 οἱπᾶντες
1259 1659 1434 1710 σταθμοί
1447 1659 1522 1699 εἶσι

858 1716 999 1757 ἕνδεκα
1020 1716 1087 1756 καὶ
1111 1715 1269 1765 ἑκατόν]
1291 1718 1429 1765 „Ratio
1441 1730 1520 1753 non

857 1781 1016 1812 constat.
1075 1773 1283 1811 Mansimaes
1305 1775 1383 1811 sive
1401 1778 1520 1812 σταθ-

856 1830 925 1883 μοὶ
954 1833 994 1867 in
1026 1830 1344 1881 praecedentibus
1380 1829 1520 1867 dunta-

857 1895 925 1925 xat
966 1888 1149 1924 LXXXI.
1209 1889 1346 1939 Neque
1373 1899 1520 1924 conve-

854 1946 911 1981 nit
925 1957 1224 1995 parasangarmn
1244 1956 1418 1981 summa:
1449 1957 1519 1980 nu-

855 2008 1053 2038 merantur
1104 2008 1256 2038 tantmn
1317 2001 1518 2037 CCCXIII.

856 2059 953 2105 Quia
973 2065 1103 2095 tamen
1108 2059 1333 2108 parasangis
1344 2058 1440 2108 quad
1445 2060 1517 2095 rin—

855 2117 975 2165 gentis
996 2122 1033 2152 et
1050 2117 1318 2165 quinquaginta
1331 2143 1341 2162 ,
1367 2121 1460 2166 quot
1480 2128 1519 2151 se

856 2173 1024 2223 posuisse
1036 2172 1235 2221 significat,
1258 2178 1432 2208 accurate
1441 2177 1518 2208 sta—

857 2228 1010 2266 diorum
1022 2229 1194 2266 collectio
1212 2230 1401 2279 congruit,
1419 2228 1518 2264 bene

856 2286 911 2322 illi
942 2284 1097 2322 habeut.
1155 2286 1255 2322 Vitia
1282 2286 1321 2320 in
1347 2286 1517 2322 mansio—

855 2356 951 2379 num
965 2350 1001 2379 et
1015 2336 1316 2393 parasangarum
1335 2343 1517 2390 numeris,

855 2401 931 2437 suis
962 2400 1055 2436 olim
1091 2399 1184 2436 locis
1219 2400 1316 2436 iuste
1349 2399 1517 2449 signatis,

854 2456 999 2493 inflicta
1027 2455 1204 2503 haerent,
1244 2457 1404 2491 aliorum
1435 2456 1515 2492 for-

854 2520 951 2550 tasse
959 2520 1165 2550 msstorum
1178 2513 1319 2549 auxilio
1330 2511 1493 2549 eluenda
1504 2525 1528 2559 ς,

853 2571 972 2607 nostri
993 2571 1097 2606 enim
1117 2570 1157 2606 in
1179 2568 1317 2606 eodem
1345 2576 1432 2606 sunt
1453 2569 1514 2604 lu—

853 2628 941 2664 to.“
997 2626 1070 2663 We
1082 2626 1294 2674 sseling.
1362 2627 1407 2661 In
1437 2637 1513 2676 quo

852 2683 923 2722 viri
935 2682 1143 2720 doctissimi
1163 2681 1304 2719 iudicio
1315 2681 1419 2718 haud
1435 2682 1512 2716 scio

854 2753 902 2777 au
923 2742 968 2777 sit
989 2738 1326 2791 acquiescendum,
1340 2750 1512 2788 praeser-

855 2798 922 2834 tim
938 2810 1073 2849 quum,
1093 2797 1192 2833 bene
1206 2801 1390 2832 monente
1410 2794 1513 2829 Hee-
