1897 3340
406 159 491 200 718

828 158 1285 197 HERODOTI

408 265 471 312 ἐπ’
513 266 696 311 αὐτοῖσι.
755 267 961 324 ἐδέδμητο
1003 267 1048 311 δὲ
1080 271 1217 324 τεῖχος
1254 266 1365 311 κατὰ
1397 266 1557 320 ταύτας
1583 268 1660 321 τὰς

384 333 614 389 6ἐσβολάς·
643 335 716 378 καὶ
743 335 794 378 τό
818 351 866 391 γε
898 335 1086 380 παλαιόν
1116 333 1250 379 πύλαι
1280 335 1455 390 ἐπῆσαν.
1486 335 1714 392 ἔδειμαν35

409 401 455 445 δὲ
489 401 658 452 Φωκέες
686 401 735 444 τὸ
768 408 918 457 τεῖχος,
951 406 1183 455 δείσαντες,
1214 402 1302 445 ἐπεὶ
1343 403 1552 446 Θεσσαλοὶ
1580 398 1657 458 ἦλ-

406 474 494 512 θον
524 468 569 512 ἐκ
602 472 875 523 Θεσπρωτῶν
896 470 1143 526 οἰκήσοντες
1163 474 1244 525 γῆν
1272 469 1351 525 τὴν
1368 471 1560 522 Αἰολίδα,
1582 470 1661 526 τήν

380 543 402 576 7
413 553 492 592 περ
531 540 615 579 νῦν
655 535 857 578 ἐκτέαται.
896 535 966 579 ἅτε
997 536 1050 593 δὴ
1079 537 1359 592 πειρωμένων
1385 541 1473 579 τῶν
1505 541 1662 580 Θεσσα-

407 607 497 646 λῶν
533 603 907 658 καταστρέφεσθαί
947 615 1105 657 σφεας,
1135 608 1265 648 τοῦτο
1302 604 1662 658 προεφυλάξαντο

407 672 451 712 οἱ
482 669 669 719 Φωκέες·
699 670 772 712 καὶ
802 669 850 711 τὸ
877 667 996 722 ὕδωρ
1026 669 1074 711 τὸ
1108 673 1274 726 θερμὸν
1293 674 1386 716 τότε
1408 672 1570 726 ἐπῆκαν
1594 670 1662 714 ἐπὶ

405 737 483 792 τὴν
513 737 682 787 ἔσοδον,
712 734 770 786 ὥς
800 735 855 778 ἂν
882 737 1184 792 χαραδρωθείη
1215 735 1239 780 ὁ
1269 741 1429 792 χῶρος·
1470 742 1560 781 πᾶν
1587 742 1720 794 μη-40

405 802 669 859 χανεεόμενοι
698 801 811 854 ὅκως
839 801 896 858 μή
927 814 1007 858 σφι
1036 801 1260 858 ἐσβάλοιεν
1289 805 1332 846 οἱ
1355 806 1562 848 Θεσσαλοὶ
1593 805 1664 849 ἐπὶ

378 878 399 911 8
415 869 494 926 τὴν
523 869 682 926 χώρην.

745 871 802 913 To
833 871 913 924 μέν
941 886 1026 912 νυν
1054 874 1191 926 τεῖχος
1219 868 1269 912 τὸ
1300 866 1485 925 ἀρχαῖον
1515 873 1562 915 ἐκ
1583 888 1665 916 πα-

406 941 536 980 λαιοῦ
581 952 627 980 τε
664 937 892 993 ἐδέδμητο,
928 937 1000 979 καὶ
1030 935 1079 980 τὸ
1117 936 1251 979 πλέον
1288 934 1425 980 αὐτοῦ
1464 937 1548 992 ἤδη
1576 937 1663 982 ὑπὸ

376 1003 572 1060 9χρόνου
602 1004 751 1055 ἔκειτο,
780 1009 893 1047 τοῖσι
924 1004 984 1055 δὲ,
1019 998 1142 1054 αὖτις
1161 1002 1399 1057 ὀρθώσασι,
1430 1003 1547 1055 ἔδοξε
1559 1003 1687 1047 vavi-⁷

404 1087 457 1127 τῃ
488 1069 732 1127 ἀπαμύνειν
761 1069 846 1115 ἀπὸ
876 1074 951 1128 τῆς
976 1069 1180 1123 Ἑλλάδος
1207 1070 1286 1114 τὸν
1312 1070 1554 1127 βάρβαρον.
1583 1070 1722 1129 κου’-,45

351 1245 622 1283 Schneidewin
629 1273 636 1282 .
655 1243 702 1282 ad
712 1245 817 1296 Ibyci
825 1245 1008 1295 fragmm.

351 1317 391 1354 p.
416 1306 507 1344 181.
564 1301 736 1349 Accedit,
759 1300 864 1353 quod
885 1302 1009 1338 omnis

351 1358 446 1396 haec
474 1359 580 1410 regio
610 1358 782 1395 Herculis
825 1358 1009 1408 religione

354 1423 573 1453 consecrata
608 1414 778 1462 videtur,
817 1415 916 1450 bene
937 1414 1010 1450 ob-

326 1516 329 1520 ·
351 1479 525 1509 servante
555 1472 598 1510 C.
629 1472 674 1510 Ο.
708 1471 858 1511 Miiller.
879 1471 972 1507 Dor.
991 1471 1010 1506 1

351 1543 390 1579 p.
412 1528 494 1569 427
515 1541 594 1580 seq.
615 1529 645 1565 si
659 1527 815 1579 quidem
835 1527 889 1563 ibi
918 1527 1011 1562 fun-

353 1584 424 1622 dus
457 1586 563 1636 quasi
590 1585 741 1620 fabulae
764 1582 811 1620 de
830 1583 1009 1631 Hercule,

353 1642 420 1693 qui
448 1654 497 1677 ex
524 1639 581 1678 his
601 1641 817 1687 montibus,
839 1652 917 1676 non
939 1640 1012 1675 ali—

351 1704 409 1734 ter
447 1704 561 1748 atque
594 1703 725 1747 postea
773 1695 1009 1744 Heraclidae,

351 1766 569 1805 progressus
589 1766 710 1805 eoque
727 1752 841 1789 etiam
860 1765 1010 1803 regres-

352 1823 414 1848 sus
436 1810 539 1847 diem
560 1811 693 1847 obiisse
712 1809 844 1846 fertur.

409 1865 597 1917 ἕδέδμητο
646 1863 689 1905 δὲ
735 1869 861 1916 τεῖχος
908 1861 1008 1904 κατὰ

353 1919 498 1969 ταύτας
539 1919 610 1969 τὰς
655 1919 840 1972 ἐσβολὰς]
883 1922 928 1957 In
949 1919 1007 1958 his

352 1979 524 2017 faucibus
538 1974 899 2030 φρούριαζεαεΐείία)
913 1976 1007 2014 olim

352 2035 466 2073 fuisse
496 2036 633 2072 Strabo
661 2047 814 2086 quoque
852 2040 1008 2071 testatur

350 2092 375 2130 l.
415 2093 441 2129 l.
490 2092 718 2141 Intelligitur
755 2097 884 2127 autem
914 2103 1007 2140 pro-

350 2149 411 2184 cul
434 2147 549 2184 dubio
570 2149 633 2184 ille
667 2148 786 2194 locus,
816 2147 882 2183 ubi
902 2159 1005 2183 nunc

350 2204 570 2241 Tui-corum
592 2205 790 2254 portitores
804 2231 814 2248 ‚
845 2203 1008 2251 vectigal

351 2272 373 2295 a
392 2261 670 2296 transeuntibus
693 2259 900 2307 exigentes,
925 2258 1008 2293 col-

353 2315 467 2352 locati
493 2322 580 2352 sunt
612 2315 795 2364 exiguum
829 2312 877 2349 ad
907 2326 1007 2363 pon-

354 2378 434 2409 tem
449 2402 458 2420 ,
490 2385 568 2408 non
600 2372 716 2421 louge
737 2371 782 2406 ab
804 2370 874 2406 illis
890 2370 1007 2406 fonti-

354 2429 424 2465 bus
464 2426 606 2464 calidis.
684 2427 785 2472 Quiu
836 2433 1008 2463 veterum

356 2491 708 2529 monumentorum,
731 2482 778 2520 de
800 2483 936 2534 quibus
957 2483 1006 2522 cf.

356 2542 520 2592 Appian.
548 2541 633 2592 Syr.
666 2542 735 2580 97.
768 2541 928 2590 Procop.
950 2541 1008 2576 De

356 2597 525 2636 aedifico.
539 2598 603 2646 IV,
618 2599 681 2644 12,
704 2597 879 2647 reliquias
892 2609 1007 2648 quas-

357 2652 446 2690 dam
466 2653 590 2691 adhuc
611 2654 712 2690 cerni
724 2654 857 2690 volunt
869 2660 905 2689 et
925 2654 1005 2703 ipso

354 2711 393 2746 iu
403 2712 499 2758 loco,
521 2711 586 2763 qui
597 2710 764 2746 maxime
774 2710 950 2759 ¹omnium
961 2710 1007 2746 sit

354 2773 534 2818 angustus
571 2779 614 2804 ac
654 2767 906 2818 periculosus,
940 2766 1007 2803 ubi

1063 1244 1178 1296 pauci
1196 1244 1337 1281 multos
1358 1242 1561 1295 prohibere
1577 1243 1723 1294 possint

1065 1300 1341 1352 aggredientes.
1400 1301 1509 1338 Conf.
1547 1302 1668 1337 Kruse
1695 1301 1722 1338 l.

1063 1359 1089 1397 l.
1111 1371 1149 1408 p.
1175 1360 1253 1398 130
1271 1364 1308 1394 et
1332 1358 1370 1393 in
1387 1358 1518 1407 primis
1537 1356 1724 1394 Vaudon-

1066 1421 1186 1451 court.
1206 1414 1233 1450 l.
1255 1414 1280 1452 l.
1302 1427 1341 1464 p.
1365 1415 1442 1454 281
1466 1426 1573 1465 seqq.
1612 1412 1723 1450 Idem

1065 1477 1222 1508 testatur
1240 1469 1428 1510 Dodwell,
1449 1470 1475 1507 l.
1496 1470 1520 1509 l.
1542 1482 1628 1520 pag.
1643 1470 1723 1510 139

1065 1541 1105 1564 se
1135 1539 1214 1563 non
1243 1528 1359 1576 longe
1384 1538 1405 1562 a
1440 1526 1606 1563 fontibus
1628 1526 1723 1563 cali-

1067 1583 1123 1621 dis
1143 1584 1342 1619 moenium
1367 1595 1410 1619 ac
1429 1584 1538 1619 turris
1559 1595 1722 1633 conspe——

1067 1641 1165 1677 xisse
1187 1638 1554 1690 quaedamvestigia,
1575 1651 1646 1675 nec
1661 1645 1723 1675 ta-

1065 1710 1155 1733 men
1174 1697 1237 1733 illa
1258 1694 1416 1747 quidem
1435 1694 1545 1732 valde
1560 1701 1722 1732 vetusta.

1064 1773 1122 1780 —
1152 1754 1210 1789 De
1253 1752 1453 1801 Thesprotis
1486 1751 1587 1788 conf.
1624 1752 1722 1790 nott'.

1064 1808 1113 1846 ad
1145 1810 1190 1857 V,
1211 1811 1265 1849 92
1287 1810 1376 1854 §.7.
1434 1809 1492 1844 De
1522 1806 1722 1855 Thessalia,

1065 1878 1164 1918 quae
1194 1866 1287 1902 olim
1318 1864 1433 1902 Aeolis
1460 1864 1532 1901 fuit
1552 1863 1653 1901 dicta
1673 1863 1721 1900 ab

1063 1923 1199 1969 Aeolo,
1219 1921 1460 1958 Deucalionis
1476 1927 1630 1972 nepote,
1653 1920 1721 1972 qui

1065 1980 1157 2016 olim
1190 1977 1289 2014 hanc
1319 1978 1517 2027 regionem
1557 1977 1721 2013 tenuisse

1063 2036 1193 2083 fertur,
1237 2034 1339 2071 conf.
1370 2032 1527 2071 Diodor.
1557 2033 1620 2079 1V,
1651 2034 1719 2072 67.

1065 2092 1189 2130 strab.
1220 2091 1308 2127 VIII
1338 2101 1426 2140 pag.
1457 2090 1538 2130 537
1566 2101 1597 2125 s-
1628 2099 1718 2139 pag.

1120 2201 1173 2248 ὥς
1202 2197 1254 2240 ἂν
1282 2198 1566 2252 χαραδρωθείη
1588 2196 1610 2238 ὁ
1637 2200 1718 2249 χαῖ-

1064 2258 1158 2307 ρος]
1190 2258 1214 2296 i.
1238 2271 1270 2294 e.
1301 2270 1365 2307 quo
1391 2258 1626 2305 voraginosus
1641 2255 1719 2305 fie-

1063 2318 1115 2351 ret
1149 2315 1264 2362 locus,
1307 2315 1493 2362 voragines
1523 2324 1550 2349 s,
1562 2312 1718 2362 fissuras

1065 2372 1247 2421 acciperet.
1290 2369 1376 2407 Vid.
1398 2371 1445 2416 ΙΙ,
1467 2368 1521 2409 25
1541 2368 1606 2406 fin.
1629 2367 1719 2405 coll.

1063 2428 1132 2475 IX,
1158 2429 1249 2467 102.
1293 2427 1350 2463 De
1368 2439 1439 2463 usu
1459 2425 1614 2475 optativi
1634 2430 1719 2475 post

1066 2482 1118 2529 ὥς
1142 2479 1193 2522 ἂν
1214 2484 1313 2519 conf.
1338 2480 1472 2520 Matth.
1503 2481 1570 2517 Gr.
1597 2481 1661 2518 Gr.
1678 2481 1719 2525 §.

1065 2540 1147 2580 520
1179 2546 1258 2576 not.
1289 2543 1315 2580 2
1342 2553 1381 2590 p·
1416 2540 1534 2578 1003·
1563 2559 1612 2564 —
1670 2537 1717 2573 Iu

1064 2609 1169 2647 seqq.
1194 2595 1314 2634 ἔκειτο
1336 2594 1500 2645 accipio:
1531 2594 1644 2630 iacuit
1661 2592 1717 2630 di.

1063 2656 1158 2700 ruta,
1181 2650 1507 2704 quemadmodum
1531 2649 1620 2685 alibi
1635 2651 1718 2688 κεῖ-

1065 2713 1164 2748 σθαι
1185 2708 1231 2745 de
1250 2709 1420 2755 mortuis,
1444 2707 1509 2759 qui
1528 2706 1597 2742 sub
1618 2703 1716 2742 terrz'i

1062 2765 1199 2814 iacent,
1220 2766 1250 2813 1,
1271 2764 1338 2806 65.
1361 2765 1425 2813 IV,
1445 2765 1509 2803 11.
1532 2763 1600 2811 IX,
1626 2759 1716 2802 105·
