1897 3340
501 142 1136 186 POLYMNIA.·vl1.
1357 147 1440 186 495

153 262 379 302 Ξκατεῖναι
421 256 464 308 ἐς
492 255 542 300 τό
581 255 765 308 πέλαγος
793 250 958 294 πεδέων
989 253 1147 305 ζεῦγος.
1204 247 1287 304 ἤδη
1317 249 1362 291 δὲ
1392 250 1439 303 ἥ-

139 360 145 366 .
179 337 320 368 κουσα
364 324 422 376 ὦς
450 324 521 368 καὶ
554 321 720 375 στιγέας
756 319 847 373 ἅμα
875 317 1072 361 τούτοισι
1103 315 1324 371 ἀπέπεμψε
1355 318 1438 358 στί-

180 395 331 445 ξοντας
372 393 450 434 τὸν
481 388 806 443 Ἑλλήσποντον.
865 386 1102 429 ἐνετέλλετο
1135 384 1187 439 δὴ
1220 379 1282 427 ὦν
1314 385 1439 438 ῥαπί-

149 464 341 513 3ζοντας,
373 458 510 512 λέγειν
539 454 743 512 βάρβαρά
777 471 821 498 τε
863 454 937 496 καὶ
976 453 1227 497 ἀτάσθαλα·
1270 446 1346 503 ,Ϊῼ
1376 457 1495 494 ττι-95

179 527 313 582 ,,κρὸν
358 525 501 577 ὕδωρ,
552 522 762 577 δεσπότης
790 538 866 570 ’,τοι
907 523 1033 576 δίκην
1076 521 1262 564 ἐπιτιθεῖ
1297 518 1439 576 τήνδε,

150 594 274 648 4,,ὅτι
303 609 377 649 μιν
406 591 623 647 ἠδίκησας,
655 589 787 634 οὐδὲν

833 590 942 643 πρὸς
972 590 1140 633 ἐκείνου
1171 586 1328 631 ἄδικον
1357 603 1440 630 πα-

181 661 304 714 ,,θόν.
361 659 434 702 καὶ
470 656 673 713 βασιλεὺς
702 658 782 713 μὲν
815 658 975 712 Ξέρξης
1006 655 1258 712 διαβήσεταί
1288 668 1355 707 σε,
1386 654 1441 711 ἤν

180 744 249 781 ,,τε
278 726 333 770 σύ
362 742 409 782 γε
439 725 605 782 βούλῃ,
636 725 692 782 ἤν
720 741 763 768 τε
793 724 863 781 μή.
894 725 964 767 σοὶ
995 724 1040 767 δὲ
1068 723 1179 767 κατά
1212 726 1337 780 δίκην
1354 722 1440 778 ἄρα

181 794 351 848 ,,ου’δεὶς
395 791 647 849 ἀνθρώπων
692 791 816 844 θύει,
870 790 928 843 ὠς
958 791 1072 835 ἐόντι
1103 793 1268 850 δολερῷ
1294 809 1338 835 τε
1367 792 1440 835 καὶ

122 988 170 1026 de
198 990 401 1026 Persarum
430 1001 520 1038 rege
548 1001 616 1025 seu
658 989 783 1039 potius

122 1041 310 1098 δεσπότῃ,
331 1045 517 1082 iudicium
547 1058 626 1081 esse
654 1046 784 1081 seren-

122 1101 228 1150 dum,
250 1102 316 1154 qui
331 1101 448 1139 modo
460 1100 711 1139 Ormuzdium
731 1104 784 1138 ri-

121 1166 160 1196 te
191 1172 235 1195 ac
265 1160 326 1209 pie
357 1157 570 1196 secundum
590 1159 784 1195 Zoroastri

121 1223 324 1267 praecepta
361 1216 523 1262 coleret,
562 1216 709 1251 nemini
745 1229 785 1252 se

121 1273 336 1310 subiectum
371 1278 521 1323 putaret
558 1285 630 1309 nec
672 1271 785 1323 quid-

122 1342 240 1381 quam
261 1329 330 1366 sibi
358 1328 595 1376 timendum3
627 1330 692 1380 qui
711 1329 785 1378 igi-

121 1392 184 1422 tur
213 1386 526 1436 Hellespontum,
572 1398 690 1437 quem
715 1398 783 1436 pro

121 1441 238 1479 fluvio
280 1441 477 1489 habuerit,
520 1443 633 1479 simili
665 1441 782 1478 modo

121 1499 252 1535 ulcisci
285 1497 472 1546 studeret,
504 1511 581 1550 quo
598 1499 689 1535 olim
708 1499 785 1549 Cy—

122 1568 185 1592 lus
207 1554 387 1607 Gyndem
402 1555 613 1593 fluviumin
635 1562 786 1591 trecen-

121 1618 180 1649 tos
207 1613 405 1662 sexaginta
453 1613 553 1649 rivos
587 1610 786 1648 diductum

123 1668 173 1718 (1,
204 1670 319 1718 202).
376 1668 494 1705 Aliud
527 1681 785 1719 programma,

124 1724 230 1777 quod
258 1727 298 1761 in
335 1724 465 1762 schola
515 1724 787 1762 Rothscildana

125 1794 227 1818 anno
252 1783 358 1822 1826
379 1783 448 1819 sub
468 1779 542 1818 hoc
563 1782 673 1818 titulo
694 1794 786 1832 pro-

126 1837 237 1875 diisse
257 1837 418 1875 dicitur:
450 1839 519 1885 „In
542 1837 784 1889 disceptatio-

125 1907 218 1931 nem
228 1901 426 1941 vocantur,
444 1907 541 1946 quae
555 1893 602 1931 de
616 1896 670 1931 ira
682 1897 784 1931 Xer-

124 1952 184 1988 xis
205 1950 358 1988 disiecto
373 1952 412 1988 vi
436 1953 667 2002 tempestatis
688 1964 788 2002 pon-

125 2014 185 2054 te,
215 2020 292 2059 quo
330 2008 621 2059 Hellespontum
648 2009 789 2044 iunxe-

126 2070 196 2112 rat,
218 2065 264 2101 ab
286 2063 482 2101 Herodoto
504 2071 592 2102 sunt
611 2064 788 2116 prodita“

129 2119 177 2157 ad
198 2115 261 2157 me
280 2119 384 2158 haud
405 2123 589 2172 pervenit.

187 2176 242 2223 ὥς
269 2176 337 2216 καὶ
363 2177 515 2230 στιγέας
527 2178 789 2226 -στίξοντας

128 2230 196 2272 τὸν
219 2230 540 2283 Ἑλλήσποντον]
570 2235 789 2285 Attigerunt

129 2288 225 2326 haec
254 2291 441 2327 luvenalis
471 2291 551 2328 Sat.
577 2287 628 2340 X,
653 2293 732 2332 182
752 2298 789 2328 et

129 2343 323 2382 Plutarch.
346 2347 383 2382 II
405 2360 443 2396 p.
462 2346 544 2387 455
567 2349 614 2386 D.
637 2346 790 2399 στιγέας

132 2403 265 2453 optimi
295 2403 437 2454 quique
458 2402 550 2439 dant
579 2403 690 2440 codd.
720 2417 788 2454 pro

132 2459 225 2495 olim
244 2459 349 2508 vulg.
370 2457 590 2510 μαστιγέας,
611 2459 714 2511 quod
728 2462 804 2510 ip->

132 2528 218 2551 sum
245 2527 356 2552 verae
384 2516 553 2553 lectionis
582 2523 637 2552 est
670 2517 791 2553 iuter-

134 2577 427 2620 pretameutum.
485 2573 660 2623 Namque
681 2570 792 2612 ὁστι-

136 2623 227 2677 γεῦς
264 2626 359 2664 illud
398 2635 452 2665 est
484 2628 791 2676 instrumentum,

139 2694 215 2732 quo
235 2684 409 2733 stigmata
428 2686 632 2721 inuruntur
649 2698 678 2721 s.
691 2697 794 2735 pun-

138 2744 290 2787 guntur,
311 2736 353 2779 τὸ
382 2736 613 2792 κεντήριον,
653 2747 694 2778 ut
724 2754 794 2777 ex-

839 988 947 1039 ponit
969 986 1105 1025 Suidas
1137 988 1186 1026 T.
1218 988 1272 1024 III
1293 999 1380 1038 pag.
1404 988 1495 1026 376.

839 1044 1043 1083 Istiusmodi
1059 1046 1174 1093 igitur
1197 1046 1430 1082 instrumenta
1441 1041 1499 1078 de-

839 1103 934 1138 misit
954 1101 1104 1147 Xerxes,
1136 1102 1260 1151 quibus
1284 1113 1377 1137 mare
1398 1100 1503 1149 quasi

835 1161 1064 1208 pungeretur.
1076 1159 1208 1209 Itaque
1221 1155 1324 1194 haud
1336 1169 1430 1207 opus
1443 1157 1502 1193 vi-

842 1213 963 1262 detur,
985 1227 1074 1251 cum
1085 1213 1449 1264 Schweighaeusero
1462 1213 1502 1248 in

840 1273 935 1308 Lex.
956 1270 1100 1308 Herod.
1124 1269 1275 1322 στιγέας
1304 1269 1367 1307 hic
1388 1269 1502 1306 intel-

840 1328 958 1378 ligere
978 1327 1139 1376 homz'nes,
1161 1329 1226 1380 qui
1236 1328 1332 1365 mari
1343 1328 1503 1377 stigma-

840 1391 878 1421 ta
898 1385 1104 1421 inurerent.

899 1434 933 1480 ai
959 1438 1106 1492 πικρόν
1127 1436 1235 1489 ὕδωρ
1248 1455 1285 1478 κ.
1304 1455 1337 1478 τ,
1355 1440 1407 1487 L]
1439 1437 1502 1475 Ad

842 1495 936 1534 haec
981 1497 1143 1534 conferri
1170 1497 1305 1533 volunt
1335 1498 1503 1532 Hermo-

842 1567 983 1607 genem
1016 1566 1105 1604 pag.
1133 1553 1229 1594 403.
1283 1554 1374 1589 Post
1391 1549 1501 1603 ὕδωρ

844 1609 931 1647 edd.
963 1617 1055 1647 vett.
1100 1623 1187 1647 cum
1227 1608 1378 1647 scholiis
1404 1611 1503 1645 Her-

844 1680 975 1717 mogg.
996 1665 1143 1704 addunt
1162 1665 1229 1705 καὶ
1241 1663 1434 1718 ἁλμυρόν.
1447 1687 1503 1692 —-

841 1723 904 1761 Ad
924 1725 1089 1760 formam
1109 1723 1283 1763 ἐπιτιθεῖ
1299 1723 1348 1760 cf.
1366 1721 1502 1759 Matth-

841 1781 909 1820 Gr.
931 1781 996 1817 Gr.
1012 1793 1101 1831 pag.
1118 1780 1212 1820 394.

899 1835 954 1883 ὥς
977 1833 1082 1875 ε’όντι
1105 1837 1253 1887 δολερῷ
1274 1849 1314 1874 τε
1335 1832 1400 1873 καὶ
1432 1832 1504 1872 ἅλ-

842 1895 954 1947 μυρῷ
972 1893 1160 1946 ποταμῷ]
1192 1891 1358 1929 Dolosum
1373 1904 1416 1927 ac
1429 1891 1504 1927 sal-

843 1963 919 1987 sum
948 1949 1109 1987 fiuvium
1137 1950 1285 1986 Xerxes
1314 1961 1382 1999 per
1409 1961 1504 1984 con--

842 2013 1007 2044 temtum
1045 2013 1157 2044 vocat
1189 2006 1505 2056 Hellespontumt,

845 2060 1009 2113 δολερόν
1031 2063 1198 2109 dolosum,
1213 2061 1318 2114 quod
1336 2063 1506 2113 primum

843 2120 907 2156 ille
919 2126 1051 2170 pontes
1063 2120 1171 2169 iungi
1182 2120 1279 2166 sivit,
1294 2132 1389 2156 mox
1399 2131 1503 2165 vero,

842 2189 960 2227 prava
995 2175 1196 2213 calliditate
1221 2189 1322 2223 usus,
1345 2188 1408 2212 eos
1429 2175 1508 2211 dis-

843 2234 944 2270 iecit.
987 2234 1110 2278 Quare
1132 2234 1199 2269 vix
1214 2246 1321 2283 opus,
1341 2245 1406 2268 me
1422 2232 1507 2283 qui-

845 2290 935 2327 dem
954 2289 1097 2334 iudice,
1117 2303 1207 2326 cum
1227 2288 1435 2327 Marcland.
1459 2287 1507 2324 ad

845 2348 979 2397 Eurip.
1001 2347 1136 2397 Suppl.
1168 2350 1250 2388 222
1271 2354 1307 2383 et
1329 2344 1504 2385 Boeckh.

844 2404 996 2440 Platon.
1029 2404 1123 2444 Min.
1159 2416 1248 2453 pag.
1284 2405 1361 2443 173
1393 2403 1507 2454 (quos

846 2461 1015 2512 sequitur
1034 2458 1255 2511 Bekkerus)
1274 2472 1342 2510 pro
1357 2459 1508 2511 δολερῷ
1536 2496 1540 2499 .

847 2517 1049 2553 rescribere
1078 2518 1249 2569 θολερῷ,
1283 2522 1325 2554 ut
1344 2515 1507 2552 turbidus

847 2573 1079 2623 intelligatur
1107 2573 1265 2620 fluvius,
1314 2571 1419 2624 quod
1440 2584 1507 2607 cur

848 2630 969 2679 magis
987 2630 1188 2667 conveniat
1201 2631 1258 2683 τῷ
1277 2627 1450 2680 ἁλμυρῷ,
1465 2632 1506 2662 ut

849 2686 1006 2733 volunt,
1048 2685 1230 2737 equidem
1255 2684 1360 2722 haud
1382 2695 1506 2733 expu-

849 2748 940 2781 tem.
981 2740 1043 2779 Ad
1063 2755 1199 2781 vocem
1219 2739 1381 2795 ἁλμυρῷ
1403 2737 1506 2776 conf.

1895 1486 1897 1489 ᾖ
1887 1422 1894 1448 ,,
1885 921 1897 1399 —w„>.-..-r.-„-..,r--
1882 607 1897 905 «2--——-——-—*
1882 428 1890 586 v-2—-v*
1878 0 1897 400 ’πῃ

1890 2985 1892 2993 <
1887 2615 1897 2971 -fl-pm-›-—2

1888 3045 1897 3175 „..‚·-'
