1897 3340
12 148 35 172 el

8 173 34 300 fi
642 223 674 257 E
704 221 735 256 R
766 220 800 255 A
829 219 867 255 'r
898 219 944 256 ο.
1004 220 1080 256 vl.
1414 228 1499 267 417

7 266 34 338 el
276 327 284 341 .
401 327 411 342 ,
587 329 607 344 „
734 343 744 353 ,
791 325 804 340 f
864 326 877 342 ,
927 325 936 340 ,
1049 331 1067 339 ,
1142 327 1153 341 ,
1343 330 1353 345 ,
1474 331 1485 345 ,
1579 336 1586 361 ,

6 343 18 405 l
234 344 314 383 την
344 332 527 384 Λημνου
559 338 722 381 αιρεσιν
770 343 828 377 ως
857 330 970 408 ελιων
998 331 1182 384 Λημνον
1210 343 1254 371 τε
1283 346 1358 373 και
1385 342 1502 375 τισα-
1558 339 1830 404 ξιζῇςᾶῐιυξιῗῐὴὓιίιοιὲἷ

12 338 31 515 J
204 402 366 450 δμενος
384 395 488 447 τούς
511 393 775 449 Πελασγούς,
797 397 1023 450 παρεδωκε
1041 394 1324 452 Ἀθηναίοισι.
1358 402 1502 453 Προσ-
1557 410 1813 470 3n¹1¹iii¹'e¹›¹‹¹¹¹1¹1¹1³‹¹,¹r¹i,'0

3 431 23 551 b
231 463 471 520 γενομένου
502 464 549 506 δὲ
577 466 659 506 τοῦ
697 462 840 518 δήμου
878 461 999 521 αὐτῷ
1025 463 1135 507 κατοὲ
1172 464 1254 520 τήν
1283 464 1830 537 άπόλυσιν1οξξὲξξξίῌχφῑᾱιιίιίιῖἰῖξξ-

4 522 29 658 5⁴
229 535 309 574 τοῦ
353 530 572 582 θανάτου,
626 531 921 586 ζημιώσαντος
965 531 1012 575 δὲ
1048 530 1158 575 κατὰ
1198 531 1279 589 τήν
1326 532 1499 591 άδικίην
1557 530 1814 599 ffjfffgn‘fhtstmcxss

4 596 15 626 ἢ
228 596 498 654 πεντήκοντα
526 598 798 650 ταλάντοισι,
828 598 1077 655 Μιλτιάδης
1105 599 1185 655 μὲν
1213 600 1319 656 μετά
1345 606 1498 656 ταῦτα,

229 665 571 720 σφακελίσαντός
608 682 652 709 τε
692 670 774 710 τοῦ
809 671 955 724 μηροῦ
989 668 1062 711 καὶ
1093 667 1322 720 σαπέντος,
1354 674 1499 714 τελευ-

229 737 304 791 τᾷ·
343 731 397 787 τά
439 732 484 776 δὲ
523 734 796 790 πεντήκοντα
835 734 1028 780 τάλαντα
1057 735 1209 789 ἐξέτισε
1239 735 1263 781 ὁ
1284 737 1388 790 πάϊς
1419 739 1499 783 αύ-

225 804 308 844 τοῦ
342 802 505 853 Κίμων.

324 873 507 925 Λῆμνον
557 871 603 914 δὲ
646 869 893 926 Μιλτιάδης
940 870 964 914 ὁ
1014 873 1224 927 Κίμωνος
1262 868 1346 917 ὧδε
1392 874 1496 931 ἔσχε.
1552 877 1814 942 ῗξξιξιῖῗῑεξῖυξςυρ

227 937 468 993 Πελασγοὶ,
514 937 606 981 ἐπεί
642 954 687 982 τε
719 939 765 982 ἐκ
801 943 877 995 τῆς
912 936 1103 997 Ἀττικῆς
1140 940 1230 985 ὑπὸ
1247 939 1493 999 Ἀθηναίων
1510 946 1660 986 15³¹¹00¹is
1679 926 1829 984 &¹ss¹3ng-

1592 990 1598 997 ,
1633 981 1679 1008 sn.
1735 984 1741 988 .

225 1005 538 1063 ἐξεβλήθησαν,
587 1007 669 1051 εἴτε
718 1001 782 1051 ὦν
828 1007 882 1064 δὴ
922 1008 1125 1063 δικαίως,
1178 1011 1262 1054 εἴτε
1301 1010 1488 1066 ἀδίκως·
1551 980 1795 1049 fi‘yffiecgfflg'gg,

1551 1048 1614 1084 lae,
1633 1049 1829 1085 sedibusssuis
1893 1058 1897 1080 1

167 1252 252 1276 cere
281 1240 424 1287 nolim,
454 1240 580 1277 invitis
609 1240 831 1290 praesertiln

166 1297 268 1333 libris
289 1298 447 1347 scriptis.
504 1299 583 1333 Nec
603 1298 725 1347 magis
745 1298 831 1348 pla-

166 1360 226 1390 cet
252 1354 373 1389 Pawii
405 1353 622 1390 emendatio
652 1353 720 1392 καὶ
759 1356 831 1404 τῆς

166 1405 339 1460 Λήμνου
361 1410 544 1462 αῐρέσιος.
582 1412 682 1446 Nam
703 1417 740 1447 et
759 1423 831 1460 ge-

166 1468 308 1504 nitivus
343 1474 379 1504 et
406 1468 641 1505 accusativus
671 1467 829 1518 adiungi

164 1530 308 1573 potest,
339 1532 521 1561 monente
548 1522 683 1560 Matth.
705 1526 745 1560 in
762 1526 827 1563 Gr.

166 1581 232 1617 Gr.
253 1593 342 1631 pag.
365 1582 457 1622 656.
497 1583 548 1618 Et
577 1582 709 1618 confer
729 1594 829 1633 quo-

165 1650 240 1689 que
261 1639 324 1685 VI,
345 1641 397 1679 86
420 1639 456 1683 ξ.
479 1642 519 1679 2.

219 1693 539 1746 προσγενομένου
577 1690 620 1732 δὲ
657 1695 732 1733 τοῦ
753 1689 829 1745 δή-

164 1752 259 1802 μου]
288 1752 479 1799 „Venerat
497 1749 685 1788 Miltiades
706 1752 744 1787 in
759 1752 829 1788 ba-

165 1806 282 1844 rathri
319 1809 535 1859 periculum
575 1821 624 1844 ex
657 1808 827 1845 Platonis

163 1865 380 1901 narratione
407 1867 447 1901 in
478 1867 596 1914 Gorg.
625 1876 714 1914 pag.
745 1864 826 1905 516

163 1922 223 1969 Ε.,
265 1923 327 1957 cui
356 1920 606 1972 adstipulatur
643 1920 826 1957 Aristides

164 1979 216 2015 T.
236 1979 271 2013 11
288 1992 323 2028 p.
351 1977 432 2020 224
468 1978 525 2015 ed.
557 1978 662 2014 Iebb.
691 1978 769 2013 Alii
785 1976 825 2013 id

163 2036 323 2072 reticent
349 2064 359 2082 ‚
407 2036 570 2072 solemni
608 2035 648 2071 in
690 2034 823 2071 talibus

163 2092 410 2129 variatione.“
430 2092 547 2129 Wess
560 2091 608 2128 el.
630 2090 692 2127 Ad
707 2091 824 2127 verba

163 2146 264 2187 κατά
289 2143 364 2199 τὴν
392 2144 576 2199 άδικίην,
607 2161 706 2200 quae
725 2149 823 2184 Lar-

163 2203 299 2242 cherus
328 2204 493 2243 reddidit
518 2218 607 2256 pour
637 2219 678 2241 sa
701 2203 821 2254 faute,

163 2274 428 2312 comparamus
449 2262 668 2299 Cornelium
692 2263 825 2312 Nepo-

163 2324 243 2354 tem
263 2319 288 2354 l.
305 2319 329 2355 l.
350 2320 401 2355 ita
415 2326 655 2356 narrantem:
679 2320 764 2367 „Ea
780 2319 823 2356 lis

165 2376 430 2424 quinquaginta
456 2377 605 2412 talentis
627 2377 822 2413 aestimata

165 2436 241 2477 est,
264 2438 424 2481 quantus
438 2433 478 2467 in
499 2434 656 2470 classem
676 2439 822 2470 sumtus

165 2486 284 2523 factus
305 2488 426 2525 erat.“
466 2487 743 2538 Quinquaginta
762 2496 823 2525 ta-

164 2543 266 2579 lenta
278 2572 287 2589 ‚
309 2544 341 2579 si
360 2544 585 2580 Wunnium
604 2558 821 2596 sequamur,

164 2606 330 2650 aequant
363 2601 461 2647 130,
487 2602 564 2639 291
588 2601 744 2638 ssorenn.
767 2605 817 2642 21

164 2657 331 2705 crucigg.
353 2656 431 2692 sive
463 2657 637 2702 278‚045
658 2658 822 2695 Francos

166 2711 342 2748 Gallicos.
353 2709 578 2751 ταλάντοισι
590 2714 739 2761 retinui,
751 2727 820 2750 cu-

166 2766 222 2802 ius
244 2767 326 2803 loco
348 2781 396 2804 ex
416 2782 493 2804 uno
513 2769 704 2805 Sancrofti
724 2770 820 2807 libro

166 2820 391 2860 Sohaeferus
434 2824 589 2862 dederat
636 2823 820 2875 τάλαντα,

221 2880 442 2918 Ηειιοῡοτ.
471 2882 539 2918 m.

889 1239 991 1291 quod
1014 1240 1142 1289 etiam,
1163 1248 1205 1279 ut
1226 1243 1272 1279 ab
1292 1244 1373 1295 ipso
1389 1245 1552 1297 scripto-

887 1309 929 1333 re
967 1299 1185 1348 profectum
1215 1313 1254 1335 se
1276 1301 1456 1352 adoptare
1480 1302 1551 1339 de-

886 1353 1010 1391 buisse
1038 1355 1088 1391 ait
1108 1354 1329 1407 Schweigh.
1357 1360 1396 1394 in
1416 1360 1551 1397 Lexic.

885 1411 1028 1448 Herod.
1049 1414 1317 1462 ε.ν.ζημιοῦν,
1340 1416 1370 1452 si
1392 1415 1550 1467 quidem

885 1469 999 1504 simili
1017 1467 1135 1505 modo
1166 1471 1247 1517 VII,
1269 1474 1322 1512 39
1344 1472 1410 1509 fin.
1432 1486 1549 1510 accu-

883 1526 1024 1562 sativus
1044 1538 1191 1575 poenae
1221 1527 1388 1566 adiectus
1419 1530 1550 1568 videa-

885 1588 947 1617 tur
996 1579 1085 1633 (τήν
1123 1581 1262 1634 ’ψυχήν
1307 1582 1547 1639 ζημιώσεαι)

883 1639 1054 1689 itemque
1096 1639 1198 1690 apud
1233 1641 1418 1681 Suidam:
1462 1649 1551 1694 πῶς

885 1693 940 1745 μή
968 1692 1014 1733 τοὶ
1048 1693 1210 1747 μέγιστα
1239 1699 1423 1750 ζημιώσω
1453 1701 1548 1751 τούς

884 1746 1159 1803 παρόντας-
1187 1755 1250 1791 Ad
1271 1758 1432 1795 verbum
1446 1772 1548 1810 σφα-

883 1809 1049 1856 κελίζειν
1069 1810 1170 1849 conf.
1192 1819 1289 1850 nott.
1311 1814 1359 1851 ad
1387 1818 1454 1865 111,
1476 1820 1546 1860 66.

1046 1911 1139 1962 Cap.
1162 1912 1395 1955 CXXXVII.

940 1976 983 2017 ἐκ
1016 1981 1088 2030 τῆς
1126 1975 1329 2033 Ἀττικῆς]
1368 1986 1425 2022 Ita
1453 1999 1544 2025 cum

881 2041 1038 2073 recentt.
1062 2035 1150 2073 dedi
1180 2052 1248 2088 pro
1284 2039 1431 2089 ε’κτός
1450 2038 1543 2083 Ἀτ-

879 2093 993 2141 τικῆς
1005 2121 1014 2139 ,
1048 2093 1152 2144 quod
1172 2094 1325 2135 Schaef.
1348 2105 1386 2135 et
1404 2099 1540 2140 Matth.

880 2149 1139 2197 retinuerunt,
1180 2153 1350 2206 itemque
1380 2155 1544 2209 ἐξεβλή-

883 2209 1041 2254 θησαν,
1070 2208 1138 2244 ubi
1179 2222 1227 2246 ex
1254 2211 1397 2249 Aldina
1425 2216 1543 2266 vulgo

881 2259 1149 2314 ἔξελάθησαν,
1188 2267 1286 2315 sive,
1324 2277 1368 2306 ut
1389 2271 1544 2309 Grono-

879 2319 962 2356 vius
988 2322 1110 2358 voluit
1137 2319 1426 2376 ἐξελάσθησαν.
1481 2330 1542 2365 De

879 2385 1107 2426 argumento
1138 2380 1212 2416 loci
1241 2383 1342 2419 conf.
1372 2385 1436 2432 IV,
1462 2384 1542 2428 145

878 2433 1009 2485 ibique
1029 2442 1124 2472 nott.
1167 2438 1208 2475 C.
1231 2440 1274 2477 Ο.
1295 2440 1446 2478 Miiller.
1467 2442 1542 2479 Or·-

879 2488 1058 2527 chomen.
1079 2505 1114 2542 p.
1138 2496 1218 2534 308
1231 2509 1338 2548 seqq.
1359 2496 1441 2537 440
1461 2511 1541 2550 seq.

878 2547 1013 2585 Kruse.
1035 2550 1162 2586 Hellas
1182 2552 1200 2586 I
1220 2565 1258 2602 p.
1277 2552 1371 2601 416,
1393 2555 1459 2591 ubi
1478 2555 1542 2592 in—

878 2609 936 2639 ter
956 2605 1028 2641 alia
1050 2603 1123 2642 hoc
1140 2619 1295 2659 quoque
1317 2609 1439 2657 affert,
1462 2613 1540 2647 Pe-

876 2659 998 2709 lasgos
1018 2662 1118 2699 iuter
1140 2664 1287 2702 medios
1307 2668 1452 2704 Atticos
1476 2681 1533 2704 se-

878 2714 943 2752 des
974 2719 1148 2769 antiquas
1176 2723 1380 2759 retinentes
1409 2724 1538 2773 ibique

876 2772 945 2807 sub
966 2775 1122 2826 antiquo
1143 2779 1301 2814 nomine
1324 2777 1536 2816 habitantes

875 2841 954 2866 non
983 2831 1091 2868 aliter
1121 2833 1253 2870 fecisse
1282 2833 1402 2872 vitleri
1422 2841 1537 2886 atque

1207 2892 1261 2929 27
