1897 3340
13 726 114 775 235

522 211 998 250 POLYMNIA.
1059 213 1158 251 VII.

1363 222 1446 262 078

156 313 346 370 5,,οὗτοι
383 318 542 371 πάντες
580 320 660 363 εἰσὶ
700 319 846 376 ὁμοῖοι
874 323 987 362 τοῖσι
1019 318 1178 363 ἐνθάδε
1215 330 1445 382 μαχεσαμέ,

183 399 342 438 ,,νοισι·
376 389 423 430 οἴ
448 404 500 443 γε
514 387 592 443 μὲν
621 388 746 431 ἄλλοι
765 386 1121 443 Λακεδαιμόνιοι,
1152 388 1346 434 τούτοισι
1366 395 1444 447 μὲν

151 453 295 507 6,,οὐκ
319 452 472 510 ὁμοῖοι,
497 455 657 510 ἀγαθοὶ
684 454 772 498 δέ.“
829 452 942 498 Εἶπε
971 454 1082 509 πρὸς
1104 458 1241 499 ταῦτα
1266 458 1499 515 Ξέρξης·45

179 522 459 579 ,,Δημοὲρητε,
493 523 574 581 τέῳ
612 522 760 580 τρόπῳ
800 521 1105 578 ἀπονητότατα
1144 527 1233 567 τῶν
1269 526 1447 580 ἀνδρῶν

178 590 373 643 ,,του’των
414 589 782 646 ἐπικρατήσομεν;
821 592 890 634 ἰ’θι
919 591 1078 646 ἐξηγέο.

1141 591 1195 635 σύ
1225 594 1307 649 γὰρ
1340 595 1447 651 ε’χεις

180 658 355 711 υαὐτῶν
382 674 459 708 τας
504 656 723 709 διεξόδους
754 663 844 701 τῶν
873 658 1207 715 βουλευμάτων,
1264 659 1335 704 οἷα
1373 667 1446 718 βα

181 725 350 778 „emaus
387 724 640 780 γενόμενος.
635 729 657 748 ‘

711 726 760 769 Ο
792 728 836 770 δὲ
867 725 1092 782 ἀμείβετο·

1151 729 1224 778 ,,.Ω
1254 732 1445 784 βασιλεῦ,

178 795 241 845 „ez
267 794 344 849 μὲν
374 792 426 848 δή
461 792 782 848 συμβουλεύεαί
810 811 885 850 μοι
907 793 1159 850 προθύμως,
1192 797 1364 840 δίκαιόν
1393 798 1444 854 μέ

149 861 251 904 Ξσοί
279 860 367 904 ἐστι
389 860 571 917 φράζειν
600 860 650 905 τό
672 861 864 917 ἄριστον.
909 863 947 906 εἰ
976 867 1051 920 τῆς
1080 867 1290 920 ναυτικῆς
1320 877 1441 920 στρα-
1455 873 1501 907 50

119 1073 249 1104 sortes.
289 1067 399 1105 Conf.
422 1068 464 1106 C.
484 1069 545 1106 Fr.
567 1070 778 1107 Hermann.

120 1122 274 1161 Griech.
325 1124 597 1163 Staatsalterth.
644 1127 682 1172 ξ.
724 1128 778 1166 28

119 1187 198 1217 not.
228 1183 268 1221 6.
326 1183 409 1218 Hoc
432 1189 560 1218 autem
580 1184 664 1220 loco
686 1195 779 1219 sane

118 1237 370 1287 respiciuntur
391 1252 433 1274 ea
453 1246 627 1289 tempora
640 1269 649 1287 ,
694 1241 781 1291 qui-

119 1294 189 1329 bus
210 1295 379 1330 maxime
400 1295 587 1333 florebant
621 1297 781 1347 Sparta—⁴

119 1363 261 1386 norum
300 1364 381 1400 res3
436 1353 627 1404 simulque
667 1354 781 1389 etiam

118 1407 217 1443 bene
225 1406 314 1444 hinc
326 1409 448 1445 elucet
461 1408 782 1461 discrimen,quod

120 1464 213 1500 olim
229 1465 327 1501 inter
344 1466 551 1516 Spartanos
573 1473 688 1518 atque
702 1468 782 1502 La·-

120 1519 387 1559 cedaemonios
407 1522 532 1570 fuerit,
555 1525 622 1575 qui
631 1536 721 1560 sane
731 1524 781 1559 ii-

121 1576 210 1614 dem
230 1585 318 1615 sunt
334 1586 447 1630 atque
458 1581 634 1630 perioeci,
660 1587 779 1616 terrae

117 1635 343 1684 Laconicae,
379 1637 411 1672 si
442 1638 488 1673 ab
523 1638 605 1687 ipsa
628 1637 778 1687 Sparta,

119 1704 237 1742 qnam
273 1688 514 1746 περιῴκουν,
555 1693 778 1742 discesseris,

117 1749 265 1784 incolae
298 1749 461 1801 ipsisque
483 1750 676 1799 Spartanis
696 1752 780 1786 Do-

119 1805 204 1840 ricis
233 1805 386 1841 subditi.
462 1806 573 1847 Conf.
602 1806 707 1843 idem
735 1806 777 1843 C.

119 1862 181 1899 Fr.
202 1862 411 1899 Hermann.
432 1862 456 1899 l.
477 1863 502 1899 l.
525 1864 562 1907 ξ.
588 1865 651 1903 19.
716 1864 779 1899 Ex

120 1916 314 1954 Herodoto
335 1918 435 1956 conf.
458 1920 695 1968 potissimum
707 1921 776 1967 IX,

124 1976 169 2013 11
195 1973 466 2025 (ibiquenott.)
487 1982 524 2011 et
538 1977 608 2023 IX,
631 1978 686 2015 7O
698 1975 776 2023 fin.,

118 2030 185 2066 ubi
222 2031 555 2081 Λακεδαιμονίων
607 2046 690 2070 των
735 2031 778 2070 ἐκ

118 2082 307 2137 Σπαρτης
329 2088 503 2124 meminit
522 2089 546 2125 i.
575 2101 608 2125 e.
627 2090 780 2138 ipsorum

120 2137 391 2192 Spartanorum.
457 2146 502 2180 In
535 2157 641 2195 seqq.
688 2157 779 2181 cum

119 2197 353 2249 Schweigh„
381 2198 499 2237 Gaisf.
531 2207 567 2236 et
598 2198 778 2238 Bekkero

121 2253 208 2291 dedi
222 2254 263 2293 οί
275 2270 317 2306 γε
334 2254 470 2306 premnt
488 2258 573 2294 libri
582 2257 775 2306 iubebant,

119 2324 188 2362 pro
208 2311 313 2360 vulg.
337 2311 437 2362 οἵγε
459 2310 554 2363 μήν.
614 2314 672 2350 Cf.
694 2316 775 2350 He-

119 2366 202 2406 rod.
233 2368 315 2414 VII,
350 2368 430 2408 152
461 2375 498 2405 et
532 2369 578 2416 V,
607 2372 661 2410 92
690 2369 774 2415 §.5

119 2425 248 2476 ibique
268 2430 363 2460 nott.

178 2475 483 2530 ἀπονητότατα]
523 2480 549 2520 i.
575 2493 608 2516 e.
638 2482 776 2518 mzm'mo

120 2536 247 2585 labore,
277 2536 461 2582 utlI,14
482 2536 775 2580 ‹011.111‚146.

121 2594 245 2638 Quam
272 2566 505 2630 locutionem
540 2606 560 2628 e
592 2593 776 2643 palaestra

120 2651 277 2699 petitam
308 2648 547 2689 credideaffim
603 2648 666 2685 Ad
704 2662 776 2686 vo-

122 2719 207 2742 cem
227 2704 360 2757 ἐξηγέο
375 2706 474 2745 conf.
496 2706 559 2752 IV,
581 2707 621 2746 9.
641 2720 776 2752 -τας

123 2759 324 2809 διεξόδους
363 2777 444 2800 των
493 2756 777 2813 βουλευματων

122 2819 289 2869 intelligo
310 2819 387 2856 vias
408 2818 432 2856 i.
455 2831 487 2855 e.
518 2819 673 2855 rationes
693 2830 776 2855 con-

835 1069 1006 1119 siliorum,
1037 1077 1080 1108 ut
1109 1072 1175 1120 ΙΙΙ,
1212 1071 1262 1113 15
1267 1074 1302 1119 8,
1334 1073 1398 1109 nbi
1421 1072 1498 1111 vid.

834 1134 932 1165 nott.

998 1216 1090 1268 cap.
1114 1218 1342 1255 ccxxxv.

895 1295 930 1335 εἰ
955 1293 1026 1347 μὲν
1046 1292 1097 1346 δή
1118 1292 1408 1347 συμβουλεύεαί
1429 1313 1496 1347 μοι

836 1348 1078 1404 προθύμως]
1108 1354 1133 1392 i.
1158 1367 1190 1390 e.
1220 1353 1496 1404 quandoquidem

840 1408 899 1447 Tu
931 1410 1084 1446 studiose
1117 1423 1168 1447 me
1200 1410 1350 1447 consulis
1373 1424 1402 1447 s.
1425 1423 1496 1448 me-

837 1479 914 1503 cum
935 1466 1103 1503 deliberas
1111 1480 1124 1510 ,-
1152 1466 1218 1502 ubi
1239 1466 1391 1503 attende
1410 1480 1495 1503 me·-

839 1521 891 1560 dii
911 1523 1018 1560 verbi
1037 1524 1116 1560 vim
1136 1524 1374 1573 perspicuam
1395 1537 1494 1574 quo-

837 1593 912 1632 que
945 1593 994 1616 ex
1020 1580 1085 1627 iis,
1117 1592 1215 1631 quae
1236 1581 1315 1628 vll,
1338 1581 1495 1621 23716-

836 1642 991 1687 guntur.
1046 1634 1148 1672 Add.
1180 1637 1278 1684 V111,
1319 1639 1408 1677 102.
1433 1637 1494 1674 Ad

835 1706 974 1731 vocem
1005 1688 1230 1745 προθύμως
1251 1693 1299 1730 cf.
1314 1694 1376 1740 Vl,
1399 1694 1465 1734 58,

894 1749 930 1788 εἰ
946 1751 1018 1800 τῆς
1043 1751 1235 1800 ναυτικῆς
1259 1751 1444 1800 στρατιῆς
1457 1765 1492 1788 κ.

834 1820 866 1844 τ.
888 1807 950 1854 λ.]
981 1807 1085 1842 Haec
1105 1806 1220 1842 verba
1247 1813 1377 1842 carent
1399 1819 1493 1855 apo-

836 1861 929 1910 dosi,
952 1875 1069 1913 qnam
1097 1863 1138 1898 in
1168 1869 1297 1898 mente
1317 1875 1406 1899 sane
1422 1861 1493 1898 ha-

834 1919 915 1957 buit
934 1920 1093 1969 scriptor
1107 1947 1116 1965 ,
1149 1931 1264 1970 (luam
1286 1926 1413 1955 tamen
1445 1920 1492 1956 ob

834 1976 955 2011 multa
974 1976 1090 2012 verba
1108 1976 1302 2012 interiecta
1322 1973 1380 2012 his
1403 1976 1493 2025 ipsis

836 2033 971 2067 maluit
991 2030 1195 2079 adstruere,
1218 2044 1334 2083 quam
1354 2034 1492 2068 iustam

837 2089 1064 2124 constituere
1078 2087 1273 2138 apodosin‚
1295 2102 1393 2140 quae
1405 2102 1492 2124 ver-

835 2145 920 2181 bis
911 2158 950 2180 in
970 2145 1111 2195 plotasi
1141 2146 1268 2195 positis
1299 2141 1493 2184 eZ-—ct'no-

837 2201 959 2239 στείλε
964 2217 1025 2247 ιας
1045 2208 1218 2238 accurate
1252 2200 1489 2258 respondeat.

834 2259 933 2294 Hinc
962 2258 1078 2295 verba
1106 2257 1146 2297 ἐκ
1174 2253 1322 2308 ταύτης
1344 2258 1401 2296 aiv
1421 2260 1491 2306 τῆς

833 2326 962 2364 νησου
981 2329 1019 2354 κ.
1029 2328 1062 2352 τ.
1076 2316 1110 2351 λ.
1133 2315 1256 2364 explic
1259 2313 1369 2361 inda
1382 2314 1485 2351 unde

831 2369 1015 2420 apodosin
1068 2369 1354 2422 quodammodo
1394 2373 1492 2407 inci--

830 2428 910 2476 pias
931 2427 1032 2463 licet.
1089 2429 1198 2464 Hanc
1219 2429 1321 2463 enim
1331 2429 1489 2477 scripto-

831 2483 881 2518 ris
899 2490 1070 2518 mentem
1091 2483 1204 2520 fuisse
1225 2491 1377 2534 putem:
1421 2484 1487 2528 „si

831 2543 875 2574 tu
920 2544 1106 2576 trecentas
1152 2553 1265 2577 naves
1313 2538 1487 2584 dimittes,

834 2606 932 2645 quae
953 2593 1159 2646 Cytheram
1190 2596 1352 2632 insulani
1372 2607 1488 2630 occu-

832 2657 926 2700 pent
958 2658 994 2688 et
1022 2665 1070 2688 ex
1100 2665 1144 2688 ea
1178 2652 1410 2688 incursiones
1431 2651 1487 2685 fa-

834 2707 935 2744 ciant
950 2709 989 2744 in
1006 2709 1171 2745 vicinam
1180 2708 1399 2752 Laconiam,
1412 2707 1488 2742 mi-

832 2764 937 2801 nime
965 2765 1034 2801 tibi
1053 2762 1213 2801 timendi
1234 2769 1342 2799 erunt
1366 2764 1488 2798 Laco-

832 2832 913 2870 nes,
956 2821 1057 2858 bello
1096 2819 1302 2858 domestico
1340 2820 1486 2865 retenti,

1507 721 1576 756 quini
1597 723 1773 750 Demaratus

1505 756 1644 782 vaserit.

1505 788 1639 823 Cythera

1675 756 1774 785 Insula
