<?xml version="1.0" encoding="UTF-8"?>
<!DOCTYPE html PUBLIC "-//W3C//DTD XHTML 1.0 Transitional//EN"
    "http://www.w3.org/TR/xhtml1/DTD/xhtml1-transitional.dtd">
<html xmlns="http://www.w3.org/1999/xhtml" xml:lang="en" lang="en">
 <head>
  <title>
</title>
<meta http-equiv="Content-Type" content="text/html;charset=utf-8" />
  <meta name='ocr-system' content='tesseract 3.04.00' />
  <meta name='ocr-capabilities' content='ocr_page ocr_carea ocr_par ocr_line ocrx_word'/>
</head>
<body>
  <div class='ocr_page' id='page_1' title='image "./musaeher03hero_0646.png"; bbox 0 0 1897 3340; ppageno 0'>
   <div class='ocr_carea' id='block_1_1' title="bbox 422 259 1273 301">
    <p class='ocr_par' dir='ltr' id='par_1_1' title="bbox 422 259 1273 301">
     <span class='ocr_line' id='line_1_1' title="bbox 422 259 1273 301; baseline -0.006 0"><span class='ocrx_word' id='word_1_1' title='bbox 422 259 505 301; x_wconf 67' lang='lat'>682</span> <span class='ocrx_word' id='word_1_2' title='bbox 814 260 1273 298; x_wconf 85' lang='lat' dir='ltr'><strong>HERODOTI</strong></span> 
     </span>
    </p>
   </div>
   <div class='ocr_carea' id='block_1_2' title="bbox 395 365 1732 694">
    <p class='ocr_par' dir='ltr' id='par_1_2' title="bbox 395 365 1732 694">
     <span class='ocr_line' id='line_1_2' title="bbox 426 365 1677 424; baseline -0.001 -12"><span class='ocrx_word' id='word_1_3' title='bbox 426 367 692 424; x_wconf 81' lang='grc' dir='ltr'><strong><em>,,μαχέοντες,</em></strong></span> <span class='ocrx_word' id='word_1_4' title='bbox 722 368 795 411; x_wconf 83' lang='grc' dir='ltr'>καὶ</span> <span class='ocrx_word' id='word_1_5' title='bbox 813 367 961 421; x_wconf 78' lang='grc' dir='ltr'><strong><em>τᾶλλα,</em></strong></span> <span class='ocrx_word' id='word_1_6' title='bbox 991 369 1064 412; x_wconf 81' lang='grc' dir='ltr'>καὶ</span> <span class='ocrx_word' id='word_1_7' title='bbox 1080 367 1147 412; x_wconf 82' lang='grc' dir='ltr'><strong><em>ὅτι</em></strong></span> <span class='ocrx_word' id='word_1_8' title='bbox 1174 367 1320 424; x_wconf 78' lang='grc' dir='ltr'><strong><em>χώρην</em></strong></span> <span class='ocrx_word' id='word_1_9' title='bbox 1349 368 1436 422; x_wconf 80' lang='grc' dir='ltr'>ἄρα</span> <span class='ocrx_word' id='word_1_10' title='bbox 1464 365 1584 422; x_wconf 81' lang='grc' dir='ltr'><strong><em>εἶχον</em></strong></span> <span class='ocrx_word' id='word_1_11' title='bbox 1603 367 1677 411; x_wconf 60' lang='grc' dir='ltr'>«εὖ-</span> 
     </span>
     <span class='ocr_line' id='line_1_3' title="bbox 395 434 1679 492; baseline 0 -14"><span class='ocrx_word' id='word_1_12' title='bbox 395 434 626 490; x_wconf 81' lang='grc' dir='ltr'><strong><em>3,,αίρετόν</em></strong></span> <span class='ocrx_word' id='word_1_13' title='bbox 669 451 713 478; x_wconf 88' lang='grc' dir='ltr'><strong><em>τε</em></strong></span> <span class='ocrx_word' id='word_1_14' title='bbox 749 435 821 479; x_wconf 83' lang='grc' dir='ltr'>καὶ</span> <span class='ocrx_word' id='word_1_15' title='bbox 865 435 1155 492; x_wconf 81' lang='grc' dir='ltr'><strong><em>ταχυάλωτον.</em></strong></span> <span class='ocrx_word' id='word_1_16' title='bbox 1225 436 1305 479; x_wconf 88' lang='grc' dir='ltr'><strong><em>τὸν</em></strong></span> <span class='ocrx_word' id='word_1_17' title='bbox 1349 435 1431 491; x_wconf 77' lang='grc' dir='ltr'>γὰρ</span> <span class='ocrx_word' id='word_1_18' title='bbox 1478 434 1679 490; x_wconf 82' lang='grc' dir='ltr'><strong><em>ποταμὸν</em></strong></span> 
     </span>
     <span class='ocr_line' id='line_1_4' title="bbox 424 499 1676 560; baseline -0.002 -14"><span class='ocrx_word' id='word_1_19' title='bbox 424 507 626 560; x_wconf 77' lang='grc' dir='ltr'><strong><em>,,πρῆγμα</em></strong></span> <span class='ocrx_word' id='word_1_20' title='bbox 655 501 711 544; x_wconf 75' lang='grc' dir='ltr'>ἂν</span> <span class='ocrx_word' id='word_1_21' title='bbox 738 499 794 558; x_wconf 81' lang='grc' dir='ltr'>ἦν</span> <span class='ocrx_word' id='word_1_22' title='bbox 824 507 994 557; x_wconf 83' lang='grc' dir='ltr'><strong><em>μοῦνον</em></strong></span> <span class='ocrx_word' id='word_1_23' title='bbox 1021 503 1187 547; x_wconf 82' lang='grc' dir='ltr'><strong><em>ἐπεῖναί</em></strong></span> <span class='ocrx_word' id='word_1_24' title='bbox 1217 515 1363 558; x_wconf 84' lang='grc' dir='ltr'><strong><em>σφεων</em></strong></span> <span class='ocrx_word' id='word_1_25' title='bbox 1381 503 1450 547; x_wconf 82' lang='grc' dir='ltr'>ἐπὶ</span> <span class='ocrx_word' id='word_1_26' title='bbox 1481 501 1559 558; x_wconf 77' lang='grc' dir='ltr'><strong><em>τήν</em></strong></span> <span class='ocrx_word' id='word_1_27' title='bbox 1595 501 1676 558; x_wconf 81' lang='grc' dir='ltr'>χώ-</span> 
     </span>
     <span class='ocr_line' id='line_1_5' title="bbox 423 569 1732 628; baseline -0.002 -14"><span class='ocrx_word' id='word_1_28' title='bbox 423 588 546 628; x_wconf 83' lang='grc' dir='ltr'><strong><em>,,ρην,</em></strong></span> <span class='ocrx_word' id='word_1_29' title='bbox 575 570 738 626; x_wconf 82' lang='grc' dir='ltr'><strong><em>χώματι</em></strong></span> <span class='ocrx_word' id='word_1_30' title='bbox 767 569 813 612; x_wconf 80' lang='grc' dir='ltr'>ἐκ</span> <span class='ocrx_word' id='word_1_31' title='bbox 841 573 919 613; x_wconf 88' lang='grc' dir='ltr'><strong><em>τοῦ</em></strong></span> <span class='ocrx_word' id='word_1_32' title='bbox 950 569 1148 622; x_wconf 78' lang='grc' dir='ltr'><strong><em>αὐλῶνος</em></strong></span> <span class='ocrx_word' id='word_1_33' title='bbox 1167 570 1469 626; x_wconf 80' lang='grc' dir='ltr'><em>ἐκβιβάσαντα,</em></span> <span class='ocrx_word' id='word_1_34' title='bbox 1498 571 1572 613; x_wconf 82' lang='grc' dir='ltr'>καὶ</span> <span class='ocrx_word' id='word_1_35' title='bbox 1599 576 1732 613; x_wconf 81' lang='grc' dir='ltr'><em>ποι-95</em></span> 
     </span>
     <span class='ocr_line' id='line_1_6' title="bbox 425 631 1680 694; baseline -0.002 -12"><span class='ocrx_word' id='word_1_36' title='bbox 425 637 729 693; x_wconf 78' lang='grc' dir='ltr'><strong><em>,,ρατρὲψαντα</em></strong></span> <span class='ocrx_word' id='word_1_37' title='bbox 754 635 806 680; x_wconf 85' lang='grc' dir='ltr'>δι’</span> <span class='ocrx_word' id='word_1_38' title='bbox 835 631 906 680; x_wconf 71' lang='grc' dir='ltr'>ὦν·</span> <span class='ocrx_word' id='word_1_39' title='bbox 926 641 1024 681; x_wconf 81' lang='grc' dir='ltr'>νῦν</span> <span class='ocrx_word' id='word_1_40' title='bbox 1041 638 1129 693; x_wconf 82' lang='grc' dir='ltr'><strong><em>ῥέει</em></strong></span> <span class='ocrx_word' id='word_1_41' title='bbox 1149 638 1360 694; x_wconf 80' lang='grc' dir='ltr'>ῥεέθρων·</span> <span class='ocrx_word' id='word_1_42' title='bbox 1392 637 1501 682; x_wconf 75' lang='grc' dir='ltr'><strong><em>ὥστε</em></strong></span> <span class='ocrx_word' id='word_1_43' title='bbox 1518 641 1680 682; x_wconf 84' lang='grc' dir='ltr'><strong><em>Θεσσα-</em></strong></span> 
     </span>
    </p>
   </div>
   <div class='ocr_carea' id='block_1_3' title="bbox 371 834 1032 1221">
    <p class='ocr_par' dir='ltr' id='par_1_3' title="bbox 371 834 1028 929">
     <span class='ocr_line' id='line_1_7' title="bbox 373 834 1028 872; baseline -0.003 0"><span class='ocrx_word' id='word_1_44' title='bbox 373 837 518 872; x_wconf 79' lang='lat' dir='ltr'>tentiam</span> <span class='ocrx_word' id='word_1_45' title='bbox 538 839 571 872; x_wconf 78' lang='lat' dir='ltr'>et</span> <span class='ocrx_word' id='word_1_46' title='bbox 599 835 720 872; x_wconf 79' lang='lat' dir='ltr'>melius</span> <span class='ocrx_word' id='word_1_47' title='bbox 738 834 807 871; x_wconf 76' lang='lat' dir='ltr'>sibi</span> <span class='ocrx_word' id='word_1_48' title='bbox 833 834 1028 871; x_wconf 68' lang='lat' dir='ltr'>consuluis-</span> 
     </span>
     <span class='ocr_line' id='line_1_8' title="bbox 371 892 489 929; baseline -0.008 0"><span class='ocrx_word' id='word_1_49' title='bbox 371 892 489 929; x_wconf 78' lang='lat' dir='ltr'>sent.“</span> 
     </span>
    </p>

    <p class='ocr_par' dir='ltr' id='par_1_4' title="bbox 371 939 1032 1221">
     <span class='ocr_line' id='line_1_9' title="bbox 427 939 1030 999; baseline -0.007 -13"><span class='ocrx_word' id='word_1_50' title='bbox 427 948 590 999; x_wconf 80' lang='grc' dir='ltr'><strong><em>πρῆγμα</em></strong></span> <span class='ocrx_word' id='word_1_51' title='bbox 619 942 669 984; x_wconf 63' lang='grc' dir='ltr'>ἂν</span> <span class='ocrx_word' id='word_1_52' title='bbox 703 939 787 995; x_wconf 75' lang='grc' dir='ltr'>ἦν]</span> <span class='ocrx_word' id='word_1_53' title='bbox 829 946 854 982; x_wconf 85' lang='lat' dir='ltr'>i.</span> <span class='ocrx_word' id='word_1_54' title='bbox 884 959 915 984; x_wconf 89' lang='lat' dir='ltr'>e.</span> <span class='ocrx_word' id='word_1_55' title='bbox 957 959 1030 982; x_wconf 83' lang='lat' dir='ltr'>una</span> 
     </span>
     <span class='ocr_line' id='line_1_10' title="bbox 371 1001 1031 1053; baseline -0.003 -13"><span class='ocrx_word' id='word_1_56' title='bbox 371 1003 458 1041; x_wconf 76' lang='lat' dir='ltr'>haec</span> <span class='ocrx_word' id='word_1_57' title='bbox 497 1017 552 1040; x_wconf 67' lang='lat' dir='ltr'>ves</span> <span class='ocrx_word' id='word_1_58' title='bbox 586 1002 758 1053; x_wconf 74' lang='lat' dir='ltr'>facienda</span> <span class='ocrx_word' id='word_1_59' title='bbox 779 1001 899 1052; x_wconf 82' lang='lat' dir='ltr'>foret,</span> <span class='ocrx_word' id='word_1_60' title='bbox 929 1002 1031 1039; x_wconf 79' lang='lat' dir='ltr'>nulla</span> 
     </span>
     <span class='ocr_line' id='line_1_11' title="bbox 373 1058 1029 1109; baseline -0.003 -13"><span class='ocrx_word' id='word_1_61' title='bbox 373 1060 452 1096; x_wconf 80' lang='lat' dir='ltr'>alia</span> <span class='ocrx_word' id='word_1_62' title='bbox 478 1072 514 1096; x_wconf 77' lang='lat' dir='ltr'>re</span> <span class='ocrx_word' id='word_1_63' title='bbox 545 1073 629 1109; x_wconf 82' lang='lat' dir='ltr'>opus</span> <span class='ocrx_word' id='word_1_64' title='bbox 654 1058 775 1108; x_wconf 83' lang='lat' dir='ltr'>foret,</span> <span class='ocrx_word' id='word_1_65' title='bbox 804 1060 877 1095; x_wconf 76' lang='lat' dir='ltr'>nisi</span> <span class='ocrx_word' id='word_1_66' title='bbox 896 1062 935 1094; x_wconf 84' lang='lat' dir='ltr'>ut</span> <span class='ocrx_word' id='word_1_67' title='bbox 957 1065 1029 1095; x_wconf 88' lang='lat' dir='ltr'>etc.</span> 
     </span>
     <span class='ocr_line' id='line_1_12' title="bbox 373 1113 1030 1165; baseline -0.003 -13"><span class='ocrx_word' id='word_1_68' title='bbox 373 1117 431 1152; x_wconf 89' lang='lat' dir='ltr'>Ita</span> <span class='ocrx_word' id='word_1_69' title='bbox 460 1113 842 1165; x_wconf 68' lang='lat' dir='ltr'>Schweighaeuserus</span> <span class='ocrx_word' id='word_1_70' title='bbox 868 1115 909 1150; x_wconf 85' lang='lat' dir='ltr'>in</span> <span class='ocrx_word' id='word_1_71' title='bbox 935 1116 1030 1155; x_wconf 81' lang='lat' dir='ltr'>Lex,</span> 
     </span>
     <span class='ocr_line' id='line_1_13' title="bbox 374 1170 1032 1221; baseline -0.003 -13"><span class='ocrx_word' id='word_1_72' title='bbox 374 1170 518 1209; x_wconf 80' lang='lat' dir='ltr'>Herod.</span> <span class='ocrx_word' id='word_1_73' title='bbox 539 1185 569 1208; x_wconf 85' lang='lat' dir='ltr'>s.</span> <span class='ocrx_word' id='word_1_74' title='bbox 591 1185 627 1208; x_wconf 87' lang='lat' dir='ltr'>v.</span> <span class='ocrx_word' id='word_1_75' title='bbox 662 1172 719 1207; x_wconf 87' lang='lat' dir='ltr'>Ac</span> <span class='ocrx_word' id='word_1_76' title='bbox 738 1171 874 1207; x_wconf 84' lang='lat' dir='ltr'>similia</span> <span class='ocrx_word' id='word_1_77' title='bbox 893 1171 1032 1221; x_wconf 82' lang='lat' dir='ltr'>legun-</span> 
     </span>
    </p>
   </div>
   <div class='ocr_carea' id='block_1_4' title="bbox 373 1228 1032 1277">
    <p class='ocr_par' dir='ltr' id='par_1_5' title="bbox 373 1228 1032 1277">
     <span class='ocr_line' id='line_1_14' title="bbox 373 1228 1032 1277; baseline 0 -13"><span class='ocrx_word' id='word_1_78' title='bbox 373 1234 437 1265; x_wconf 85' lang='lat' dir='ltr'>tur</span> <span class='ocrx_word' id='word_1_79' title='bbox 465 1229 494 1275; x_wconf 85' lang='lat' dir='ltr'>I,</span> <span class='ocrx_word' id='word_1_80' title='bbox 526 1230 593 1268; x_wconf 87' lang='lat'>79.</span> <span class='ocrx_word' id='word_1_81' title='bbox 623 1229 718 1267; x_wconf 81' lang='lat'><strong>207.</strong></span> <span class='ocrx_word' id='word_1_82' title='bbox 774 1228 901 1277; x_wconf 83' lang='lat' dir='ltr'>Ipsam</span> <span class='ocrx_word' id='word_1_83' title='bbox 934 1229 1032 1277; x_wconf 83' lang='lat' dir='ltr'>regis</span> 
     </span>
    </p>
   </div>
   <div class='ocr_carea' id='block_1_5' title="bbox 339 1281 1032 1334">
    <p class='ocr_par' dir='ltr' id='par_1_6' title="bbox 339 1281 1032 1334">
     <span class='ocr_line' id='line_1_15' title="bbox 339 1281 1032 1334; baseline -0.003 -13"><span class='ocrx_word' id='word_1_84' title='bbox 339 1328 342 1332; x_wconf 21' lang='grc' dir='ltr'><strong><em>Δ</em></strong></span> <span class='ocrx_word' id='word_1_85' title='bbox 374 1285 603 1322; x_wconf 83' lang='lat' dir='ltr'>sententiam</span> <span class='ocrx_word' id='word_1_86' title='bbox 630 1281 729 1320; x_wconf 83' lang='lat' dir='ltr'>hanc</span> <span class='ocrx_word' id='word_1_87' title='bbox 764 1297 842 1320; x_wconf 85' lang='lat' dir='ltr'>esse</span> <span class='ocrx_word' id='word_1_88' title='bbox 870 1290 1032 1334; x_wconf 83' lang='lat' dir='ltr'>putave-</span> 
     </span>
    </p>
   </div>
   <div class='ocr_carea' id='block_1_6' title="bbox 373 1340 1041 2907">
    <p class='ocr_par' dir='ltr' id='par_1_7' title="bbox 373 1340 1041 2907">
     <span class='ocr_line' id='line_1_16' title="bbox 373 1340 1033 1390; baseline -0.002 -13"><span class='ocrx_word' id='word_1_89' title='bbox 373 1342 467 1377; x_wconf 84' lang='lat' dir='ltr'>rim:</span> <span class='ocrx_word' id='word_1_90' title='bbox 515 1340 677 1381; x_wconf 81' lang='lat' dir='ltr'>fluvium</span> <span class='ocrx_word' id='word_1_91' title='bbox 702 1340 804 1376; x_wconf 82' lang='lat' dir='ltr'>facili</span> <span class='ocrx_word' id='word_1_92' title='bbox 842 1353 956 1390; x_wconf 85' lang='lat' dir='ltr'>opera</span> <span class='ocrx_word' id='word_1_93' title='bbox 992 1341 1033 1376; x_wconf 86' lang='lat' dir='ltr'>in</span> 
     </span>
     <span class='ocr_line' id='line_1_17' title="bbox 374 1395 1034 1435; baseline -0.002 -1"><span class='ocrx_word' id='word_1_94' title='bbox 374 1395 648 1435; x_wconf 81' lang='lat' dir='ltr'>Thessalorum</span> <span class='ocrx_word' id='word_1_95' title='bbox 692 1403 832 1432; x_wconf 88' lang='lat' dir='ltr'>terram</span> <span class='ocrx_word' id='word_1_96' title='bbox 878 1398 1034 1433; x_wconf 85' lang='lat' dir='ltr'>immitti</span> 
     </span>
     <span class='ocr_line' id='line_1_18' title="bbox 374 1454 1033 1504; baseline 0 -14"><span class='ocrx_word' id='word_1_97' title='bbox 374 1466 496 1504; x_wconf 84' lang='lat' dir='ltr'>posse,</span> <span class='ocrx_word' id='word_1_98' title='bbox 517 1455 548 1490; x_wconf 90' lang='lat' dir='ltr'>si</span> <span class='ocrx_word' id='word_1_99' title='bbox 568 1465 705 1503; x_wconf 81' lang='lat' dir='ltr'>aggere</span> <span class='ocrx_word' id='word_1_100' title='bbox 726 1454 872 1490; x_wconf 87' lang='lat' dir='ltr'>obiecto</span> <span class='ocrx_word' id='word_1_101' title='bbox 894 1466 943 1490; x_wconf 85' lang='lat' dir='ltr'>ex</span> <span class='ocrx_word' id='word_1_102' title='bbox 962 1454 1033 1490; x_wconf 90' lang='lat' dir='ltr'>illis</span> 
     </span>
     <span class='ocr_line' id='line_1_19' title="bbox 375 1508 1034 1547; baseline -0.002 -1"><span class='ocrx_word' id='word_1_103' title='bbox 375 1510 547 1547; x_wconf 85' lang='lat' dir='ltr'>faucibus</span> <span class='ocrx_word' id='word_1_104' title='bbox 576 1516 675 1546; x_wconf 86' lang='lat' dir='ltr'>retro</span> <span class='ocrx_word' id='word_1_105' title='bbox 705 1508 838 1546; x_wconf 87' lang='lat' dir='ltr'>ductus</span> <span class='ocrx_word' id='word_1_106' title='bbox 857 1511 896 1545; x_wconf 90' lang='lat' dir='ltr'>in</span> <span class='ocrx_word' id='word_1_107' title='bbox 917 1510 1034 1546; x_wconf 85' lang='lat' dir='ltr'>alium</span> 
     </span>
     <span class='ocr_line' id='line_1_20' title="bbox 378 1564 1032 1618; baseline 0 -16"><span class='ocrx_word' id='word_1_108' title='bbox 378 1573 492 1618; x_wconf 81' lang='lat' dir='ltr'>atque</span> <span class='ocrx_word' id='word_1_109' title='bbox 517 1579 606 1602; x_wconf 88' lang='lat' dir='ltr'>eum</span> <span class='ocrx_word' id='word_1_110' title='bbox 620 1596 628 1611; x_wconf 87' lang='lat'>‚</span> <span class='ocrx_word' id='word_1_111' title='bbox 652 1579 767 1617; x_wconf 89' lang='lat' dir='ltr'>quem</span> <span class='ocrx_word' id='word_1_112' title='bbox 788 1579 890 1602; x_wconf 85' lang='lat' dir='ltr'>nunc</span> <span class='ocrx_word' id='word_1_113' title='bbox 903 1564 1032 1615; x_wconf 85' lang='lat' dir='ltr'>habet,</span> 
     </span>
     <span class='ocr_line' id='line_1_21' title="bbox 378 1622 1035 1670; baseline 0 -12"><span class='ocrx_word' id='word_1_114' title='bbox 378 1623 542 1670; x_wconf 78' lang='lat' dir='ltr'>alveum,</span> <span class='ocrx_word' id='word_1_115' title='bbox 557 1622 798 1669; x_wconf 80' lang='lat' dir='ltr'>deflectatur3</span> <span class='ocrx_word' id='word_1_116' title='bbox 820 1624 871 1659; x_wconf 87' lang='lat' dir='ltr'>ita</span> <span class='ocrx_word' id='word_1_117' title='bbox 884 1630 937 1669; x_wconf 87' lang='lat' dir='ltr'>ut,</span> <span class='ocrx_word' id='word_1_118' title='bbox 958 1622 1035 1659; x_wconf 87' lang='lat' dir='ltr'>flu-</span> 
     </span>
     <span class='ocr_line' id='line_1_22' title="bbox 376 1677 1034 1716; baseline -0.002 0"><span class='ocrx_word' id='word_1_119' title='bbox 376 1679 429 1716; x_wconf 85' lang='lat' dir='ltr'>vii</span> <span class='ocrx_word' id='word_1_120' title='bbox 460 1679 564 1715; x_wconf 85' lang='lat' dir='ltr'>exitu</span> <span class='ocrx_word' id='word_1_121' title='bbox 596 1680 635 1714; x_wconf 90' lang='lat' dir='ltr'>in</span> <span class='ocrx_word' id='word_1_122' title='bbox 656 1677 759 1715; x_wconf 87' lang='lat' dir='ltr'>hunc</span> <span class='ocrx_word' id='word_1_123' title='bbox 782 1678 943 1715; x_wconf 88' lang='lat' dir='ltr'>modum</span> <span class='ocrx_word' id='word_1_124' title='bbox 963 1679 1034 1715; x_wconf 87' lang='lat' dir='ltr'>ob-</span> 
     </span>
     <span class='ocr_line' id='line_1_23' title="bbox 377 1733 1035 1785; baseline -0.002 -13"><span class='ocrx_word' id='word_1_125' title='bbox 377 1741 517 1772; x_wconf 88' lang='lat' dir='ltr'>structo</span> <span class='ocrx_word' id='word_1_126' title='bbox 549 1735 671 1772; x_wconf 88' lang='lat' dir='ltr'>omnis</span> <span class='ocrx_word' id='word_1_127' title='bbox 699 1733 897 1772; x_wconf 83' lang='lat' dir='ltr'><strong>Thessalia</strong></span> <span class='ocrx_word' id='word_1_128' title='bbox 922 1736 1035 1785; x_wconf 88' lang='lat' dir='ltr'>plana</span> 
     </span>
     <span class='ocr_line' id='line_1_24' title="bbox 375 1790 1031 1842; baseline 0.002 -15"><span class='ocrx_word' id='word_1_129' title='bbox 375 1791 569 1828; x_wconf 82' lang='lat' dir='ltr'>montibus</span> <span class='ocrx_word' id='word_1_130' title='bbox 589 1791 746 1837; x_wconf 83' lang='lat' dir='ltr'>inclusa,</span> <span class='ocrx_word' id='word_1_131' title='bbox 769 1793 875 1842; x_wconf 87' lang='lat' dir='ltr'>aquis</span> <span class='ocrx_word' id='word_1_132' title='bbox 885 1791 949 1828; x_wconf 87' lang='lat' dir='ltr'>fiat</span> <span class='ocrx_word' id='word_1_133' title='bbox 962 1790 1031 1828; x_wconf 84' lang='lat' dir='ltr'>de-</span> 
     </span>
     <span class='ocr_line' id='line_1_25' title="bbox 377 1847 1033 1885; baseline 0.002 -2"><span class='ocrx_word' id='word_1_134' title='bbox 377 1859 514 1884; x_wconf 88' lang='lat' dir='ltr'>mersa.</span> <span class='ocrx_word' id='word_1_135' title='bbox 573 1847 683 1884; x_wconf 82' lang='lat' dir='ltr'>conf.</span> <span class='ocrx_word' id='word_1_136' title='bbox 704 1847 984 1884; x_wconf 87' lang='lat' dir='ltr'>Vaudoncourt.</span> <span class='ocrx_word' id='word_1_137' title='bbox 1006 1849 1033 1885; x_wconf 90' lang='lat' dir='ltr'>l.</span> 
     </span>
     <span class='ocr_line' id='line_1_26' title="bbox 377 1902 1034 1954; baseline 0 -14"><span class='ocrx_word' id='word_1_138' title='bbox 377 1904 404 1940; x_wconf 90' lang='lat' dir='ltr'>l.</span> <span class='ocrx_word' id='word_1_139' title='bbox 434 1916 522 1954; x_wconf 84' lang='lat' dir='ltr'>pag.</span> <span class='ocrx_word' id='word_1_140' title='bbox 547 1902 642 1943; x_wconf 71' lang='lat'>344.</span> <span class='ocrx_word' id='word_1_141' title='bbox 701 1904 773 1949; x_wconf 78' lang='lat' dir='ltr'>Qui</span> <span class='ocrx_word' id='word_1_142' title='bbox 796 1905 898 1940; x_wconf 87' lang='lat' dir='ltr'>enim</span> <span class='ocrx_word' id='word_1_143' title='bbox 918 1911 1034 1954; x_wconf 86' lang='lat' dir='ltr'>ponte</span> 
     </span>
     <span class='ocr_line' id='line_1_27' title="bbox 378 1959 1035 2011; baseline 0 -15"><span class='ocrx_word' id='word_1_144' title='bbox 378 1960 553 1996; x_wconf 83' lang='lat' dir='ltr'>iunxerat</span> <span class='ocrx_word' id='word_1_145' title='bbox 572 1960 862 2011; x_wconf 84' lang='lat' dir='ltr'>Hellespontum</span> <span class='ocrx_word' id='word_1_146' title='bbox 882 1959 1035 1997; x_wconf 84' lang='lat' dir='ltr'>Athon-</span> 
     </span>
     <span class='ocr_line' id='line_1_28' title="bbox 381 2015 1035 2068; baseline 0.002 -16"><span class='ocrx_word' id='word_1_147' title='bbox 381 2029 455 2068; x_wconf 91' lang='lat' dir='ltr'>que</span> <span class='ocrx_word' id='word_1_148' title='bbox 494 2015 658 2066; x_wconf 78' lang='lat' dir='ltr'>perfodit</span> <span class='ocrx_word' id='word_1_149' title='bbox 673 2046 682 2062; x_wconf 90' lang='lat'>‚</span> <span class='ocrx_word' id='word_1_150' title='bbox 724 2018 753 2054; x_wconf 90' lang='lat' dir='ltr'>is</span> <span class='ocrx_word' id='word_1_151' title='bbox 797 2016 1035 2054; x_wconf 80' lang='lat' dir='ltr'>Thessaliam</span> 
     </span>
     <span class='ocr_line' id='line_1_29' title="bbox 380 2072 1037 2124; baseline 0.002 -16"><span class='ocrx_word' id='word_1_152' title='bbox 380 2085 534 2124; x_wconf 85' lang='lat' dir='ltr'>quoque</span> <span class='ocrx_word' id='word_1_153' title='bbox 563 2085 702 2123; x_wconf 81' lang='lat' dir='ltr'>aggere</span> <span class='ocrx_word' id='word_1_154' title='bbox 727 2072 892 2110; x_wconf 83' lang='lat' dir='ltr'>obducto</span> <span class='ocrx_word' id='word_1_155' title='bbox 920 2075 1037 2109; x_wconf 91' lang='lat' dir='ltr'>inun-</span> 
     </span>
     <span class='ocr_line' id='line_1_30' title="bbox 380 2127 1036 2179; baseline 0.003 -15"><span class='ocrx_word' id='word_1_156' title='bbox 380 2127 461 2165; x_wconf 86' lang='lat' dir='ltr'>dari</span> <span class='ocrx_word' id='word_1_157' title='bbox 500 2142 608 2179; x_wconf 87' lang='lat' dir='ltr'>posse</span> <span class='ocrx_word' id='word_1_158' title='bbox 638 2136 757 2165; x_wconf 84' lang='lat' dir='ltr'>totam</span> <span class='ocrx_word' id='word_1_159' title='bbox 787 2131 1036 2167; x_wconf 85' lang='lat' dir='ltr'>existimabat.</span> 
     </span>
     <span class='ocr_line' id='line_1_31' title="bbox 381 2183 1036 2234; baseline 0.002 -14"><span class='ocrx_word' id='word_1_160' title='bbox 381 2185 550 2221; x_wconf 85' lang='lat' dir='ltr'>Verbum</span> <span class='ocrx_word' id='word_1_161' title='bbox 590 2183 852 2234; x_wconf 80' lang='grc' dir='ltr'><strong><em>παρατρέπειν</em></strong></span> <span class='ocrx_word' id='word_1_162' title='bbox 886 2185 933 2222; x_wconf 89' lang='lat' dir='ltr'>de</span> <span class='ocrx_word' id='word_1_163' title='bbox 962 2186 1036 2222; x_wconf 81' lang='lat' dir='ltr'>tlu-</span> 
     </span>
     <span class='ocr_line' id='line_1_32' title="bbox 381 2241 1038 2291; baseline 0.002 -15"><span class='ocrx_word' id='word_1_164' title='bbox 381 2241 464 2287; x_wconf 85' lang='lat' dir='ltr'>vio‚</span> <span class='ocrx_word' id='word_1_165' title='bbox 516 2241 583 2291; x_wconf 87' lang='lat' dir='ltr'>qui</span> <span class='ocrx_word' id='word_1_166' title='bbox 611 2242 683 2277; x_wconf 90' lang='lat' dir='ltr'>alio</span> <span class='ocrx_word' id='word_1_167' title='bbox 712 2242 894 2289; x_wconf 81' lang='lat' dir='ltr'>flectitur,</span> <span class='ocrx_word' id='word_1_168' title='bbox 917 2249 1038 2277; x_wconf 83' lang='lat' dir='ltr'>exstat</span> 
     </span>
     <span class='ocr_line' id='line_1_33' title="bbox 382 2296 1037 2347; baseline 0.002 -16"><span class='ocrx_word' id='word_1_169' title='bbox 382 2296 468 2339; x_wconf 78' lang='lat' dir='ltr'>Vll,</span> <span class='ocrx_word' id='word_1_170' title='bbox 511 2298 600 2336; x_wconf 82' lang='grc'><strong>128.</strong></span> <span class='ocrx_word' id='word_1_171' title='bbox 656 2298 788 2347; x_wconf 87' lang='lat' dir='ltr'>Itaque</span> <span class='ocrx_word' id='word_1_172' title='bbox 831 2297 879 2334; x_wconf 91' lang='lat' dir='ltr'>ad</span> <span class='ocrx_word' id='word_1_173' title='bbox 923 2298 1037 2333; x_wconf 84' lang='lat' dir='ltr'>verba</span> 
     </span>
     <span class='ocr_line' id='line_1_34' title="bbox 382 2347 1037 2402; baseline -0.005 -12"><span class='ocrx_word' id='word_1_174' title='bbox 382 2350 691 2401; x_wconf 77' lang='grc' dir='ltr'><strong><em>παρατρέψαντα</em></strong></span> <span class='ocrx_word' id='word_1_175' title='bbox 712 2348 760 2390; x_wconf 76' lang='grc' dir='ltr'>δι’</span> <span class='ocrx_word' id='word_1_176' title='bbox 783 2347 839 2390; x_wconf 70' lang='grc' dir='ltr'>ὧν</span> <span class='ocrx_word' id='word_1_177' title='bbox 862 2353 1037 2402; x_wconf 84' lang='lat' dir='ltr'>supplere</span> 
     </span>
     <span class='ocr_line' id='line_1_35' title="bbox 383 2405 1039 2458; baseline 0.008 -17"><span class='ocrx_word' id='word_1_178' title='bbox 383 2413 566 2458; x_wconf 81' lang='lat' dir='ltr'>praestat:</span> <span class='ocrx_word' id='word_1_179' title='bbox 589 2406 897 2457; x_wconf 82' lang='grc' dir='ltr'><strong><em>παρατρέψαντα</em></strong></span> <span class='ocrx_word' id='word_1_180' title='bbox 915 2408 954 2453; x_wconf 84' lang='grc' dir='ltr'>ἐς</span> <span class='ocrx_word' id='word_1_181' title='bbox 969 2405 1039 2446; x_wconf 73' lang='grc' dir='ltr'><strong><em>α’λ-</em></strong></span> 
     </span>
     <span class='ocr_line' id='line_1_36' title="bbox 383 2458 1038 2513; baseline 0.002 -11"><span class='ocrx_word' id='word_1_182' title='bbox 383 2466 431 2502; x_wconf 80' lang='grc' dir='ltr'>λα</span> <span class='ocrx_word' id='word_1_183' title='bbox 447 2460 592 2513; x_wconf 78' lang='grc' dir='ltr'><strong><em>ῥέεθρα</em></strong></span> <span class='ocrx_word' id='word_1_184' title='bbox 621 2461 664 2501; x_wconf 78' lang='grc' dir='ltr'>ἐκ</span> <span class='ocrx_word' id='word_1_185' title='bbox 692 2461 843 2502; x_wconf 80' lang='grc' dir='ltr'><strong><em>τούτων</em></strong></span> <span class='ocrx_word' id='word_1_186' title='bbox 858 2494 866 2510; x_wconf 89' lang='grc'>,</span> <span class='ocrx_word' id='word_1_187' title='bbox 898 2460 946 2502; x_wconf 80' lang='grc' dir='ltr'>δι’</span> <span class='ocrx_word' id='word_1_188' title='bbox 966 2458 1038 2504; x_wconf 76' lang='grc' dir='ltr'>ὧν.</span> 
     </span>
     <span class='ocr_line' id='line_1_37' title="bbox 384 2517 1039 2568; baseline -0.003 -11"><span class='ocrx_word' id='word_1_189' title='bbox 384 2517 765 2568; x_wconf 80' lang='lat' dir='ltr'>Schweigliaeuserus</span> <span class='ocrx_word' id='word_1_190' title='bbox 798 2522 931 2556; x_wconf 78' lang='lat' dir='ltr'>Latine</span> <span class='ocrx_word' id='word_1_191' title='bbox 952 2520 1039 2556; x_wconf 73' lang='lat' dir='ltr'>red-</span> 
     </span>
     <span class='ocr_line' id='line_1_38' title="bbox 386 2574 1040 2623; baseline 0.002 -11"><span class='ocrx_word' id='word_1_192' title='bbox 386 2574 553 2613; x_wconf 85' lang='lat' dir='ltr'>diderat:</span> <span class='ocrx_word' id='word_1_193' title='bbox 584 2588 714 2623; x_wconf 80' lang='lat' dir='ltr'>aggere</span> <span class='ocrx_word' id='word_1_194' title='bbox 741 2588 783 2612; x_wconf 51' lang='lat' dir='ltr'>es·</span> <span class='ocrx_word' id='word_1_195' title='bbox 804 2577 870 2613; x_wconf 80' lang='lat' dir='ltr'>hac</span> <span class='ocrx_word' id='word_1_196' title='bbox 887 2577 1040 2613; x_wconf 71' lang='lat' dir='ltr'>convalle</span> 
     </span>
     <span class='ocr_line' id='line_1_39' title="bbox 387 2631 1040 2683; baseline 0.005 -16"><span class='ocrx_word' id='word_1_197' title='bbox 387 2631 559 2681; x_wconf 79' lang='lat' dir='ltr'>repulsum</span> <span class='ocrx_word' id='word_1_198' title='bbox 575 2635 606 2667; x_wconf 79' lang='lat' dir='ltr'>et</span> <span class='ocrx_word' id='word_1_199' title='bbox 623 2633 659 2667; x_wconf 80' lang='lat' dir='ltr'>in</span> <span class='ocrx_word' id='word_1_200' title='bbox 681 2645 746 2678; x_wconf 81' lang='lat' dir='ltr'>eos,</span> <span class='ocrx_word' id='word_1_201' title='bbox 774 2646 836 2682; x_wconf 76' lang='lat' dir='ltr'>per</span> <span class='ocrx_word' id='word_1_202' title='bbox 857 2647 1040 2683; x_wconf 78' lang='lat' dir='ltr'>quosnunc</span> 
     </span>
     <span class='ocr_line' id='line_1_40' title="bbox 386 2687 1038 2736; baseline 0.003 -12"><span class='ocrx_word' id='word_1_203' title='bbox 386 2689 490 2736; x_wconf 76' lang='lat' dir='ltr'>fluit,</span> <span class='ocrx_word' id='word_1_204' title='bbox 527 2687 640 2724; x_wconf 79' lang='lat' dir='ltr'>alveos</span> <span class='ocrx_word' id='word_1_205' title='bbox 668 2699 846 2732; x_wconf 62' lang='lat' dir='ltr'>aversmm</span> <span class='ocrx_word' id='word_1_206' title='bbox 887 2692 1038 2735; x_wconf 59' lang='lat' dir='ltr'>Lange:</span> 
     </span>
     <span class='ocr_line' id='line_1_41' title="bbox 386 2743 1040 2782; baseline 0.002 -1"><span class='ocrx_word' id='word_1_207' title='bbox 386 2744 503 2781; x_wconf 82' lang='lat' dir='ltr'>indem.</span> <span class='ocrx_word' id='word_1_208' title='bbox 544 2757 626 2781; x_wconf 82' lang='lat' dir='ltr'>man</span> <span class='ocrx_word' id='word_1_209' title='bbox 664 2743 720 2780; x_wconf 78' lang='lat' dir='ltr'>die</span> <span class='ocrx_word' id='word_1_210' title='bbox 754 2745 923 2782; x_wconf 77' lang='lat' dir='ltr'>Scleluclet</span> <span class='ocrx_word' id='word_1_211' title='bbox 959 2759 1040 2782; x_wconf 67' lang='lat' dir='ltr'>rur—</span> 
     </span>
     <span class='ocr_line' id='line_1_42' title="bbox 386 2799 1041 2839; baseline 0.005 -3"><span class='ocrx_word' id='word_1_212' title='bbox 386 2800 554 2836; x_wconf 59' lang='lat' dir='ltr'>schuttete</span> <span class='ocrx_word' id='word_1_213' title='bbox 571 2799 643 2837; x_wconf 76' lang='lat' dir='ltr'>und</span> <span class='ocrx_word' id='word_1_214' title='bbox 663 2800 723 2837; x_wconf 80' lang='lat' dir='ltr'>ilm</span> <span class='ocrx_word' id='word_1_215' title='bbox 743 2802 780 2838; x_wconf 80' lang='lat' dir='ltr'>in</span> <span class='ocrx_word' id='word_1_216' title='bbox 798 2803 923 2839; x_wconf 80' lang='lat' dir='ltr'>seinem</span> <span class='ocrx_word' id='word_1_217' title='bbox 944 2803 1041 2839; x_wconf 71' lang='lat' dir='ltr'>ietzi—</span> 
     </span>
     <span class='ocr_line' id='line_1_43' title="bbox 386 2855 747 2907; baseline 0.003 -14"><span class='ocrx_word' id='word_1_218' title='bbox 386 2868 451 2905; x_wconf 78' lang='lat' dir='ltr'>gen</span> <span class='ocrx_word' id='word_1_219' title='bbox 470 2855 580 2907; x_wconf 79' lang='lat' dir='ltr'>Laus</span> <span class='ocrx_word' id='word_1_220' title='bbox 595 2856 747 2894; x_wconf 77' lang='lat' dir='ltr'>hemmte.</span> 
     </span>
    </p>
   </div>
   <div class='ocr_carea' id='block_1_7' title="bbox 1085 830 1753 2908">
    <p class='ocr_par' dir='ltr' id='par_1_8' title="bbox 1085 830 1753 2908">
     <span class='ocr_line' id='line_1_44' title="bbox 1143 830 1737 884; baseline -0.005 -11"><span class='ocrx_word' id='word_1_221' title='bbox 1143 830 1241 873; x_wconf 79' lang='grc' dir='ltr'><strong><em>ὥστε</em></strong></span> <span class='ocrx_word' id='word_1_222' title='bbox 1263 833 1481 884; x_wconf 73' lang='grc' dir='ltr'><strong><em>Θεσσαλίην</em></strong></span> <span class='ocrx_word' id='word_1_223' title='bbox 1501 835 1633 872; x_wconf 75' lang='grc' dir='ltr'><strong><em>πᾶσαν</em></strong></span> <span class='ocrx_word' id='word_1_224' title='bbox 1666 830 1737 880; x_wconf 74' lang='grc' dir='ltr'>ἔξω</span> 
     </span>
     <span class='ocr_line' id='line_1_45' title="bbox 1085 885 1740 941; baseline -0.002 -13"><span class='ocrx_word' id='word_1_225' title='bbox 1085 891 1167 928; x_wconf 77' lang='grc' dir='ltr'><strong><em>τῶν</em></strong></span> <span class='ocrx_word' id='word_1_226' title='bbox 1207 885 1358 938; x_wconf 79' lang='grc' dir='ltr'><strong><em>ου’ρέων</em></strong></span> <span class='ocrx_word' id='word_1_227' title='bbox 1389 886 1594 941; x_wconf 71' lang='grc' dir='ltr'><strong><em>ὑπόβρυχα</em></strong></span> <span class='ocrx_word' id='word_1_228' title='bbox 1630 887 1740 940; x_wconf 79' lang='grc' dir='ltr'><strong><em>γενέ-</em></strong></span> 
     </span>
     <span class='ocr_line' id='line_1_46' title="bbox 1088 945 1740 997; baseline -0.006 -13"><span class='ocrx_word' id='word_1_229' title='bbox 1088 948 1213 992; x_wconf 71' lang='grc' dir='ltr'><strong><em>σθαι]</em></strong></span> <span class='ocrx_word' id='word_1_230' title='bbox 1255 947 1330 981; x_wconf 89' lang='lat' dir='ltr'>Pro</span> <span class='ocrx_word' id='word_1_231' title='bbox 1363 945 1452 992; x_wconf 77' lang='grc' dir='ltr'><strong><em>ἔξω,</em></strong></span> <span class='ocrx_word' id='word_1_232' title='bbox 1484 945 1587 997; x_wconf 84' lang='lat' dir='ltr'>quod</span> <span class='ocrx_word' id='word_1_233' title='bbox 1608 958 1740 981; x_wconf 89' lang='lat' dir='ltr'>omnes</span> 
     </span>
     <span class='ocr_line' id='line_1_47' title="bbox 1087 1000 1740 1051; baseline -0.003 -13"><span class='ocrx_word' id='word_1_234' title='bbox 1087 1003 1212 1038; x_wconf 83' lang='lat' dir='ltr'>ferunt</span> <span class='ocrx_word' id='word_1_235' title='bbox 1232 1002 1316 1038; x_wconf 81' lang='lat' dir='ltr'>libri</span> <span class='ocrx_word' id='word_1_236' title='bbox 1338 1003 1476 1051; x_wconf 84' lang='lat' dir='ltr'>scripti,</span> <span class='ocrx_word' id='word_1_237' title='bbox 1504 1000 1697 1039; x_wconf 73' lang='lat' dir='ltr'>Schaefer.</span> <span class='ocrx_word' id='word_1_238' title='bbox 1719 1015 1740 1036; x_wconf 91' lang='lat' dir='ltr'>e</span> 
     </span>
     <span class='ocr_line' id='line_1_48' title="bbox 1088 1057 1739 1109; baseline -0.003 -14"><span class='ocrx_word' id='word_1_239' title='bbox 1088 1060 1305 1095; x_wconf 84' lang='lat' dir='ltr'>coniectura</span> <span class='ocrx_word' id='word_1_240' title='bbox 1341 1057 1496 1094; x_wconf 84' lang='lat' dir='ltr'>dederat</span> <span class='ocrx_word' id='word_1_241' title='bbox 1527 1057 1624 1096; x_wconf 68' lang='grc' dir='ltr'><strong><em>ἔσωτ</em></strong></span> <span class='ocrx_word' id='word_1_242' title='bbox 1664 1070 1739 1109; x_wconf 87' lang='lat' dir='ltr'>quo</span> 
     </span>
     <span class='ocr_line' id='line_1_49' title="bbox 1088 1113 1742 1165; baseline -0.002 -14"><span class='ocrx_word' id='word_1_243' title='bbox 1088 1121 1216 1151; x_wconf 85' lang='lat' dir='ltr'>tamen</span> <span class='ocrx_word' id='word_1_244' title='bbox 1237 1115 1303 1151; x_wconf 79' lang='lat' dir='ltr'>vix</span> <span class='ocrx_word' id='word_1_245' title='bbox 1323 1127 1430 1165; x_wconf 87' lang='lat' dir='ltr'>opus.</span> <span class='ocrx_word' id='word_1_246' title='bbox 1489 1113 1598 1159; x_wconf 81' lang='lat' dir='ltr'>Quod</span> <span class='ocrx_word' id='word_1_247' title='bbox 1613 1115 1742 1165; x_wconf 83' lang='lat' dir='ltr'>sequi-</span> 
     </span>
     <span class='ocr_line' id='line_1_50' title="bbox 1087 1168 1743 1222; baseline -0.003 -14"><span class='ocrx_word' id='word_1_248' title='bbox 1087 1178 1149 1208; x_wconf 86' lang='lat' dir='ltr'>tur</span> <span class='ocrx_word' id='word_1_249' title='bbox 1168 1168 1388 1222; x_wconf 73' lang='grc' dir='ltr'><strong><em>ὖπόβρυχα,</em></strong></span> <span class='ocrx_word' id='word_1_250' title='bbox 1410 1183 1430 1206; x_wconf 87' lang='lat' dir='ltr'>e</span> <span class='ocrx_word' id='word_1_251' title='bbox 1447 1169 1637 1207; x_wconf 75' lang='lat' dir='ltr'>Saucrofti</span> <span class='ocrx_word' id='word_1_252' title='bbox 1657 1169 1743 1207; x_wconf 91' lang='lat' dir='ltr'>cod.</span> 
     </span>
     <span class='ocr_line' id='line_1_51' title="bbox 1089 1226 1745 1278; baseline -0.003 -14"><span class='ocrx_word' id='word_1_253' title='bbox 1089 1226 1261 1264; x_wconf 79' lang='lat' dir='ltr'>exhibuit</span> <span class='ocrx_word' id='word_1_254' title='bbox 1290 1227 1588 1277; x_wconf 85' lang='lat' dir='ltr'>Wesseliugius,</span> <span class='ocrx_word' id='word_1_255' title='bbox 1628 1238 1745 1278; x_wconf 88' lang='lat' dir='ltr'>quem</span> 
     </span>
     <span class='ocr_line' id='line_1_52' title="bbox 1088 1282 1746 1335; baseline -0.003 -14"><span class='ocrx_word' id='word_1_256' title='bbox 1088 1285 1226 1335; x_wconf 87' lang='lat' dir='ltr'>posteri</span> <span class='ocrx_word' id='word_1_257' title='bbox 1257 1282 1344 1320; x_wconf 88' lang='lat' dir='ltr'>edd.</span> <span class='ocrx_word' id='word_1_258' title='bbox 1367 1285 1485 1320; x_wconf 86' lang='lat' dir='ltr'>secuti</span> <span class='ocrx_word' id='word_1_259' title='bbox 1504 1289 1614 1330; x_wconf 84' lang='lat' dir='ltr'>suut,</span> <span class='ocrx_word' id='word_1_260' title='bbox 1655 1295 1746 1320; x_wconf 89' lang='lat' dir='ltr'>cum</span> 
     </span>
     <span class='ocr_line' id='line_1_53' title="bbox 1089 1339 1746 1393; baseline -0.003 -16"><span class='ocrx_word' id='word_1_261' title='bbox 1089 1342 1225 1393; x_wconf 88' lang='lat' dir='ltr'>reliqui</span> <span class='ocrx_word' id='word_1_262' title='bbox 1253 1339 1365 1377; x_wconf 89' lang='lat' dir='ltr'>codd.</span> <span class='ocrx_word' id='word_1_263' title='bbox 1394 1340 1566 1392; x_wconf 86' lang='lat' dir='ltr'>plerique</span> <span class='ocrx_word' id='word_1_264' title='bbox 1604 1339 1746 1376; x_wconf 85' lang='lat' dir='ltr'>ferrent</span> 
     </span>
     <span class='ocr_line' id='line_1_54' title="bbox 1089 1394 1745 1448; baseline -0.006 -12"><span class='ocrx_word' id='word_1_265' title='bbox 1089 1395 1332 1448; x_wconf 71' lang='grc' dir='ltr'><strong><em>ὕποβρυχεά.</em></strong></span> <span class='ocrx_word' id='word_1_266' title='bbox 1389 1395 1489 1433; x_wconf 89' lang='lat' dir='ltr'>Illud</span> <span class='ocrx_word' id='word_1_267' title='bbox 1536 1398 1576 1432; x_wconf 88' lang='lat' dir='ltr'>in</span> <span class='ocrx_word' id='word_1_268' title='bbox 1611 1394 1745 1447; x_wconf 76' lang='lat' dir='ltr'>Odyss-</span> 
     </span>
     <span class='ocr_line' id='line_1_55' title="bbox 1089 1452 1745 1503; baseline -0.002 -14"><span class='ocrx_word' id='word_1_269' title='bbox 1089 1455 1229 1503; x_wconf 79' lang='lat' dir='ltr'>legitur</span> <span class='ocrx_word' id='word_1_270' title='bbox 1247 1454 1292 1500; x_wconf 85' lang='lat' dir='ltr'>V,</span> <span class='ocrx_word' id='word_1_271' title='bbox 1315 1456 1409 1499; x_wconf 83' lang='lat'>317,</span> <span class='ocrx_word' id='word_1_272' title='bbox 1431 1453 1498 1489; x_wconf 90' lang='lat' dir='ltr'>ubi</span> <span class='ocrx_word' id='word_1_273' title='bbox 1517 1453 1645 1489; x_wconf 88' lang='lat' dir='ltr'>multis</span> <span class='ocrx_word' id='word_1_274' title='bbox 1667 1452 1745 1488; x_wconf 88' lang='lat' dir='ltr'>dis-</span> 
     </span>
     <span class='ocr_line' id='line_1_56' title="bbox 1091 1505 1747 1562; baseline 0.003 -16"><span class='ocrx_word' id='word_1_275' title='bbox 1091 1511 1205 1562; x_wconf 86' lang='lat' dir='ltr'>quirit</span> <span class='ocrx_word' id='word_1_276' title='bbox 1233 1508 1453 1547; x_wconf 78' lang='lat' dir='ltr'>Eustathius</span> <span class='ocrx_word' id='word_1_277' title='bbox 1482 1523 1520 1560; x_wconf 88' lang='lat' dir='ltr'>p.</span> <span class='ocrx_word' id='word_1_278' title='bbox 1553 1508 1672 1556; x_wconf 79' lang='lat'>1538,</span> <span class='ocrx_word' id='word_1_279' title='bbox 1693 1505 1747 1549; x_wconf 82' lang='lat'>34</span> 
     </span>
     <span class='ocr_line' id='line_1_57' title="bbox 1089 1564 1747 1613; baseline -0.005 -9"><span class='ocrx_word' id='word_1_280' title='bbox 1089 1580 1119 1604; x_wconf 89' lang='lat' dir='ltr'>s.</span> <span class='ocrx_word' id='word_1_281' title='bbox 1149 1568 1243 1613; x_wconf 68' lang='lat'>228,</span> <span class='ocrx_word' id='word_1_282' title='bbox 1273 1568 1323 1606; x_wconf 85' lang='lat'>21</span> <span class='ocrx_word' id='word_1_283' title='bbox 1347 1579 1442 1602; x_wconf 87' lang='lat' dir='ltr'>num</span> <span class='ocrx_word' id='word_1_284' title='bbox 1471 1564 1566 1602; x_wconf 90' lang='lat' dir='ltr'>illud</span> <span class='ocrx_word' id='word_1_285' title='bbox 1593 1564 1747 1602; x_wconf 84' lang='lat' dir='ltr'>descen-</span> 
     </span>
     <span class='ocr_line' id='line_1_58' title="bbox 1091 1619 1748 1673; baseline -0.003 -14"><span class='ocrx_word' id='word_1_286' title='bbox 1091 1622 1155 1659; x_wconf 85' lang='lat' dir='ltr'>dat</span> <span class='ocrx_word' id='word_1_287' title='bbox 1175 1636 1197 1658; x_wconf 90' lang='lat' dir='ltr'>a</span> <span class='ocrx_word' id='word_1_288' title='bbox 1217 1635 1311 1660; x_wconf 83' lang='lat' dir='ltr'>voce</span> <span class='ocrx_word' id='word_1_289' title='bbox 1331 1619 1513 1673; x_wconf 77' lang='grc' dir='ltr'><strong><em>ὖπόβρυξ</em></strong></span> <span class='ocrx_word' id='word_1_290' title='bbox 1538 1635 1586 1658; x_wconf 86' lang='lat' dir='ltr'>au</span> <span class='ocrx_word' id='word_1_291' title='bbox 1613 1635 1634 1658; x_wconf 90' lang='lat' dir='ltr'>a</span> <span class='ocrx_word' id='word_1_292' title='bbox 1653 1633 1748 1659; x_wconf 82' lang='lat' dir='ltr'>voce</span> 
     </span>
     <span class='ocr_line' id='line_1_59' title="bbox 1089 1675 1750 1730; baseline -0.005 -13"><span class='ocrx_word' id='word_1_293' title='bbox 1089 1675 1333 1730; x_wconf 66' lang='grc' dir='ltr'><strong><em>ύπεόβρυχος.</em></strong></span> <span class='ocrx_word' id='word_1_294' title='bbox 1407 1680 1516 1715; x_wconf 88' lang='lat' dir='ltr'>Prius</span> <span class='ocrx_word' id='word_1_295' title='bbox 1557 1679 1750 1729; x_wconf 81' lang='lat' dir='ltr'>placuerat</span> 
     </span>
     <span class='ocr_line' id='line_1_60' title="bbox 1089 1736 1748 1784; baseline -0.003 -12"><span class='ocrx_word' id='word_1_296' title='bbox 1089 1736 1369 1784; x_wconf 54' lang='lat' dir='ltr'>NVesselingio3</span> <span class='ocrx_word' id='word_1_297' title='bbox 1440 1748 1542 1771; x_wconf 47' lang='lat' dir='ltr'>nun]⁴</span> <span class='ocrx_word' id='word_1_298' title='bbox 1582 1736 1748 1784; x_wconf 82' lang='lat' dir='ltr'>cogitare</span> 
     </span>
     <span class='ocr_line' id='line_1_61' title="bbox 1091 1790 1749 1841; baseline -0.003 -13"><span class='ocrx_word' id='word_1_299' title='bbox 1091 1791 1239 1828; x_wconf 80' lang='lat' dir='ltr'>malunt</span> <span class='ocrx_word' id='word_1_300' title='bbox 1256 1790 1302 1827; x_wconf 87' lang='lat' dir='ltr'>de</span> <span class='ocrx_word' id='word_1_301' title='bbox 1337 1791 1575 1841; x_wconf 87' lang='lat' dir='ltr'>metaplasmi</span> <span class='ocrx_word' id='word_1_302' title='bbox 1595 1803 1749 1841; x_wconf 86' lang='lat' dir='ltr'>genere,</span> 
     </span>
     <span class='ocr_line' id='line_1_62' title="bbox 1089 1846 1750 1900; baseline -0.002 -15"><span class='ocrx_word' id='word_1_303' title='bbox 1089 1860 1165 1900; x_wconf 87' lang='lat' dir='ltr'>quo</span> <span class='ocrx_word' id='word_1_304' title='bbox 1187 1854 1320 1898; x_wconf 86' lang='lat' dir='ltr'>poetae</span> <span class='ocrx_word' id='word_1_305' title='bbox 1340 1848 1487 1898; x_wconf 83' lang='lat' dir='ltr'>saepius</span> <span class='ocrx_word' id='word_1_306' title='bbox 1507 1846 1659 1897; x_wconf 82' lang='lat' dir='ltr'>fingunt</span> <span class='ocrx_word' id='word_1_307' title='bbox 1679 1846 1750 1884; x_wconf 90' lang='lat' dir='ltr'>ad-</span> 
     </span>
     <span class='ocr_line' id='line_1_63' title="bbox 1089 1905 1750 1955; baseline -0.002 -14"><span class='ocrx_word' id='word_1_308' title='bbox 1089 1906 1246 1951; x_wconf 79' lang='lat' dir='ltr'>iectiva‚</span> <span class='ocrx_word' id='word_1_309' title='bbox 1277 1917 1440 1955; x_wconf 86' lang='lat' dir='ltr'>quorum</span> <span class='ocrx_word' id='word_1_310' title='bbox 1469 1905 1750 1940; x_wconf 86' lang='lat' dir='ltr'>nominativum</span> 
     </span>
     <span class='ocr_line' id='line_1_64' title="bbox 1090 1960 1750 2012; baseline -0.003 -14"><span class='ocrx_word' id='word_1_311' title='bbox 1090 1962 1151 1999; x_wconf 80' lang='lat' dir='ltr'>vel</span> <span class='ocrx_word' id='word_1_312' title='bbox 1171 1962 1241 2012; x_wconf 87' lang='lat' dir='ltr'>ipsi</span> <span class='ocrx_word' id='word_1_313' title='bbox 1260 1961 1451 2010; x_wconf 81' lang='lat' dir='ltr'>ignorasse</span> <span class='ocrx_word' id='word_1_314' title='bbox 1465 1961 1525 1997; x_wconf 77' lang='lat' dir='ltr'>vel</span> <span class='ocrx_word' id='word_1_315' title='bbox 1545 1967 1645 1997; x_wconf 86' lang='lat' dir='ltr'>certe</span> <span class='ocrx_word' id='word_1_316' title='bbox 1666 1960 1750 1996; x_wconf 92' lang='lat' dir='ltr'>nul-</span> 
     </span>
     <span class='ocr_line' id='line_1_65' title="bbox 1091 2015 1747 2054; baseline -0.003 0"><span class='ocrx_word' id='word_1_317' title='bbox 1091 2019 1128 2054; x_wconf 89' lang='lat' dir='ltr'>lo</span> <span class='ocrx_word' id='word_1_318' title='bbox 1170 2020 1208 2054; x_wconf 88' lang='lat' dir='ltr'>in</span> <span class='ocrx_word' id='word_1_319' title='bbox 1257 2029 1327 2053; x_wconf 88' lang='lat' dir='ltr'>usu</span> <span class='ocrx_word' id='word_1_320' title='bbox 1358 2016 1531 2054; x_wconf 78' lang='lat' dir='ltr'>habuisse</span> <span class='ocrx_word' id='word_1_321' title='bbox 1561 2015 1747 2053; x_wconf 81' lang='lat' dir='ltr'>videntur.</span> 
     </span>
     <span class='ocr_line' id='line_1_66' title="bbox 1093 2072 1749 2111; baseline -0.003 0"><span class='ocrx_word' id='word_1_322' title='bbox 1093 2072 1178 2111; x_wconf 77' lang='lat' dir='ltr'>vid.</span> <span class='ocrx_word' id='word_1_323' title='bbox 1209 2075 1432 2110; x_wconf 83' lang='lat' dir='ltr'>Buttmann.</span> <span class='ocrx_word' id='word_1_324' title='bbox 1464 2074 1531 2110; x_wconf 86' lang='lat' dir='ltr'>Gr.</span> <span class='ocrx_word' id='word_1_325' title='bbox 1564 2073 1629 2108; x_wconf 89' lang='lat' dir='ltr'>Gr.</span> <span class='ocrx_word' id='word_1_326' title='bbox 1658 2074 1749 2109; x_wconf 90' lang='lat' dir='ltr'>mai.</span> 
     </span>
     <span class='ocr_line' id='line_1_67' title="bbox 1095 2126 1750 2175; baseline -0.002 -10"><span class='ocrx_word' id='word_1_327' title='bbox 1095 2132 1131 2175; x_wconf 59' lang='grc' dir='ltr'>ξ.</span> <span class='ocrx_word' id='word_1_328' title='bbox 1169 2132 1220 2170; x_wconf 82' lang='grc'>63</span> <span class='ocrx_word' id='word_1_329' title='bbox 1245 2136 1324 2166; x_wconf 86' lang='lat' dir='ltr'>not.</span> <span class='ocrx_word' id='word_1_330' title='bbox 1354 2129 1378 2169; x_wconf 84' lang='grc'>4</span> <span class='ocrx_word' id='word_1_331' title='bbox 1401 2129 1485 2165; x_wconf 90' lang='lat' dir='ltr'>coll.</span> <span class='ocrx_word' id='word_1_332' title='bbox 1517 2126 1690 2165; x_wconf 78' lang='lat' dir='ltr'>Grashof.</span> <span class='ocrx_word' id='word_1_333' title='bbox 1711 2130 1750 2164; x_wconf 91' lang='lat' dir='ltr'>in</span> 
     </span>
     <span class='ocr_line' id='line_1_68' title="bbox 1094 2184 1752 2234; baseline 0.003 -11"><span class='ocrx_word' id='word_1_334' title='bbox 1094 2184 1299 2223; x_wconf 85' lang='lat' dir='ltr'>Schulzeit.</span> <span class='ocrx_word' id='word_1_335' title='bbox 1327 2187 1425 2224; x_wconf 76' lang='lat'>1831</span> <span class='ocrx_word' id='word_1_336' title='bbox 1452 2186 1575 2224; x_wconf 81' lang='lat' dir='ltr'>nr.89</span> <span class='ocrx_word' id='word_1_337' title='bbox 1597 2198 1634 2234; x_wconf 83' lang='lat' dir='ltr'>p-</span> <span class='ocrx_word' id='word_1_338' title='bbox 1656 2185 1752 2232; x_wconf 82' lang='lat'>705,</span> 
     </span>
     <span class='ocr_line' id='line_1_69' title="bbox 1095 2237 1750 2293; baseline 0.003 -17"><span class='ocrx_word' id='word_1_339' title='bbox 1095 2242 1161 2293; x_wconf 91' lang='lat' dir='ltr'>qui</span> <span class='ocrx_word' id='word_1_340' title='bbox 1181 2253 1315 2277; x_wconf 79' lang='lat' dir='ltr'>vocem</span> <span class='ocrx_word' id='word_1_341' title='bbox 1336 2237 1547 2291; x_wconf 73' lang='grc' dir='ltr'><strong><em>ὑπόβρυχα</em></strong></span> <span class='ocrx_word' id='word_1_342' title='bbox 1559 2239 1750 2291; x_wconf 84' lang='lat' dir='ltr'>apudllo—</span> 
     </span>
     <span class='ocr_line' id='line_1_70' title="bbox 1094 2295 1751 2346; baseline 0.002 -13"><span class='ocrx_word' id='word_1_343' title='bbox 1094 2309 1243 2333; x_wconf 84' lang='lat' dir='ltr'>merum</span> <span class='ocrx_word' id='word_1_344' title='bbox 1282 2309 1350 2346; x_wconf 84' lang='lat' dir='ltr'>pro</span> <span class='ocrx_word' id='word_1_345' title='bbox 1387 2297 1600 2333; x_wconf 71' lang='lat' dir='ltr'>accusativo</span> <span class='ocrx_word' id='word_1_346' title='bbox 1621 2295 1751 2334; x_wconf 88' lang='lat' dir='ltr'>haberi</span> 
     </span>
     <span class='ocr_line' id='line_1_71' title="bbox 1094 2351 1753 2404; baseline 0.003 -15"><span class='ocrx_word' id='word_1_347' title='bbox 1094 2354 1194 2399; x_wconf 80' lang='lat' dir='ltr'>vult,</span> <span class='ocrx_word' id='word_1_348' title='bbox 1237 2354 1301 2403; x_wconf 81' lang='lat' dir='ltr'>qui</span> <span class='ocrx_word' id='word_1_349' title='bbox 1332 2351 1473 2402; x_wconf 85' lang='lat' dir='ltr'>duplex</span> <span class='ocrx_word' id='word_1_350' title='bbox 1501 2365 1579 2390; x_wconf 86' lang='lat' dir='ltr'>non</span> <span class='ocrx_word' id='word_1_351' title='bbox 1605 2360 1753 2404; x_wconf 84' lang='lat' dir='ltr'>praeter</span> 
     </span>
     <span class='ocr_line' id='line_1_72' title="bbox 1095 2408 1751 2460; baseline 0.002 -15"><span class='ocrx_word' id='word_1_352' title='bbox 1095 2422 1244 2445; x_wconf 84' lang='lat' dir='ltr'>morem</span> <span class='ocrx_word' id='word_1_353' title='bbox 1272 2408 1479 2446; x_wconf 83' lang='lat' dir='ltr'>adiiciatur.</span> <span class='ocrx_word' id='word_1_354' title='bbox 1538 2409 1653 2460; x_wconf 86' lang='lat' dir='ltr'>Apud</span> <span class='ocrx_word' id='word_1_355' title='bbox 1670 2412 1751 2446; x_wconf 83' lang='lat' dir='ltr'>He-</span> 
     </span>
     <span class='ocr_line' id='line_1_73' title="bbox 1095 2464 1752 2506; baseline 0.002 -4"><span class='ocrx_word' id='word_1_356' title='bbox 1095 2465 1274 2502; x_wconf 82' lang='lat' dir='ltr'>rodotum</span> <span class='ocrx_word' id='word_1_357' title='bbox 1301 2464 1403 2501; x_wconf 85' lang='lat' dir='ltr'>idem</span> <span class='ocrx_word' id='word_1_358' title='bbox 1423 2467 1575 2502; x_wconf 81' lang='lat' dir='ltr'>rescribi</span> <span class='ocrx_word' id='word_1_359' title='bbox 1603 2467 1683 2504; x_wconf 79' lang='lat' dir='ltr'>vult</span> <span class='ocrx_word' id='word_1_360' title='bbox 1702 2465 1752 2506; x_wconf 79' lang='lat' dir='ltr'>v‘-</span> 
     </span>
     <span class='ocr_line' id='line_1_74' title="bbox 1095 2520 1751 2572; baseline 0.003 -12"><span class='ocrx_word' id='word_1_361' title='bbox 1095 2520 1316 2572; x_wconf 79' lang='grc' dir='ltr'><strong><em>ποβρυχέα,</em></strong></span> <span class='ocrx_word' id='word_1_362' title='bbox 1361 2522 1408 2558; x_wconf 85' lang='lat' dir='ltr'>ab</span> <span class='ocrx_word' id='word_1_363' title='bbox 1444 2521 1628 2560; x_wconf 85' lang='lat' dir='ltr'>adiectivo</span> <span class='ocrx_word' id='word_1_364' title='bbox 1651 2521 1751 2562; x_wconf 73' lang='grc' dir='ltr'><em>ὁπο-</em></span> 
     </span>
     <span class='ocr_line' id='line_1_75' title="bbox 1097 2576 1753 2629; baseline 0.002 -14"><span class='ocrx_word' id='word_1_365' title='bbox 1097 2576 1268 2628; x_wconf 81' lang='grc' dir='ltr'><strong><em>βρυχής·,</em></strong></span> <span class='ocrx_word' id='word_1_366' title='bbox 1319 2579 1431 2629; x_wconf 85' lang='lat' dir='ltr'>quale</span> <span class='ocrx_word' id='word_1_367' title='bbox 1469 2585 1598 2615; x_wconf 84' lang='lat' dir='ltr'>tamen</span> <span class='ocrx_word' id='word_1_368' title='bbox 1618 2581 1753 2616; x_wconf 82' lang='lat' dir='ltr'>Noster</span> 
     </span>
     <span class='ocr_line' id='line_1_76' title="bbox 1097 2634 1751 2686; baseline 0.003 -16"><span class='ocrx_word' id='word_1_369' title='bbox 1097 2634 1199 2670; x_wconf 83' lang='lat' dir='ltr'>haud</span> <span class='ocrx_word' id='word_1_370' title='bbox 1233 2636 1361 2682; x_wconf 80' lang='lat' dir='ltr'>novit,</span> <span class='ocrx_word' id='word_1_371' title='bbox 1394 2636 1460 2686; x_wconf 89' lang='lat' dir='ltr'>qui</span> <span class='ocrx_word' id='word_1_372' title='bbox 1486 2635 1515 2682; x_wconf 89' lang='lat'>1,</span> <span class='ocrx_word' id='word_1_373' title='bbox 1539 2637 1616 2675; x_wconf 82' lang='grc'>189</span> <span class='ocrx_word' id='word_1_374' title='bbox 1638 2634 1751 2672; x_wconf 87' lang='lat' dir='ltr'>habet</span> 
     </span>
     <span class='ocr_line' id='line_1_77' title="bbox 1096 2686 1750 2742; baseline -0.002 -13"><span class='ocrx_word' id='word_1_375' title='bbox 1096 2686 1366 2741; x_wconf 72' lang='grc' dir='ltr'><strong><em>ὑποβρύχιοςς</em></strong></span> <span class='ocrx_word' id='word_1_376' title='bbox 1398 2689 1502 2742; x_wconf 86' lang='lat' dir='ltr'>quod</span> <span class='ocrx_word' id='word_1_377' title='bbox 1522 2690 1750 2728; x_wconf 72' lang='lat' dir='ltr'>adiectivum</span> 
     </span>
     <span class='ocr_line' id='line_1_78' title="bbox 1098 2748 1752 2797; baseline 0 -13"><span class='ocrx_word' id='word_1_378' title='bbox 1098 2754 1134 2784; x_wconf 86' lang='lat' dir='ltr'>et</span> <span class='ocrx_word' id='word_1_379' title='bbox 1154 2749 1193 2783; x_wconf 92' lang='lat' dir='ltr'>in</span> <span class='ocrx_word' id='word_1_380' title='bbox 1205 2748 1394 2785; x_wconf 81' lang='lat' dir='ltr'>Homeric.</span> <span class='ocrx_word' id='word_1_381' title='bbox 1418 2749 1752 2797; x_wconf 81' lang='lat' dir='ltr'>Hymu.xxxlss,</span> 
     </span>
     <span class='ocr_line' id='line_1_79' title="bbox 1103 2803 1753 2851; baseline 0.005 -14"><span class='ocrx_word' id='word_1_382' title='bbox 1103 2806 1152 2843; x_wconf 76' lang='lat'>12</span> <span class='ocrx_word' id='word_1_383' title='bbox 1201 2811 1236 2839; x_wconf 89' lang='lat' dir='ltr'>et</span> <span class='ocrx_word' id='word_1_384' title='bbox 1284 2803 1371 2840; x_wconf 88' lang='lat' dir='ltr'>alibi</span> <span class='ocrx_word' id='word_1_385' title='bbox 1410 2804 1611 2851; x_wconf 81' lang='lat' dir='ltr'>invenitur,</span> <span class='ocrx_word' id='word_1_386' title='bbox 1661 2811 1753 2842; x_wconf 81' lang='lat' dir='ltr'>teste</span> 
     </span>
     <span class='ocr_line' id='line_1_80' title="bbox 1099 2858 1751 2908; baseline 0.003 -12"><span class='ocrx_word' id='word_1_387' title='bbox 1099 2858 1263 2901; x_wconf 77' lang='lat' dir='ltr'>Nitzscli,</span> <span class='ocrx_word' id='word_1_388' title='bbox 1297 2858 1346 2896; x_wconf 80' lang='lat' dir='ltr'>ad</span> <span class='ocrx_word' id='word_1_389' title='bbox 1374 2861 1531 2897; x_wconf 85' lang='lat' dir='ltr'>Homeri</span> <span class='ocrx_word' id='word_1_390' title='bbox 1560 2861 1586 2898; x_wconf 87' lang='lat' dir='ltr'>l.</span> <span class='ocrx_word' id='word_1_391' title='bbox 1610 2861 1649 2908; x_wconf 91' lang='lat' dir='ltr'>l.‚</span> <span class='ocrx_word' id='word_1_392' title='bbox 1691 2863 1751 2898; x_wconf 88' lang='lat' dir='ltr'>cui</span> 
     </span>
    </p>
   </div>
   <div class='ocr_carea' id='block_1_8' title="bbox 1877 189 1893 569">
    <p class='ocr_par' dir='ltr' id='par_1_9' title="bbox 1877 189 1893 569">
     <span class='ocr_line' id='line_1_81' title="bbox 1877 189 1893 569; textangle 90"><span class='ocrx_word' id='word_1_393' title='bbox 1890 565 1892 569; x_wconf 36' lang='lat' dir='ltr'>r</span> <span class='ocrx_word' id='word_1_394' title='bbox 1880 345 1893 556; x_wconf 42' lang='lat' dir='ltr'>„dx-*Q*—</span> <span class='ocrx_word' id='word_1_395' title='bbox 1877 214 1891 339; x_wconf 36' lang='lat' dir='ltr'>-A--H</span> <span class='ocrx_word' id='word_1_396' title='bbox 1887 189 1889 206; x_wconf 47' lang='lat' dir='ltr'>m</span> 
     </span>
    </p>
   </div>
   <div class='ocr_carea' id='block_1_9' title="bbox 1879 555 1891 679">
    <p class='ocr_par' dir='ltr' id='par_1_10' title="bbox 1879 555 1891 679">
     <span class='ocr_line' id='line_1_82' title="bbox 1879 555 1891 679; textangle 90"><span class='ocrx_word' id='word_1_397' title='bbox 1879 555 1891 679; x_wconf 58' lang='lat' dir='ltr'>·&lt;-—n..-</span> 
     </span>
    </p>
   </div>
  </div>
 </body>
</html>
