1897 3340
81 306 139 333 Dic
156 307 284 343 septimo

81 340 197 367 Persae
224 341 250 367 ἰιι
271 347 320 366 ur·

80 374 148 401 bem
175 382 230 409 per
255 373 357 409 prodi·

81 407 194 434 tionem
218 408 323 434 irrum-

81 447 165 476 punt.
209 441 343 477 Templa

81 476 217 510 spoliata
241 476 339 503 incen-

62 517 178 548 -paque
194 518 200 535 ε
220 509 339 537 incolae

81 550 112 568 ιιι
135 543 319 571 servitutem

82 575 212 611 abrepti.

412 200 496 241 368

409 306 516 350 κατά
564 305 767 362 Ταμύνας
817 308 889 351 καὶ
941 307 1126 360 Χοιρέας
1173 308 1248 350 καὶ
1295 308 1482 361 Atyn-aa.

821 198 1273 238 HERODOTI

1540 322 1668 348 καῖα·

414 373 584 431 σχόντες
614 374 659 418 δὲ
688 378 825 417 ταῦτα
853 374 905 417 τά
938 378 1094 431 χωρία,
1136 374 1292 418 αὐτίκα
1322 376 1482 424 ἵππους
1510 389 1554 416 τε
1595 374 1672 425 ἐξε-
1687 380 1730 413 56

416 442 651 498 βάλλοντο,
706 443 778 485 καὶ
827 442 1197 495 παρεσκευάζοντο
1239 441 1298 493 ὥς
1336 440 1675 495 προσοισόμενοι

387 516 533 554 Ξτοῖσι
563 509 774 565 ἐχθροῖσι.
819 511 862 552 οἱ
892 509 937 552 δὲ
964 508 1189 564 Ἐρετριέες
1219 509 1460 561 ἐπεξελθεῖν
1495 509 1573 563 μὲν
1602 510 1674 552 καὶ

418 577 630 634 μάχεσθαι
665 575 746 619 οὐκ
777 576 1003 619 ἐποιεῦντο
1034 577 1222 633 βουλήν·
1268 579 1308 620 εἴ
1333 593 1419 628 κως
1449 576 1493 620 δὲ
1521 579 1675 632 διαφυ-

415 645 589 697 λάξαιεν
609 643 660 686 τοὶ
691 645 856 698 τείχεα,
900 644 1059 686 τούτου
1092 658 1169 699 σφι
1200 647 1316 699 ἔμελε
1343 645 1467 698 πέρι,
1512 644 1603 687 ἐπεί
1630 659 1674 686 τε

385 714 537 756 3ἐνίκα
567 711 624 766 μὴ
656 711 844 753 ἐκλιπεῖν
882 711 961 766 τὴν
996 712 1136 755 πόλιν.
1193 716 1438 769 προσβολῆς
1473 710 1518 754 δὲ
1553 717 1730 765 ymo-60

413 783 543 838 μένης
575 781 783 833 καρτερῆς
803 777 912 831 πρὸς
941 778 990 822 τὸ
1019 784 1173 834 τεῖχος,
1202 780 1381 822 ἔπιπτον
1411 778 1479 822 ἐπὶ
1505 779 1549 828 ’ἐξ
1578 776 1673 832 ἡμέ·

416 864 495 900 ρας
523 847 679 890 πολλοὶ
708 846 785 900 μὲν
814 844 1094 902 ἀμφοτέρων·
1133 850 1185 903 τῇ
1216 847 1261 890 δὲ
1294 847 1455 903 ἑβδόμῃ
1490 843 1674 900 Εὕφορ-
1703 851 1706 853 ’

413 915 493 972 βός
523 930 566 956 τε
598 911 621 956 ὁ
649 911 927 969 Ἀλκιμάχου,
966 914 1040 957 καὶ
1073 915 1292 968 Φίλαργος
1321 911 1344 956 ὁ
1374 913 1573 962 Κυνέου,
1604 911 1674 954 ἄν·

384 984 516 1036 4δρες
555 985 643 1024 τῶν
680 979 823 1023 ἀστῶν
864 979 1058 1037 δόκιμοι,
1107 982 1369 1035 προδιδοῦσι
1406 985 1518 1023 τοῖσι
1559 979 1728 1033 Πέρ-65

357 1054 363 1078 -’
415 1061 529 1106 σῃσι.
586 1049 627 1091 οἱ
655 1048 724 1100 δὲ,
763 1048 1014 1100 ἐσελθόντες
1047 1049 1089 1100 ἐς
1120 1049 1196 1105 τὴν
1224 1048 1376 1099 πόλιν,
1412 1051 1544 1090 τοῦτο
1584 1046 1675 1101 μὲν,

411 1117 463 1160 τοὶ
505 1116 576 1170 ἱροὶ
609 1115 870 1171 συλήσαντες
908 1116 1169 1173 ἐνέπρησαν,
1209 1115 1548 1171 ἀποτιννύμενοι
1585 1117 1674 1156 τῶν

415 1184 462 1228 ἐν
496 1181 689 1239 Σάρδισι
728 1183 1095 1227 κατακαυθέντων
1133 1185 1260 1240 ἱρῶν·
1299 1186 1426 1228 τοῦτο
1465 1181 1532 1232 δὲ,
1570 1180 1674 1233 τούς

414 1249 683 1305 ἀνθρώπους
733 1249 1136 1307 ἠνδραποδίσαντο,
1200 1250 1309 1296 κατὰ
1355 1250 1433 1302 τὰς
1482 1251 1673 1306 Δαρείου

340 1328 343 1333 “
410 1319 599 1382 ἐντολάς.

357 1507 394 1552 §.
424 1504 450 1545 4
488 1505 564 1543 1οοί
602 1504 919 1556 significationem
953 1518 1014 1543 as-

356 1563 484 1599 sumit.

413 1635 673 1691 κατασχόντες
687 1637 728 1678 δὲ
749 1642 870 1679 ταῦτα
881 1637 928 1679 to?
939 1655 1015 1690 χω·-

358 1697 452 1749 ρία]
493 1698 516 1733 i.
550 1710 583 1734 e.
614 1697 697 1734 haec
728 1709 805 1733 vero
835 1696 911 1733 loca
939 1709 1016 1734 cum

358 1757 592 1804 occupassent.
626 1754 766 1790 Moneo
778 1754 825 1790 ob
837 1754 1016 1790 voculam

357 1809 397 1857 ἒς
422 1810 522 1846 male
543 1810 635 1846 olim
661 1811 785 1846 verbis
813 1812 936 1848 ταῦτα
966 1806 1013 1847 τὰ

357 1881 389 1917 χ.
410 1867 676 1917 praepositam,
695 1865 762 1903 sed
784 1879 804 1901 a
831 1864 1014 1916 Schw'gh.

359 1930 394 1959 et
406 1923 520 1960 Gaisf.
533 1924 666 1959 merito
682 1923 880 1961 abiectam.
904 1921 1016 1972 Quod

357 1981 526 2031 sequitur
547 1978 694 2025 ἵππους
703 1993 741 2016 τε
759 1974 1013 2029 ἐξεβάλλοντο

359 2036 402 2084 (i.
424 2049 456 2072 e.
486 2048 590 2085 equos
616 2049 632 2072 e
658 2036 806 2072 navibus
833 2037 867 2072 in
888 2039 1015 2072 terram

357 2092 614 2141 exposuerunt)
649 2104 827 2141 comparo
850 2104 940 2127 cum
950 2092 1012 2138 Vl,

359 2148 431 2195 95,
467 2148 555 2183 ubi:
614 2145 867 2198 ἐσβαλόμενοι
919 2143 1014 2192 τούς

360 2203 544 2248 ἰ’ππονυςί.
568 2216 601 2239 e.
618 2207 802 2253 postquam
823 2215 924 2253 equos
944 2204 1012 2239 im-

354 2262 558 2308 posuerunt.

419 2347 459 2387 οἱ
483 2344 524 2386 δὲ
555 2343 764 2396 Ἐρετριέες
791 2346 1012 2394 ἐπεξελθεῖν

361 2401 432 2455 μὲν
455 2419 491 2442 κ.
511 2419 544 2442 τ.
569 2404 622 2452 λ.]
653 2404 676 2439 i.
708 2416 738 2439 e.
776 2403 917 2440 Eretrii
946 2416 1013 2440 Ιηοιι

360 2461 560 2509 cogitabant
569 2459 686 2508 egredi
688 2471 914 2509 pugnamque
925 2471 1012 2495 com-

357 2519 512 2562 mittere,
541 2517 600 2553 sed
618 2519 801 2566 postquam
820 2529 860 2552 ea
881 2517 1011 2552 vicerat

358 2575 540 2621 sententia,
574 2572 646 2622 qua
667 2573 780 2608 urbem
798 2585 864 2608 non
881 2572 1011 2608 desere-

357 2633 449 2676 rent,
480 2629 519 2666 id
546 2630 663 2678 potius
685 2630 772 2678 ipsis
792 2641 894 2664 curae
917 2628 1010 2677 suit,

357 2689 397 2722 ut
416 2686 464 2735 (si
482 2698 556 2737 quo
570 2684 703 2734 modo)
725 2687 855 2721 moenia
876 2688 1012 2720 tueren-

359 2745 417 2778 tur
450 2741 568 2789 (meri
594 2742 781 2792 possent).
852 2742 907 2776 De
941 2753 1012 2776 usu

360 2799 563 2848 particulae
585 2797 620 2837 εἰ
640 2799 788 2835 monuit
800 2795 934 2834 Matth.
947 2797 1011 2834 Gr.

1071 1507 1138 1547 Gr.
1163 1509 1281 1553 1023,
1320 1508 1386 1558 qui
1411 1505 1515 1543 idem
1543 1517 1631 1556 pag.
1650 1505 1731 1547 658

1071 1560 1118 1598 de
1150 1569 1336 1599 structura
1365 1563 1471 1599 verbi
1491 1560 1608 1613 μέλει.
1667 1560 1729 1598 Ad

1071 1617 1182 1656 ἐνίκα
1201 1617 1366 1655 subaud.
1387 1616 1416 1669 ἦ
1433 1614 1586 1669 γνώμη.
1617 1617 1729 1654 Couf.

1071 1675 1100 1720 Ι,
1124 1676 1192 1714 61.
1212 1675 1277 1722 VI,
1308 1677 1401 1715 109.
1421 1675 1613 1711 Lambert.
1633 1675 1723 1711 Bos.

1071 1731 1129 1766 De
1151 1731 1286 1780 ellipss.
1308 1744 1346 1781 p.
1359 1729 1425 1772 84.
1447 1752 1499 1759 —-
1527 1732 1620 1767 Mox
1640 1743 1729 1767 cum

1071 1785 1289 1836 Scllweigh.
1312 1794 1348 1823 et
1369 1787 1482 1823 Gaisf.
1505 1785 1593 1823 dedi
1617 1801 1729 1838 γινο-

1072 1841 1192 1894 μένης
1223 1856 1244 1879 e
1273 1844 1480 1880 Florentin.
1520 1855 1589 1894 pro
1615 1857 1731 1895 γενο-

1072 1898 1206 1950 μένης-

1128 2006 1427 2060 Εὕφορβος-ὂ
1441 2007 1615 2058 Κυνέου]
1629 2010 1727 2046 Eos—

1072 2065 1161 2102 dem
1189 2067 1358 2102 Eretriae
1388 2065 1597 2116 proditores
1617 2072 1728 2103 vocat

1069 2123 1232 2158 Pausan.
1263 2122 1343 2168 Vll,
1378 2124 1428 2161 10
1456 2123 1492 2167 ξ.
1523 2124 1542 2161 1
1567 2128 1604 2158 et
1632 2123 1728 2158 Plu-

1069 2176 1187 2215 tarch.
1211 2180 1244 2213 II
1264 2191 1301 2228 p.
1319 2178 1398 2218 510
1415 2179 1471 2225 Β.,
1502 2190 1596 2230 quos
1620 2179 1726 2214 exci-

1069 2240 1123 2270 tat
1142 2235 1371 2283 VVesseling.
1394 2234 1622 2271 Strabonem
1652 2247 1725 2271 uo-

1070 2297 1152 2326 tans
1166 2290 1349 2326 memoria
1362 2291 1498 2326 salsum
1507 2303 1726 2342 esse‚quan-

1070 2345 1118 2382 do
1140 2347 1178 2382 X
1198 2359 1235 2396 p.
1257 2345 1337 2387 448
1357 2348 1403 2384 A.
1424 2359 1453 2383 s.
1475 2349 1555 2388 687
1572 2346 1725 2384 deEre-

1069 2403 1139 2438 tria
1159 2403 1211 2439 sic
1231 2403 1379 2439 scribit:
1413 2400 1488 2453 τήν
1512 2400 1629 2442 πόλιν
1652 2418 1725 2442 κα·

1068 2457 1272 2508 τέσκαψαν
1311 2457 1483 2509 Πέρσαι,
1531 2455 1724 2510 σαγηνεύ-

1069 2527 1226 2561 σαντες,
1279 2511 1333 2561 ὥς
1362 2528 1487 2566 φησιν
1505 2513 1722 2567 Ἡρόδοτος,

1068 2569 1161 2617 τούς
1188 2567 1434 2622 ἀνθρώπους
1466 2574 1522 2625 τῷ
1560 2567 1744 2622 πλήθει.Ι

1068 2627 1165 2664 Add.
1187 2628 1283 2666 Plat.
1303 2629 1361 2663 De
1380 2629 1498 2678 Legg.
1515 2629 1568 2664 111
1588 2641 1626 2678 p.
1641 2629 1722 2668 698

1069 2685 1115 2721 D.
1145 2685 1262 2722 Tom.
1292 2686 1339 2721 ΙΙ.
1369 2706 1420 2712 --
1450 2683 1513 2720 Ad
1543 2685 1656 2721 verba
1676 2679 1722 2722 τὰ

1068 2737 1400 2837 ξρᾶὦυέήσαντες
1422 2740 1521 2780 conf.
1552 2747 1646 2781 nott.
1674 2738 1722 2776 ad

1725 312 1806 352 485
