<?xml version="1.0" encoding="UTF-8"?>
<!DOCTYPE html PUBLIC "-//W3C//DTD XHTML 1.0 Transitional//EN"
    "http://www.w3.org/TR/xhtml1/DTD/xhtml1-transitional.dtd">
<html xmlns="http://www.w3.org/1999/xhtml" xml:lang="en" lang="en">
 <head>
  <title>
</title>
<meta http-equiv="Content-Type" content="text/html;charset=utf-8" />
  <meta name='ocr-system' content='tesseract 3.04.00' />
  <meta name='ocr-capabilities' content='ocr_page ocr_carea ocr_par ocr_line ocrx_word'/>
</head>
<body>
  <div class='ocr_page' id='page_1' title='image "./musaeher03hero/musaeher03hero_0629.png"; bbox 0 0 1897 3340; ppageno 0'>
   <div class='ocr_carea' id='block_1_1' title="bbox 552 156 1502 205">
    <p class='ocr_par' dir='ltr' id='par_1_1' title="bbox 552 156 1502 205">
     <span class='ocr_line' id='line_1_1' title="bbox 552 156 1502 205; baseline 0 -11"><span class='ocrx_word' id='word_1_1' title='bbox 552 156 1185 196; x_wconf 85' lang='lat' dir='ltr'>POLYMNIA.V11.</span> <span class='ocrx_word' id='word_1_2' title='bbox 1419 167 1502 205; x_wconf 76' lang='lat'><em>615</em></span> 
     </span>
    </p>
   </div>
   <div class='ocr_carea' id='block_1_2' title="bbox 1560 273 1800 337">
    <p class='ocr_par' dir='ltr' id='par_1_2' title="bbox 1560 273 1800 335">
     <span class='ocr_line' id='line_1_2' title="bbox 1561 273 1800 304; baseline 0.021 -5"><span class='ocrx_word' id='word_1_3' title='bbox 1561 273 1620 300; x_wconf 81' lang='lat' dir='ltr'><em>Pro</em></span> <span class='ocrx_word' id='word_1_4' title='bbox 1605 282 1668 301; x_wconf 77' lang='lat' dir='ltr'><em>nom</em></span> <span class='ocrx_word' id='word_1_5' title='bbox 1674 279 1722 301; x_wconf 79' lang='lat' dir='ltr'><em>not</em></span> <span class='ocrx_word' id='word_1_6' title='bbox 1727 277 1800 304; x_wconf 82' lang='lat' dir='ltr'><em>rlum</em></span> 
     </span>
     <span class='ocr_line' id='line_1_3' title="bbox 1560 285 1777 337; baseline 0.018 -5"><span class='ocrx_word' id='word_1_7' title='bbox 1560 285 1777 337; x_wconf 57' lang='lat' dir='ltr'><em>Panaeti-acum</em></span> 
     </span>
    </p>
   </div>
   <div class='ocr_carea' id='block_1_3' title="bbox 35 262 1830 382">
    <p class='ocr_par' dir='ltr' id='par_1_3' title="bbox 35 262 1810 379">
     <span class='ocr_line' id='line_1_4' title="bbox 35 262 1504 329; baseline 0.001 -18"><span class='ocrx_word' id='word_1_8' title='bbox 35 327 37 329; x_wconf 66' lang='lat'>‚</span> <span class='ocrx_word' id='word_1_9' title='bbox 80 266 176 314; x_wconf 84' lang='lat'><em>123</em></span> <span class='ocrx_word' id='word_1_10' title='bbox 249 281 333 308; x_wconf 87' lang='grc' dir='ltr'><em>νυν</em></span> <span class='ocrx_word' id='word_1_11' title='bbox 359 266 481 322; x_wconf 78' lang='grc' dir='ltr'><strong><em>χώρη</em></strong></span> <span class='ocrx_word' id='word_1_12' title='bbox 515 266 624 322; x_wconf 86' lang='grc' dir='ltr'><strong><em>αὕτη</em></strong></span> <span class='ocrx_word' id='word_1_13' title='bbox 655 266 854 320; x_wconf 80' lang='grc' dir='ltr'><em>Σιθωνίη</em></span> <span class='ocrx_word' id='word_1_14' title='bbox 882 264 1091 307; x_wconf 82' lang='grc' dir='ltr'><strong><em>καλέεται.</em></strong></span> <span class='ocrx_word' id='word_1_15' title='bbox 1145 262 1195 307; x_wconf 88' lang='grc' dir='ltr'><em>Ὃ</em></span> <span class='ocrx_word' id='word_1_16' title='bbox 1225 264 1270 308; x_wconf 80' lang='grc' dir='ltr'><em>δὲ</em></span> <span class='ocrx_word' id='word_1_17' title='bbox 1299 272 1504 322; x_wconf 81' lang='grc' dir='ltr'><strong><em>ναυτικὸς</em></strong></span> 
     </span>
     <span class='ocr_line' id='line_1_5' title="bbox 1554 340 1830 382; baseline 0.02 -16"><span class='ocrx_word' id='word_1_18' title='bbox 1554 340 1597 377; x_wconf 48' lang='lat' dir='ltr'><em>Py»</em></span> <span class='ocrx_word' id='word_1_19' title='bbox 1582 342 1621 366; x_wconf 75' lang='lat' dir='ltr'><em>ot·</em></span> <span class='ocrx_word' id='word_1_20' title='bbox 1626 341 1679 368; x_wconf 75' lang='lat' dir='ltr'><em>da</em></span> <span class='ocrx_word' id='word_1_21' title='bbox 1707 343 1830 382; x_wconf 77' lang='lat' dir='ltr'><strong>.Aphy-</strong></span> 
     </span>
    </p>
   </div>
   <div class='ocr_carea' id='block_1_4' title="bbox 238 329 1829 468">
    <p class='ocr_par' dir='ltr' id='par_1_4' title="bbox 238 329 1814 464">
     <span class='ocr_line' id='line_1_6' title="bbox 239 329 1769 436; baseline -0.002 -60"><span class='ocrx_word' id='word_1_22' title='bbox 239 333 420 387; x_wconf 82' lang='grc' dir='ltr'><strong><em>στρατὸς</em></strong></span> <span class='ocrx_word' id='word_1_23' title='bbox 450 333 472 377; x_wconf 89' lang='grc' dir='ltr'>ὁ</span> <span class='ocrx_word' id='word_1_24' title='bbox 513 335 699 388; x_wconf 80' lang='grc' dir='ltr'><em>Ξέρξεω,</em></span> <span class='ocrx_word' id='word_1_25' title='bbox 741 330 1000 414; x_wconf 76' lang='grc' dir='ltr'><strong><em>συντάμνων</em></strong></span> <span class='ocrx_word' id='word_1_26' title='bbox 1023 329 1092 374; x_wconf 79' lang='grc' dir='ltr'><em>ἄπ’</em></span> <span class='ocrx_word' id='word_1_27' title='bbox 1117 330 1331 388; x_wconf 80' lang='grc' dir='ltr'><strong><em>Ἀμπέλου</em></strong></span> <span class='ocrx_word' id='word_1_28' title='bbox 1362 333 1498 391; x_wconf 77' lang='grc' dir='ltr'><strong><em>ἄκρης</em></strong></span> <span class='ocrx_word' id='word_1_29' title='bbox 1556 378 1602 399; x_wconf 54' lang='lat' dir='ltr'><em>m</em></span> <span class='ocrx_word' id='word_1_30' title='bbox 1625 374 1689 401; x_wconf 50' lang='lat' dir='ltr'><em>xe</em></span> <span class='ocrx_word' id='word_1_31' title='bbox 1681 377 1769 436; x_wconf 43' lang='grc'><em>1111115</em></span> 
     </span>
     <span class='ocr_line' id='line_1_7' title="bbox 238 398 1829 468; baseline -0.004 -24"><span class='ocrx_word' id='word_1_32' title='bbox 238 400 307 444; x_wconf 82' lang='grc' dir='ltr'><em>ἐπὶ</em></span> <span class='ocrx_word' id='word_1_33' title='bbox 336 402 646 457; x_wconf 79' lang='grc' dir='ltr'><strong><em>Κανάστραιον</em></strong></span> <span class='ocrx_word' id='word_1_34' title='bbox 673 401 826 458; x_wconf 75' lang='grc' dir='ltr'><strong><em>ἄκρην,</em></strong></span> <span class='ocrx_word' id='word_1_35' title='bbox 849 400 898 443; x_wconf 86' lang='grc' dir='ltr'>τὸ</span> <span class='ocrx_word' id='word_1_36' title='bbox 927 400 982 456; x_wconf 81' lang='grc' dir='ltr'><em>δὴ</em></span> <span class='ocrx_word' id='word_1_37' title='bbox 1010 398 1152 455; x_wconf 84' lang='grc' dir='ltr'><strong><em>πασης</em></strong></span> <span class='ocrx_word' id='word_1_38' title='bbox 1172 404 1246 456; x_wconf 81' lang='grc' dir='ltr'><em>τῆς</em></span> <span class='ocrx_word' id='word_1_39' title='bbox 1270 401 1501 458; x_wconf 77' lang='grc' dir='ltr'><strong><em>Παλλήνης</em></strong></span> <span class='ocrx_word' id='word_1_40' title='bbox 1515 408 1611 465; x_wconf 54' lang='grc' dir='ltr'><em>801Αῷ</em></span> <span class='ocrx_word' id='word_1_41' title='bbox 1595 415 1651 441; x_wconf 67' lang='lat' dir='ltr'><em>gc.</em></span> <span class='ocrx_word' id='word_1_42' title='bbox 1667 409 1747 468; x_wconf 48' lang='lat' dir='ltr'><em>oluff</em></span> <span class='ocrx_word' id='word_1_43' title='bbox 1768 419 1829 438; x_wconf 65' lang='grc' dir='ltr'>ω</span> 
     </span>
    </p>
   </div>
   <div class='ocr_carea' id='block_1_5' title="bbox 237 451 1807 610">
    <p class='ocr_par' dir='ltr' id='par_1_5' title="bbox 237 451 1802 610">
     <span class='ocr_line' id='line_1_8' title="bbox 237 451 1798 543; baseline -0.001 -31"><span class='ocrx_word' id='word_1_44' title='bbox 237 468 375 526; x_wconf 79' lang='grc' dir='ltr'><em>ἀνέχει</em></span> <span class='ocrx_word' id='word_1_45' title='bbox 407 470 612 528; x_wconf 82' lang='grc' dir='ltr'><em>μαλιστα,</em></span> <span class='ocrx_word' id='word_1_46' title='bbox 651 469 855 513; x_wconf 81' lang='grc' dir='ltr'><strong><em>ἐντεῦθεν</em></strong></span> <span class='ocrx_word' id='word_1_47' title='bbox 883 466 984 519; x_wconf 78' lang='grc' dir='ltr'><strong><em>νέας</em></strong></span> <span class='ocrx_word' id='word_1_48' title='bbox 1011 484 1056 511; x_wconf 84' lang='grc' dir='ltr'><em>τε</em></span> <span class='ocrx_word' id='word_1_49' title='bbox 1085 468 1159 512; x_wconf 81' lang='grc' dir='ltr'><em>καὶ</em></span> <span class='ocrx_word' id='word_1_50' title='bbox 1189 468 1397 526; x_wconf 81' lang='grc' dir='ltr'><strong><em>στρατιήν</em></strong></span> <span class='ocrx_word' id='word_1_51' title='bbox 1426 485 1506 513; x_wconf 77' lang='grc' dir='ltr'><em>πα·</em></span> <span class='ocrx_word' id='word_1_52' title='bbox 1562 472 1688 534; x_wconf 58' lang='grc' dir='ltr'>ΙΣῙΠΙ</span> <span class='ocrx_word' id='word_1_53' title='bbox 1684 451 1798 543; x_wconf 54' lang='lat' dir='ltr'><em>⁰{aghig</em></span> 
     </span>
     <span class='ocr_line' id='line_1_9' title="bbox 238 516 1807 610; baseline -0.004 -29"><span class='ocrx_word' id='word_1_54' title='bbox 238 537 480 596; x_wconf 81' lang='grc' dir='ltr'><strong><em>ρελοῖμβανε</em></strong></span> <span class='ocrx_word' id='word_1_55' title='bbox 516 539 564 582; x_wconf 82' lang='grc' dir='ltr'><em>ἐκ</em></span> <span class='ocrx_word' id='word_1_56' title='bbox 613 539 869 595; x_wconf 81' lang='grc' dir='ltr'><strong><em>Ποτιδαίης,</em></strong></span> <span class='ocrx_word' id='word_1_57' title='bbox 912 536 986 580; x_wconf 86' lang='grc' dir='ltr'><em>καὶ</em></span> <span class='ocrx_word' id='word_1_58' title='bbox 1011 534 1237 593; x_wconf 81' lang='grc' dir='ltr'><em>Ἀφύτιος,</em></span> <span class='ocrx_word' id='word_1_59' title='bbox 1276 537 1351 580; x_wconf 86' lang='grc' dir='ltr'><em>καὶ</em></span> <span class='ocrx_word' id='word_1_60' title='bbox 1382 538 1499 594; x_wconf 82' lang='grc' dir='ltr'><strong><em>Νέης</em></strong></span> <span class='ocrx_word' id='word_1_61' title='bbox 1556 539 1630 599; x_wconf 68' lang='grc'><strong>3111</strong></span> <span class='ocrx_word' id='word_1_62' title='bbox 1606 577 1635 601; x_wconf 85' lang='lat' dir='ltr'><em>ta</em></span> <span class='ocrx_word' id='word_1_63' title='bbox 1638 516 1762 610; x_wconf 54' lang='grc' dir='ltr'><em>ΡΞήΡἸ-ςτ</em></span> <span class='ocrx_word' id='word_1_64' title='bbox 1765 530 1807 603; x_wconf 51' lang='grc' dir='ltr'><em>α’</em></span> 
     </span>
    </p>
   </div>
   <div class='ocr_carea' id='block_1_6' title="bbox 181 636 451 643">
    <p class='ocr_par' dir='ltr' id='par_1_6' title="bbox 181 636 451 643">
     <span class='ocr_line' id='line_1_10' title="bbox 181 636 451 643; baseline 0 2697"><span class='ocrx_word' id='word_1_65' title='bbox 181 636 451 643; x_wconf 95' lang='lat' dir='ltr'><em> </em></span> 
     </span>
    </p>
   </div>
   <div class='ocr_carea' id='block_1_7' title="bbox 364 674 1554 730">
    <p class='ocr_par' dir='ltr' id='par_1_7' title="bbox 364 674 1554 730">
     <span class='ocr_line' id='line_1_11' title="bbox 364 674 1554 730; baseline 0.001 -15"><span class='ocrx_word' id='word_1_66' title='bbox 364 678 459 730; x_wconf 86' lang='lat' dir='ltr'><em>cap.</em></span> <span class='ocrx_word' id='word_1_67' title='bbox 482 679 658 716; x_wconf 87' lang='lat' dir='ltr'>CXXIII.</span> <span class='ocrx_word' id='word_1_68' title='bbox 894 674 1107 713; x_wconf 85' lang='lat' dir='ltr'>Macedone</span> <span class='ocrx_word' id='word_1_69' title='bbox 1117 683 1226 726; x_wconf 88' lang='lat' dir='ltr'><em>capta</em></span> <span class='ocrx_word' id='word_1_70' title='bbox 1239 689 1282 714; x_wconf 90' lang='lat' dir='ltr'><em>ac</em></span> <span class='ocrx_word' id='word_1_71' title='bbox 1291 676 1414 715; x_wconf 85' lang='lat' dir='ltr'><em>diruta</em></span> <span class='ocrx_word' id='word_1_72' title='bbox 1423 685 1554 729; x_wconf 81' lang='lat' dir='ltr'><em>postea</em></span> 
     </span>
    </p>
   </div>
   <div class='ocr_carea' id='block_1_8' title="bbox 891 734 1553 786">
    <p class='ocr_par' dir='ltr' id='par_1_8' title="bbox 891 734 1553 786">
     <span class='ocr_line' id='line_1_12' title="bbox 891 734 1553 786; baseline 0.008 -17"><span class='ocrx_word' id='word_1_73' title='bbox 891 735 1096 770; x_wconf 83' lang='lat' dir='ltr'><strong>resurrexit</strong></span> <span class='ocrx_word' id='word_1_74' title='bbox 1125 734 1283 770; x_wconf 87' lang='lat' dir='ltr'><em>nomine</em></span> <span class='ocrx_word' id='word_1_75' title='bbox 1305 734 1553 786; x_wconf 78' lang='lat' dir='ltr'><em>Cassandriae,</em></span> 
     </span>
    </p>
   </div>
   <div class='ocr_carea' id='block_1_9' title="bbox 14 0 67 1017">
    <p class='ocr_par' dir='ltr' id='par_1_9' title="bbox 14 0 67 1017">
     <span class='ocr_line' id='line_1_13' title="bbox 14 0 67 1017; baseline 0 0"><span class='ocrx_word' id='word_1_76' title='bbox 14 0 67 1017; x_wconf 95' lang='lat' dir='ltr'><em> </em></span> 
     </span>
    </p>
   </div>
   <div class='ocr_carea' id='block_1_10' title="bbox 126 751 835 1364">
    <p class='ocr_par' dir='ltr' id='par_1_10' title="bbox 126 751 835 1364">
     <span class='ocr_line' id='line_1_14' title="bbox 234 751 835 809; baseline 0.003 -14"><span class='ocrx_word' id='word_1_77' title='bbox 234 751 469 807; x_wconf 70' lang='grc' dir='ltr'><strong><em>συντάμνων</em></strong></span> <span class='ocrx_word' id='word_1_78' title='bbox 511 753 580 797; x_wconf 72' lang='grc' dir='ltr'><em>ἄπ’</em></span> <span class='ocrx_word' id='word_1_79' title='bbox 636 753 835 809; x_wconf 77' lang='grc' dir='ltr'><strong><em>Ἀμπέλου</em></strong></span> 
     </span>
     <span class='ocr_line' id='line_1_15' title="bbox 175 809 832 865; baseline 0 -13"><span class='ocrx_word' id='word_1_80' title='bbox 175 809 301 863; x_wconf 65' lang='grc' dir='ltr'><strong><em>ἄκρης</em></strong></span> <span class='ocrx_word' id='word_1_81' title='bbox 312 811 376 853; x_wconf 79' lang='grc' dir='ltr'><em>ἐπὶ</em></span> <span class='ocrx_word' id='word_1_82' title='bbox 390 810 672 865; x_wconf 75' lang='grc' dir='ltr'><strong><em>Κανάστραιον</em></strong></span> <span class='ocrx_word' id='word_1_83' title='bbox 687 811 832 865; x_wconf 64' lang='grc' dir='ltr'><strong><em>ἄκρην]</em></strong></span> 
     </span>
     <span class='ocr_line' id='line_1_16' title="bbox 173 865 835 920; baseline 0.002 -14"><span class='ocrx_word' id='word_1_84' title='bbox 173 868 236 906; x_wconf 89' lang='lat' dir='ltr'><em>Ad</em></span> <span class='ocrx_word' id='word_1_85' title='bbox 256 865 494 920; x_wconf 73' lang='grc' dir='ltr'><strong><em>συντάμνων</em></strong></span> <span class='ocrx_word' id='word_1_86' title='bbox 513 879 644 909; x_wconf 89' lang='lat' dir='ltr'><em>mente</em></span> <span class='ocrx_word' id='word_1_87' title='bbox 656 871 771 909; x_wconf 83' lang='lat' dir='ltr'><em>addas</em></span> <span class='ocrx_word' id='word_1_88' title='bbox 784 872 835 908; x_wconf 86' lang='lat' dir='ltr'><em>li-</em></span> 
     </span>
     <span class='ocr_line' id='line_1_17' title="bbox 173 923 834 979; baseline 0.005 -17"><span class='ocrx_word' id='word_1_89' title='bbox 173 933 233 963; x_wconf 82' lang='lat' dir='ltr'><em>cet</em></span> <span class='ocrx_word' id='word_1_90' title='bbox 253 923 328 978; x_wconf 74' lang='grc' dir='ltr'><em>τήν</em></span> <span class='ocrx_word' id='word_1_91' title='bbox 351 924 473 975; x_wconf 74' lang='grc' dir='ltr'><strong><em>ὁδόν,</em></strong></span> <span class='ocrx_word' id='word_1_92' title='bbox 503 935 546 965; x_wconf 88' lang='lat' dir='ltr'><em>ut</em></span> <span class='ocrx_word' id='word_1_93' title='bbox 577 930 643 966; x_wconf 85' lang='lat' dir='ltr'><em>sit:</em></span> <span class='ocrx_word' id='word_1_94' title='bbox 691 931 834 979; x_wconf 83' lang='lat' dir='ltr'><em>praeci-</em></span> 
     </span>
     <span class='ocr_line' id='line_1_18' title="bbox 173 983 832 1023; baseline 0.005 -3"><span class='ocrx_word' id='word_1_95' title='bbox 173 983 256 1020; x_wconf 85' lang='lat' dir='ltr'><em>dens</em></span> <span class='ocrx_word' id='word_1_96' title='bbox 284 985 379 1020; x_wconf 82' lang='lat' dir='ltr'><em>viam</em></span> <span class='ocrx_word' id='word_1_97' title='bbox 407 985 432 1022; x_wconf 90' lang='lat' dir='ltr'><em>i.</em></span> <span class='ocrx_word' id='word_1_98' title='bbox 467 998 499 1023; x_wconf 89' lang='lat' dir='ltr'><em>e.</em></span> <span class='ocrx_word' id='word_1_99' title='bbox 532 986 740 1023; x_wconf 63' lang='lat' dir='ltr'><em>brevissima</em></span> <span class='ocrx_word' id='word_1_100' title='bbox 769 986 832 1023; x_wconf 70' lang='lat' dir='ltr'><em>vici</em></span> 
     </span>
     <span class='ocr_line' id='line_1_19' title="bbox 170 1039 831 1093; baseline 0.008 -17"><span class='ocrx_word' id='word_1_101' title='bbox 170 1043 295 1084; x_wconf 81' lang='lat' dir='ltr'><em>utens;</em></span> <span class='ocrx_word' id='word_1_102' title='bbox 333 1039 437 1078; x_wconf 89' lang='lat' dir='ltr'><em>unde</em></span> <span class='ocrx_word' id='word_1_103' title='bbox 454 1039 499 1081; x_wconf 78' lang='grc' dir='ltr'><em>τό</em></span> <span class='ocrx_word' id='word_1_104' title='bbox 527 1039 831 1093; x_wconf 72' lang='grc' dir='ltr'><strong><em>συντομώτατον</em></strong></span> 
     </span>
     <span class='ocr_line' id='line_1_20' title="bbox 171 1096 830 1148; baseline 0.003 -15"><span class='ocrx_word' id='word_1_105' title='bbox 171 1097 251 1143; x_wconf 83' lang='lat' dir='ltr'><em>vn,</em></span> <span class='ocrx_word' id='word_1_106' title='bbox 272 1099 362 1137; x_wconf 78' lang='lat'>121.</span> <span class='ocrx_word' id='word_1_107' title='bbox 383 1096 486 1138; x_wconf 84' lang='lat' dir='ltr'><em>Add.</em></span> <span class='ocrx_word' id='word_1_108' title='bbox 507 1099 594 1144; x_wconf 74' lang='lat' dir='ltr'><em>vn,</em></span> <span class='ocrx_word' id='word_1_109' title='bbox 613 1098 692 1139; x_wconf 78' lang='lat'><em>124</em></span> <span class='ocrx_word' id='word_1_110' title='bbox 706 1106 743 1136; x_wconf 84' lang='lat' dir='ltr'><em>et</em></span> <span class='ocrx_word' id='word_1_111' title='bbox 761 1100 830 1148; x_wconf 83' lang='lat' dir='ltr'><em>lx,</em></span> 
     </span>
     <span class='ocr_line' id='line_1_21' title="bbox 126 1151 832 1215; baseline 0.011 -28"><span class='ocrx_word' id='word_1_112' title='bbox 126 1199 143 1215; x_wconf 35' lang='grc' dir='ltr'>ἢ</span> <span class='ocrx_word' id='word_1_113' title='bbox 170 1155 235 1200; x_wconf 86' lang='grc'><em>89,</em></span> <span class='ocrx_word' id='word_1_114' title='bbox 260 1154 349 1190; x_wconf 86' lang='lat' dir='ltr'><em>ubi:</em></span> <span class='ocrx_word' id='word_1_115' title='bbox 400 1151 475 1204; x_wconf 74' lang='grc' dir='ltr'><em>τήν</em></span> <span class='ocrx_word' id='word_1_116' title='bbox 510 1151 727 1207; x_wconf 76' lang='grc' dir='ltr'><strong><em>μεσόγαιαν</em></strong></span> <span class='ocrx_word' id='word_1_117' title='bbox 752 1154 832 1194; x_wconf 79' lang='grc' dir='ltr'><em>τά-</em></span> 
     </span>
     <span class='ocr_line' id='line_1_22' title="bbox 170 1209 830 1263; baseline 0.002 -15"><span class='ocrx_word' id='word_1_118' title='bbox 170 1222 281 1260; x_wconf 76' lang='grc' dir='ltr'><strong><em>μνων</em></strong></span> <span class='ocrx_word' id='word_1_119' title='bbox 301 1213 371 1260; x_wconf 83' lang='grc' dir='ltr'><em>τῆς</em></span> <span class='ocrx_word' id='word_1_120' title='bbox 384 1209 498 1259; x_wconf 76' lang='grc' dir='ltr'><strong><em>ὁδοῦ,</em></strong></span> <span class='ocrx_word' id='word_1_121' title='bbox 519 1213 591 1249; x_wconf 86' lang='lat' dir='ltr'><em>nisi</em></span> <span class='ocrx_word' id='word_1_122' title='bbox 612 1210 685 1249; x_wconf 90' lang='lat' dir='ltr'><em>hoc</em></span> <span class='ocrx_word' id='word_1_123' title='bbox 706 1215 830 1263; x_wconf 84' lang='lat' dir='ltr'><em>potius</em></span> 
     </span>
     <span class='ocr_line' id='line_1_23' title="bbox 170 1269 833 1321; baseline 0.008 -19"><span class='ocrx_word' id='word_1_124' title='bbox 170 1273 246 1303; x_wconf 87' lang='lat' dir='ltr'><em>est:</em></span> <span class='ocrx_word' id='word_1_125' title='bbox 277 1269 371 1304; x_wconf 80' lang='lat' dir='ltr'><em>viam</em></span> <span class='ocrx_word' id='word_1_126' title='bbox 395 1281 553 1319; x_wconf 84' lang='lat' dir='ltr'><em>carpens,</em></span> <span class='ocrx_word' id='word_1_127' title='bbox 571 1271 755 1320; x_wconf 76' lang='lat' dir='ltr'><em>perficiens</em></span> <span class='ocrx_word' id='word_1_128' title='bbox 764 1283 833 1321; x_wconf 87' lang='lat' dir='ltr'><em>per</em></span> 
     </span>
     <span class='ocr_line' id='line_1_24' title="bbox 167 1322 458 1364; baseline 0.01 -4"><span class='ocrx_word' id='word_1_129' title='bbox 167 1322 458 1364; x_wconf 75' lang='lat' dir='ltr'><em>mediterranea.</em></span> 
     </span>
    </p>
   </div>
   <div class='ocr_carea' id='block_1_11' title="bbox 164 1410 830 2822">
    <p class='ocr_par' dir='ltr' id='par_1_11' title="bbox 164 1410 830 2314">
     <span class='ocr_line' id='line_1_25' title="bbox 226 1410 830 1465; baseline 0.002 -13"><span class='ocrx_word' id='word_1_130' title='bbox 226 1410 526 1465; x_wconf 74' lang='grc' dir='ltr'><strong><em>Κανάστραιον]</em></strong></span> <span class='ocrx_word' id='word_1_131' title='bbox 552 1413 636 1465; x_wconf 86' lang='lat' dir='ltr'><em>(ubi</em></span> <span class='ocrx_word' id='word_1_132' title='bbox 645 1414 830 1453; x_wconf 74' lang='lat' dir='ltr'><em>Matthiae</em></span> 
     </span>
     <span class='ocr_line' id='line_1_26' title="bbox 169 1469 830 1523; baseline 0.005 -17"><span class='ocrx_word' id='word_1_133' title='bbox 169 1477 206 1507; x_wconf 88' lang='lat' dir='ltr'><em>et</em></span> <span class='ocrx_word' id='word_1_134' title='bbox 214 1469 415 1508; x_wconf 80' lang='lat' dir='ltr'><em>Bekkerus</em></span> <span class='ocrx_word' id='word_1_135' title='bbox 427 1474 728 1523; x_wconf 80' lang='grc' dir='ltr'><strong><em>Καναστραΐον)</em></strong></span> <span class='ocrx_word' id='word_1_136' title='bbox 740 1487 830 1510; x_wconf 89' lang='lat' dir='ltr'><em>cum</em></span> 
     </span>
     <span class='ocr_line' id='line_1_27' title="bbox 169 1525 829 1578; baseline 0.003 -13"><span class='ocrx_word' id='word_1_137' title='bbox 169 1525 479 1578; x_wconf 82' lang='lat' dir='ltr'><em>Schweighaeus.</em></span> <span class='ocrx_word' id='word_1_138' title='bbox 502 1536 539 1566; x_wconf 92' lang='lat' dir='ltr'><em>et</em></span> <span class='ocrx_word' id='word_1_139' title='bbox 560 1530 676 1566; x_wconf 88' lang='lat' dir='ltr'><em>Gaisf.</em></span> <span class='ocrx_word' id='word_1_140' title='bbox 699 1529 787 1567; x_wconf 84' lang='lat' dir='ltr'><em>dedi</em></span> <span class='ocrx_word' id='word_1_141' title='bbox 808 1544 829 1566; x_wconf 90' lang='lat' dir='ltr'><em>e</em></span> 
     </span>
     <span class='ocr_line' id='line_1_28' title="bbox 168 1584 825 1638; baseline 0.005 -17"><span class='ocrx_word' id='word_1_142' title='bbox 168 1584 358 1622; x_wconf 84' lang='lat' dir='ltr'><em>Sancrofti</em></span> <span class='ocrx_word' id='word_1_143' title='bbox 388 1584 473 1622; x_wconf 87' lang='lat' dir='ltr'><em>cod.</em></span> <span class='ocrx_word' id='word_1_144' title='bbox 515 1592 552 1623; x_wconf 90' lang='lat' dir='ltr'><em>et</em></span> <span class='ocrx_word' id='word_1_145' title='bbox 593 1587 753 1638; x_wconf 83' lang='lat' dir='ltr'><em>Scylace</em></span> <span class='ocrx_word' id='word_1_146' title='bbox 788 1588 825 1633; x_wconf 64' lang='grc' dir='ltr'><em>ξ.</em></span> 
     </span>
     <span class='ocr_line' id='line_1_29' title="bbox 167 1641 825 1693; baseline -0.005 -11"><span class='ocrx_word' id='word_1_147' title='bbox 167 1643 221 1682; x_wconf 88' lang='grc'><em>67</em></span> <span class='ocrx_word' id='word_1_148' title='bbox 250 1655 289 1692; x_wconf 91' lang='lat' dir='ltr'><em>p-</em></span> <span class='ocrx_word' id='word_1_149' title='bbox 319 1644 372 1682; x_wconf 87' lang='grc'><em>26</em></span> <span class='ocrx_word' id='word_1_150' title='bbox 393 1641 512 1680; x_wconf 91' lang='lat' dir='ltr'><em>Huds.</em></span> <span class='ocrx_word' id='word_1_151' title='bbox 544 1656 582 1693; x_wconf 97' lang='grc' dir='ltr'><em>Ρ.</em></span> <span class='ocrx_word' id='word_1_152' title='bbox 613 1646 696 1684; x_wconf 88' lang='grc'><em>278</em></span> <span class='ocrx_word' id='word_1_153' title='bbox 726 1645 825 1681; x_wconf 86' lang='lat' dir='ltr'><em>Gail.</em></span> 
     </span>
     <span class='ocr_line' id='line_1_30' title="bbox 168 1695 828 1749; baseline 0.009 -16"><span class='ocrx_word' id='word_1_154' title='bbox 168 1695 250 1748; x_wconf 88' lang='lat' dir='ltr'><em>(ubi</em></span> <span class='ocrx_word' id='word_1_155' title='bbox 281 1695 585 1749; x_wconf 71' lang='grc' dir='ltr'><strong><em>Κανᾰστραιον·</em></strong></span> <span class='ocrx_word' id='word_1_156' title='bbox 632 1697 735 1749; x_wconf 81' lang='grc' dir='ltr'><strong><em>ἱερὸν</em></strong></span> <span class='ocrx_word' id='word_1_157' title='bbox 778 1697 828 1739; x_wconf 82' lang='grc' dir='ltr'><strong><em>οἷ·-</em></strong></span> 
     </span>
     <span class='ocr_line' id='line_1_31' title="bbox 166 1750 825 1806; baseline 0.002 -14"><span class='ocrx_word' id='word_1_158' title='bbox 166 1750 406 1805; x_wconf 80' lang='grc' dir='ltr'><strong><em>κοωτήριον)</em></strong></span> <span class='ocrx_word' id='word_1_159' title='bbox 434 1754 616 1806; x_wconf 78' lang='lat' dir='ltr'><em>Thucyd.</em></span> <span class='ocrx_word' id='word_1_160' title='bbox 637 1757 701 1803; x_wconf 92' lang='lat' dir='ltr'><em>IV,</em></span> <span class='ocrx_word' id='word_1_161' title='bbox 734 1760 825 1805; x_wconf 85' lang='lat'>110,</span> 
     </span>
     <span class='ocr_line' id='line_1_32' title="bbox 166 1810 824 1862; baseline 0.006 -16"><span class='ocrx_word' id='word_1_162' title='bbox 166 1810 232 1846; x_wconf 92' lang='lat' dir='ltr'><em>ubi</em></span> <span class='ocrx_word' id='word_1_163' title='bbox 258 1811 368 1861; x_wconf 85' lang='lat' dir='ltr'><em>plura</em></span> <span class='ocrx_word' id='word_1_164' title='bbox 402 1811 450 1848; x_wconf 86' lang='lat' dir='ltr'><em>de</em></span> <span class='ocrx_word' id='word_1_165' title='bbox 480 1814 663 1862; x_wconf 84' lang='lat' dir='ltr'><em>scriptura</em></span> <span class='ocrx_word' id='word_1_166' title='bbox 693 1814 824 1856; x_wconf 82' lang='lat' dir='ltr'><em>Wass.</em></span> 
     </span>
     <span class='ocr_line' id='line_1_33' title="bbox 167 1867 824 1918; baseline 0.003 -14"><span class='ocrx_word' id='word_1_167' title='bbox 167 1868 228 1904; x_wconf 88' lang='lat' dir='ltr'><em>cui</em></span> <span class='ocrx_word' id='word_1_168' title='bbox 247 1867 578 1905; x_wconf 85' lang='lat' dir='ltr'><em>add.Tzschucke</em></span> <span class='ocrx_word' id='word_1_169' title='bbox 598 1868 647 1905; x_wconf 91' lang='lat' dir='ltr'><em>ad</em></span> <span class='ocrx_word' id='word_1_170' title='bbox 666 1870 755 1908; x_wconf 86' lang='lat' dir='ltr'><em>Mel.</em></span> <span class='ocrx_word' id='word_1_171' title='bbox 777 1872 824 1918; x_wconf 84' lang='lat' dir='ltr'><em>II,</em></span> 
     </span>
     <span class='ocr_line' id='line_1_34' title="bbox 166 1924 825 1976; baseline 0.005 -16"><span class='ocrx_word' id='word_1_172' title='bbox 166 1926 190 1963; x_wconf 85' lang='lat'>3</span> <span class='ocrx_word' id='word_1_173' title='bbox 213 1924 249 1969; x_wconf 64' lang='grc' dir='ltr'><em>ξ.</em></span> <span class='ocrx_word' id='word_1_174' title='bbox 275 1927 293 1963; x_wconf 84' lang='grc'>1</span> <span class='ocrx_word' id='word_1_175' title='bbox 327 1937 414 1975; x_wconf 79' lang='lat' dir='ltr'><em>pag.</em></span> <span class='ocrx_word' id='word_1_176' title='bbox 451 1928 531 1966; x_wconf 86' lang='lat'><em>160</em></span> <span class='ocrx_word' id='word_1_177' title='bbox 561 1932 657 1962; x_wconf 89' lang='lat' dir='ltr'><em>nott.</em></span> <span class='ocrx_word' id='word_1_178' title='bbox 687 1939 825 1976; x_wconf 82' lang='lat' dir='ltr'><em>exegg.</em></span> 
     </span>
     <span class='ocr_line' id='line_1_35' title="bbox 164 1979 826 2033; baseline 0.008 -17"><span class='ocrx_word' id='word_1_179' title='bbox 164 1979 281 2031; x_wconf 92' lang='lat' dir='ltr'>Apud</span> <span class='ocrx_word' id='word_1_180' title='bbox 302 1981 487 2032; x_wconf 86' lang='lat' dir='ltr'><em>Stephau.</em></span> <span class='ocrx_word' id='word_1_181' title='bbox 499 1983 661 2033; x_wconf 79' lang='lat' dir='ltr'><em>Byzant.</em></span> <span class='ocrx_word' id='word_1_182' title='bbox 672 1989 726 2020; x_wconf 84' lang='lat' dir='ltr'><em>est</em></span> <span class='ocrx_word' id='word_1_183' title='bbox 737 1979 826 2021; x_wconf 77' lang='grc' dir='ltr'><em>Κά-</em></span> 
     </span>
     <span class='ocr_line' id='line_1_36' title="bbox 165 2038 823 2090; baseline 0.003 -14"><span class='ocrx_word' id='word_1_184' title='bbox 165 2049 334 2087; x_wconf 83' lang='grc' dir='ltr'><strong><em>ναστρον</em></strong></span> <span class='ocrx_word' id='word_1_185' title='bbox 365 2045 401 2074; x_wconf 88' lang='lat' dir='ltr'><em>et</em></span> <span class='ocrx_word' id='word_1_186' title='bbox 434 2039 473 2074; x_wconf 86' lang='lat' dir='ltr'><em>in</em></span> <span class='ocrx_word' id='word_1_187' title='bbox 488 2038 606 2076; x_wconf 87' lang='lat' dir='ltr'><em>schol.</em></span> <span class='ocrx_word' id='word_1_188' title='bbox 627 2038 676 2076; x_wconf 88' lang='lat' dir='ltr'><em>ad</em></span> <span class='ocrx_word' id='word_1_189' title='bbox 697 2041 823 2090; x_wconf 83' lang='lat' dir='ltr'><strong>Apoll.</strong></span> 
     </span>
     <span class='ocr_line' id='line_1_37' title="bbox 165 2092 824 2146; baseline 0.006 -16"><span class='ocrx_word' id='word_1_190' title='bbox 165 2092 290 2131; x_wconf 83' lang='lat' dir='ltr'><em>Rhod.</em></span> <span class='ocrx_word' id='word_1_191' title='bbox 310 2096 340 2141; x_wconf 86' lang='lat' dir='ltr'><em>I,</em></span> <span class='ocrx_word' id='word_1_192' title='bbox 353 2093 434 2135; x_wconf 85' lang='lat'><em>599</em></span> <span class='ocrx_word' id='word_1_193' title='bbox 458 2092 686 2146; x_wconf 77' lang='grc' dir='ltr'><strong><em>Κάναστρα.</em></strong></span> <span class='ocrx_word' id='word_1_194' title='bbox 713 2098 824 2134; x_wconf 89' lang='lat' dir='ltr'><em>Nunc</em></span> 
     </span>
     <span class='ocr_line' id='line_1_38' title="bbox 165 2152 824 2203; baseline 0.008 -17"><span class='ocrx_word' id='word_1_195' title='bbox 165 2152 426 2201; x_wconf 87' lang='lat' dir='ltr'><em>promontorio</em></span> <span class='ocrx_word' id='word_1_196' title='bbox 458 2165 603 2189; x_wconf 88' lang='lat' dir='ltr'><em>nomen</em></span> <span class='ocrx_word' id='word_1_197' title='bbox 637 2152 724 2203; x_wconf 79' lang='lat' dir='ltr'><em>Cap.</em></span> <span class='ocrx_word' id='word_1_198' title='bbox 751 2153 824 2191; x_wconf 85' lang='lat' dir='ltr'><em>Ca-</em></span> 
     </span>
     <span class='ocr_line' id='line_1_39' title="bbox 165 2204 822 2261; baseline 0.006 -18"><span class='ocrx_word' id='word_1_199' title='bbox 165 2209 289 2244; x_wconf 80' lang='lat' dir='ltr'><em>m&#39;stro.</em></span> <span class='ocrx_word' id='word_1_200' title='bbox 309 2229 365 2234; x_wconf 85' lang='lat'><strong>—</strong></span> <span class='ocrx_word' id='word_1_201' title='bbox 393 2209 437 2243; x_wconf 87' lang='lat' dir='ltr'><em>In</em></span> <span class='ocrx_word' id='word_1_202' title='bbox 458 2222 564 2261; x_wconf 85' lang='lat' dir='ltr'><strong>seqq.</strong></span> <span class='ocrx_word' id='word_1_203' title='bbox 596 2204 722 2260; x_wconf 82' lang='grc' dir='ltr'><em>α’νὲχει</em></span> <span class='ocrx_word' id='word_1_204' title='bbox 751 2223 822 2248; x_wconf 83' lang='lat' dir='ltr'><em>va-</em></span> 
     </span>
     <span class='ocr_line' id='line_1_40' title="bbox 167 2263 676 2314; baseline 0.008 -16"><span class='ocrx_word' id='word_1_205' title='bbox 167 2263 238 2300; x_wconf 87' lang='lat' dir='ltr'><em>let:</em></span> <span class='ocrx_word' id='word_1_206' title='bbox 268 2265 458 2314; x_wconf 77' lang='lat' dir='ltr'><strong><em>prominet,</em></strong></span> <span class='ocrx_word' id='word_1_207' title='bbox 484 2268 676 2314; x_wconf 73' lang='lat' dir='ltr'><strong><em>procurrit.</em></strong></span> 
     </span>
    </p>

    <p class='ocr_par' dir='ltr' id='par_1_12' title="bbox 167 2318 823 2822">
     <span class='ocr_line' id='line_1_41' title="bbox 224 2318 819 2369; baseline 0.003 -12"><span class='ocrx_word' id='word_1_208' title='bbox 224 2318 266 2357; x_wconf 80' lang='grc' dir='ltr'><em>ἔκ</em></span> <span class='ocrx_word' id='word_1_209' title='bbox 298 2319 532 2369; x_wconf 83' lang='grc' dir='ltr'><strong><em>Ποτιδαίης]</em></strong></span> <span class='ocrx_word' id='word_1_210' title='bbox 579 2320 753 2360; x_wconf 79' lang='lat' dir='ltr'><em>Potidaea</em></span> <span class='ocrx_word' id='word_1_211' title='bbox 773 2323 819 2359; x_wconf 84' lang='lat' dir='ltr'><em>ab</em></span> 
     </span>
     <span class='ocr_line' id='line_1_42' title="bbox 168 2374 822 2428; baseline 0.006 -17"><span class='ocrx_word' id='word_1_212' title='bbox 168 2374 348 2427; x_wconf 83' lang='lat' dir='ltr'>Olyntho,</span> <span class='ocrx_word' id='word_1_213' title='bbox 378 2382 419 2412; x_wconf 90' lang='lat' dir='ltr'><em>ut</em></span> <span class='ocrx_word' id='word_1_214' title='bbox 440 2375 822 2428; x_wconf 82' lang='lat' dir='ltr'><em>diximus,sexaginta</em></span> 
     </span>
     <span class='ocr_line' id='line_1_43' title="bbox 168 2430 821 2484; baseline -0.002 -16"><span class='ocrx_word' id='word_1_215' title='bbox 168 2432 288 2468; x_wconf 76' lang='lat' dir='ltr'><em>ferme</em></span> <span class='ocrx_word' id='word_1_216' title='bbox 304 2430 432 2469; x_wconf 86' lang='lat' dir='ltr'><em>stadiis</em></span> <span class='ocrx_word' id='word_1_217' title='bbox 441 2432 574 2478; x_wconf 85' lang='lat' dir='ltr'><em>abfuit,</em></span> <span class='ocrx_word' id='word_1_218' title='bbox 587 2434 626 2469; x_wconf 89' lang='lat' dir='ltr'><em>iu</em></span> <span class='ocrx_word' id='word_1_219' title='bbox 639 2435 720 2484; x_wconf 90' lang='lat' dir='ltr'><em>ipso</em></span> <span class='ocrx_word' id='word_1_220' title='bbox 731 2436 821 2471; x_wconf 87' lang='lat' dir='ltr'><em>Pal.</em></span> 
     </span>
     <span class='ocr_line' id='line_1_44' title="bbox 167 2486 822 2527; baseline 0.005 -3"><span class='ocrx_word' id='word_1_221' title='bbox 167 2489 269 2525; x_wconf 80' lang='lat' dir='ltr'><em>lenes</em></span> <span class='ocrx_word' id='word_1_222' title='bbox 293 2486 433 2525; x_wconf 88' lang='lat' dir='ltr'><em>isthmo</em></span> <span class='ocrx_word' id='word_1_223' title='bbox 451 2501 473 2524; x_wconf 82' lang='lat' dir='ltr'><em>a</em></span> <span class='ocrx_word' id='word_1_224' title='bbox 500 2487 703 2526; x_wconf 87' lang='lat' dir='ltr'><em>Corinthiis</em></span> <span class='ocrx_word' id='word_1_225' title='bbox 726 2503 822 2527; x_wconf 90' lang='lat' dir='ltr'><em>cou-</em></span> 
     </span>
     <span class='ocr_line' id='line_1_45' title="bbox 168 2544 822 2597; baseline 0.005 -16"><span class='ocrx_word' id='word_1_226' title='bbox 168 2544 265 2592; x_wconf 80' lang='lat' dir='ltr'><em>dita,</em></span> <span class='ocrx_word' id='word_1_227' title='bbox 287 2546 370 2582; x_wconf 90' lang='lat' dir='ltr'><em>loco</em></span> <span class='ocrx_word' id='word_1_228' title='bbox 390 2558 575 2597; x_wconf 84' lang='lat' dir='ltr'><em>perquam</em></span> <span class='ocrx_word' id='word_1_229' title='bbox 594 2553 822 2596; x_wconf 85' lang='lat' dir='ltr'><em>opportuno,</em></span> 
     </span>
     <span class='ocr_line' id='line_1_46' title="bbox 167 2600 823 2652; baseline 0.002 -15"><span class='ocrx_word' id='word_1_230' title='bbox 167 2600 462 2638; x_wconf 85' lang='lat' dir='ltr'><strong>Atheniensibus</strong></span> <span class='ocrx_word' id='word_1_231' title='bbox 482 2609 613 2652; x_wconf 87' lang='lat' dir='ltr'><em>postea</em></span> <span class='ocrx_word' id='word_1_232' title='bbox 625 2603 823 2639; x_wconf 87' lang='lat' dir='ltr'><em>consocia-</em></span> 
     </span>
     <span class='ocr_line' id='line_1_47' title="bbox 167 2658 823 2710; baseline 0.002 -17"><span class='ocrx_word' id='word_1_233' title='bbox 167 2665 218 2705; x_wconf 85' lang='lat' dir='ltr'><em>ta,</em></span> <span class='ocrx_word' id='word_1_234' title='bbox 252 2671 274 2694; x_wconf 84' lang='lat' dir='ltr'><em>a</em></span> <span class='ocrx_word' id='word_1_235' title='bbox 302 2659 438 2710; x_wconf 85' lang='lat' dir='ltr'><em>quibus</em></span> <span class='ocrx_word' id='word_1_236' title='bbox 468 2658 556 2694; x_wconf 86' lang='lat' dir='ltr'><em>belli</em></span> <span class='ocrx_word' id='word_1_237' title='bbox 577 2658 823 2708; x_wconf 84' lang='lat' dir='ltr'><em>Peloponne-</em></span> 
     </span>
     <span class='ocr_line' id='line_1_48' title="bbox 168 2713 821 2766; baseline 0.003 -17"><span class='ocrx_word' id='word_1_238' title='bbox 168 2714 258 2750; x_wconf 88' lang='lat' dir='ltr'><em>siaci</em></span> <span class='ocrx_word' id='word_1_239' title='bbox 287 2715 393 2752; x_wconf 88' lang='lat' dir='ltr'><em>initio</em></span> <span class='ocrx_word' id='word_1_240' title='bbox 411 2713 560 2752; x_wconf 80' lang='lat' dir='ltr'><em>defecit.</em></span> <span class='ocrx_word' id='word_1_241' title='bbox 592 2714 707 2751; x_wconf 81' lang='lat' dir='ltr'><em>Cuius</em></span> <span class='ocrx_word' id='word_1_242' title='bbox 723 2727 821 2766; x_wconf 84' lang='lat' dir='ltr'><em>quae</em></span> 
     </span>
     <span class='ocr_line' id='line_1_49' title="bbox 168 2769 818 2822; baseline 0.005 -18"><span class='ocrx_word' id='word_1_243' title='bbox 168 2769 308 2807; x_wconf 86' lang='lat' dir='ltr'><em>fuerint</em></span> <span class='ocrx_word' id='word_1_244' title='bbox 326 2771 403 2808; x_wconf 88' lang='lat' dir='ltr'><em>fata</em></span> <span class='ocrx_word' id='word_1_245' title='bbox 422 2801 432 2820; x_wconf 93' lang='lat'>,</span> <span class='ocrx_word' id='word_1_246' title='bbox 455 2770 577 2808; x_wconf 86' lang='lat' dir='ltr'><em>donec</em></span> <span class='ocrx_word' id='word_1_247' title='bbox 599 2783 620 2808; x_wconf 90' lang='lat' dir='ltr'><em>a</em></span> <span class='ocrx_word' id='word_1_248' title='bbox 639 2769 818 2822; x_wconf 79' lang='lat' dir='ltr'><em>Philippo</em></span> 
     </span>
    </p>
   </div>
   <div class='ocr_carea' id='block_1_12' title="bbox 876 788 1551 2823">
    <p class='ocr_par' dir='ltr' id='par_1_13' title="bbox 888 788 1551 1183">
     <span class='ocr_line' id='line_1_50' title="bbox 892 788 1550 842; baseline 0.008 -16"><span class='ocrx_word' id='word_1_249' title='bbox 892 788 966 827; x_wconf 92' lang='lat' dir='ltr'><em>hoc</em></span> <span class='ocrx_word' id='word_1_250' title='bbox 986 791 1072 827; x_wconf 92' lang='lat' dir='ltr'><em>loco</em></span> <span class='ocrx_word' id='word_1_251' title='bbox 1095 789 1303 842; x_wconf 85' lang='lat' dir='ltr'><em>disquirere</em></span> <span class='ocrx_word' id='word_1_252' title='bbox 1330 805 1408 829; x_wconf 87' lang='lat' dir='ltr'><em>nou</em></span> <span class='ocrx_word' id='word_1_253' title='bbox 1430 801 1550 830; x_wconf 81' lang='lat' dir='ltr'><em>vacat.</em></span> 
     </span>
     <span class='ocr_line' id='line_1_51' title="bbox 892 846 1551 902; baseline 0.008 -19"><span class='ocrx_word' id='word_1_254' title='bbox 892 846 966 883; x_wconf 93' lang='lat' dir='ltr'><em>Vid</em></span> <span class='ocrx_word' id='word_1_255' title='bbox 999 848 1185 884; x_wconf 82' lang='lat' dir='ltr'><em>Gatterer.</em></span> <span class='ocrx_word' id='word_1_256' title='bbox 1206 848 1233 886; x_wconf 89' lang='lat' dir='ltr'><em>l.</em></span> <span class='ocrx_word' id='word_1_257' title='bbox 1252 848 1277 884; x_wconf 93' lang='lat' dir='ltr'><em>l.</em></span> <span class='ocrx_word' id='word_1_258' title='bbox 1299 861 1385 899; x_wconf 84' lang='lat' dir='ltr'><em>pag.</em></span> <span class='ocrx_word' id='word_1_259' title='bbox 1396 849 1449 890; x_wconf 87' lang='lat'><em>95</em></span> <span class='ocrx_word' id='word_1_260' title='bbox 1470 863 1551 902; x_wconf 88' lang='lat' dir='ltr'><em>seq.</em></span> 
     </span>
     <span class='ocr_line' id='line_1_52' title="bbox 891 902 1541 951; baseline 0.003 -11"><span class='ocrx_word' id='word_1_261' title='bbox 891 902 1112 941; x_wconf 83' lang='lat' dir='ltr'><em>Tzschuck.</em></span> <span class='ocrx_word' id='word_1_262' title='bbox 1143 903 1191 940; x_wconf 86' lang='lat' dir='ltr'><em>ad</em></span> <span class='ocrx_word' id='word_1_263' title='bbox 1211 905 1301 942; x_wconf 89' lang='lat' dir='ltr'><em>Mel.</em></span> <span class='ocrx_word' id='word_1_264' title='bbox 1322 907 1369 951; x_wconf 91' lang='lat' dir='ltr'><em>II,</em></span> <span class='ocrx_word' id='word_1_265' title='bbox 1390 908 1417 946; x_wconf 82' lang='lat'>2</span> <span class='ocrx_word' id='word_1_266' title='bbox 1439 907 1474 951; x_wconf 63' lang='grc' dir='ltr'><em>ξ.</em></span> <span class='ocrx_word' id='word_1_267' title='bbox 1499 910 1541 946; x_wconf 80' lang='grc'><strong>11</strong></span> 
     </span>
     <span class='ocr_line' id='line_1_53' title="bbox 888 961 1550 1013; baseline 0.006 -17"><span class='ocrx_word' id='word_1_268' title='bbox 888 974 926 1011; x_wconf 92' lang='lat' dir='ltr'><em>p.</em></span> <span class='ocrx_word' id='word_1_269' title='bbox 958 961 1034 1001; x_wconf 82' lang='lat'><em>153</em></span> <span class='ocrx_word' id='word_1_270' title='bbox 1075 968 1170 998; x_wconf 87' lang='lat' dir='ltr'><em>nott.</em></span> <span class='ocrx_word' id='word_1_271' title='bbox 1193 974 1331 1013; x_wconf 80' lang='lat' dir='ltr'><em>exegg.</em></span> <span class='ocrx_word' id='word_1_272' title='bbox 1359 963 1550 1000; x_wconf 84' lang='lat' dir='ltr'><em>Mannert.</em></span> 
     </span>
     <span class='ocr_line' id='line_1_54' title="bbox 889 1017 1544 1070; baseline 0.005 -17"><span class='ocrx_word' id='word_1_273' title='bbox 889 1018 957 1053; x_wconf 85' lang='lat' dir='ltr'><em>VII</em></span> <span class='ocrx_word' id='word_1_274' title='bbox 984 1031 1022 1068; x_wconf 91' lang='lat' dir='ltr'><em>p.</em></span> <span class='ocrx_word' id='word_1_275' title='bbox 1053 1017 1136 1058; x_wconf 83' lang='lat'><em>460</em></span> <span class='ocrx_word' id='word_1_276' title='bbox 1165 1031 1272 1070; x_wconf 85' lang='lat' dir='ltr'><em>seqq.</em></span> <span class='ocrx_word' id='word_1_277' title='bbox 1314 1019 1485 1058; x_wconf 86' lang='lat' dir='ltr'><em>Voemel.</em></span> <span class='ocrx_word' id='word_1_278' title='bbox 1517 1020 1544 1056; x_wconf 93' lang='lat' dir='ltr'><em>l.</em></span> 
     </span>
     <span class='ocr_line' id='line_1_55' title="bbox 888 1075 1548 1128; baseline 0.003 -17"><span class='ocrx_word' id='word_1_279' title='bbox 888 1087 1001 1124; x_wconf 88' lang='lat' dir='ltr'><em>supra</em></span> <span class='ocrx_word' id='word_1_280' title='bbox 1020 1075 1044 1111; x_wconf 88' lang='lat' dir='ltr'><em>l.</em></span> <span class='ocrx_word' id='word_1_281' title='bbox 1073 1086 1161 1124; x_wconf 83' lang='lat' dir='ltr'><em>pag.</em></span> <span class='ocrx_word' id='word_1_282' title='bbox 1193 1076 1246 1115; x_wconf 87' lang='grc'><em>65</em></span> <span class='ocrx_word' id='word_1_283' title='bbox 1267 1088 1373 1128; x_wconf 88' lang='lat' dir='ltr'><em>seqq.</em></span> <span class='ocrx_word' id='word_1_284' title='bbox 1404 1075 1548 1113; x_wconf 85' lang='lat' dir='ltr'><em>Herod.</em></span> 
     </span>
     <span class='ocr_line' id='line_1_56' title="bbox 888 1132 1216 1196; baseline 0 -28"><span class='ocrx_word' id='word_1_285' title='bbox 888 1132 986 1178; x_wconf 86' lang='lat' dir='ltr'>VIII,</span> <span class='ocrx_word' id='word_1_286' title='bbox 1011 1133 1089 1171; x_wconf 77' lang='lat'><em>126</em></span> <span class='ocrx_word' id='word_1_287' title='bbox 1112 1145 1216 1196; x_wconf 89' lang='lat' dir='ltr'><em>seqq.</em></span> 
     </span>
    </p>

    <p class='ocr_par' dir='ltr' id='par_1_14' title="bbox 876 1182 1547 2823">
     <span class='ocr_line' id='line_1_57' title="bbox 943 1182 1547 1239; baseline 0 -13"><span class='ocrx_word' id='word_1_288' title='bbox 943 1186 1010 1227; x_wconf 84' lang='grc' dir='ltr'><em>καὶ</em></span> <span class='ocrx_word' id='word_1_289' title='bbox 1028 1182 1251 1236; x_wconf 79' lang='grc' dir='ltr'><em>Αφύτιος]</em></span> <span class='ocrx_word' id='word_1_290' title='bbox 1284 1188 1437 1239; x_wconf 76' lang='lat' dir='ltr'><em>Aphytis</em></span> <span class='ocrx_word' id='word_1_291' title='bbox 1459 1189 1547 1226; x_wconf 92' lang='lat' dir='ltr'><em>urbs</em></span> 
     </span>
     <span class='ocr_line' id='line_1_58' title="bbox 888 1243 1546 1295; baseline 0.003 -15"><span class='ocrx_word' id='word_1_292' title='bbox 888 1257 909 1281; x_wconf 83' lang='lat' dir='ltr'><em>a</em></span> <span class='ocrx_word' id='word_1_293' title='bbox 930 1243 1071 1295; x_wconf 87' lang='lat' dir='ltr'><strong>Thucy</strong></span> <span class='ocrx_word' id='word_1_294' title='bbox 1075 1244 1162 1281; x_wconf 90' lang='lat' dir='ltr'><em>dide</em></span> <span class='ocrx_word' id='word_1_295' title='bbox 1182 1253 1418 1282; x_wconf 86' lang='lat' dir='ltr'><em>memoratur</em></span> <span class='ocrx_word' id='word_1_296' title='bbox 1437 1247 1466 1293; x_wconf 96' lang='lat' dir='ltr'><em>I,</em></span> <span class='ocrx_word' id='word_1_297' title='bbox 1481 1245 1546 1293; x_wconf 87' lang='lat'><em>64,</em></span> 
     </span>
     <span class='ocr_line' id='line_1_59' title="bbox 887 1302 1545 1353; baseline 0.008 -16"><span class='ocrx_word' id='word_1_298' title='bbox 887 1302 953 1338; x_wconf 86' lang='lat' dir='ltr'><em>ubi</em></span> <span class='ocrx_word' id='word_1_299' title='bbox 973 1302 1113 1338; x_wconf 77' lang='lat' dir='ltr'><em>wasse</em></span> <span class='ocrx_word' id='word_1_300' title='bbox 1149 1302 1227 1351; x_wconf 85' lang='lat' dir='ltr'><em>(cf.</em></span> <span class='ocrx_word' id='word_1_301' title='bbox 1255 1304 1390 1353; x_wconf 86' lang='lat' dir='ltr'><em>Poppo</em></span> <span class='ocrx_word' id='word_1_302' title='bbox 1409 1304 1438 1349; x_wconf 91' lang='lat' dir='ltr'><em>I,</em></span> <span class='ocrx_word' id='word_1_303' title='bbox 1460 1305 1487 1342; x_wconf 97' lang='grc'>2</span> <span class='ocrx_word' id='word_1_304' title='bbox 1506 1316 1545 1353; x_wconf 89' lang='grc' dir='ltr'><em>Ρ.</em></span> 
     </span>
     <span class='ocr_line' id='line_1_60' title="bbox 887 1357 1546 1410; baseline 0.003 -16"><span class='ocrx_word' id='word_1_305' title='bbox 887 1357 987 1407; x_wconf 75' lang='lat'>324)</span> <span class='ocrx_word' id='word_1_306' title='bbox 1038 1359 1273 1410; x_wconf 85' lang='lat' dir='ltr'><em>reliquorum</em></span> <span class='ocrx_word' id='word_1_307' title='bbox 1319 1361 1546 1409; x_wconf 84' lang='lat' dir='ltr'><em>scriptorum</em></span> 
     </span>
     <span class='ocr_line' id='line_1_61' title="bbox 885 1414 1546 1461; baseline 0.002 -10"><span class='ocrx_word' id='word_1_308' title='bbox 885 1416 1101 1451; x_wconf 84' lang='lat' dir='ltr'><em>testimonia</em></span> <span class='ocrx_word' id='word_1_309' title='bbox 1122 1415 1169 1452; x_wconf 91' lang='lat' dir='ltr'><em>de</em></span> <span class='ocrx_word' id='word_1_310' title='bbox 1184 1414 1223 1452; x_wconf 87' lang='lat' dir='ltr'><em>h.</em></span> <span class='ocrx_word' id='word_1_311' title='bbox 1235 1417 1261 1452; x_wconf 91' lang='lat' dir='ltr'><em>l.</em></span> <span class='ocrx_word' id='word_1_312' title='bbox 1283 1417 1418 1453; x_wconf 83' lang='lat' dir='ltr'><em>attulit.</em></span> <span class='ocrx_word' id='word_1_313' title='bbox 1442 1417 1546 1461; x_wconf 80' lang='lat' dir='ltr'><em>Quae</em></span> 
     </span>
     <span class='ocr_line' id='line_1_62' title="bbox 884 1471 1546 1523; baseline 0.002 -15"><span class='ocrx_word' id='word_1_314' title='bbox 884 1479 1096 1523; x_wconf 80' lang='lat' dir='ltr'><em>sequuntur</em></span> <span class='ocrx_word' id='word_1_315' title='bbox 1126 1473 1238 1510; x_wconf 86' lang='lat' dir='ltr'><em>urbes</em></span> <span class='ocrx_word' id='word_1_316' title='bbox 1261 1471 1347 1522; x_wconf 80' lang='grc' dir='ltr'><em>Νέη</em></span> <span class='ocrx_word' id='word_1_317' title='bbox 1374 1471 1487 1519; x_wconf 78' lang='grc' dir='ltr'>πόλις</span> <span class='ocrx_word' id='word_1_318' title='bbox 1508 1480 1546 1510; x_wconf 88' lang='lat' dir='ltr'><em>et</em></span> 
     </span>
     <span class='ocr_line' id='line_1_63' title="bbox 884 1525 1543 1581; baseline -0.003 -14"><span class='ocrx_word' id='word_1_319' title='bbox 884 1525 1004 1580; x_wconf 78' lang='grc' dir='ltr'><em>Αἰγή,</em></span> <span class='ocrx_word' id='word_1_320' title='bbox 1026 1542 1157 1565; x_wconf 86' lang='lat' dir='ltr'><em>earum</em></span> <span class='ocrx_word' id='word_1_321' title='bbox 1169 1530 1287 1577; x_wconf 84' lang='lat' dir='ltr'><em>nulla,</em></span> <span class='ocrx_word' id='word_1_322' title='bbox 1300 1529 1403 1581; x_wconf 89' lang='lat' dir='ltr'><em>quod</em></span> <span class='ocrx_word' id='word_1_323' title='bbox 1413 1531 1543 1577; x_wconf 86' lang='lat' dir='ltr'><em>sciam,</em></span> 
     </span>
     <span class='ocr_line' id='line_1_64' title="bbox 884 1585 1543 1638; baseline 0.002 -17"><span class='ocrx_word' id='word_1_324' title='bbox 884 1586 973 1621; x_wconf 84' lang='lat' dir='ltr'><em>alibi</em></span> <span class='ocrx_word' id='word_1_325' title='bbox 1004 1587 1173 1633; x_wconf 88' lang='lat' dir='ltr'><em>mentio,</em></span> <span class='ocrx_word' id='word_1_326' title='bbox 1213 1587 1286 1623; x_wconf 85' lang='lat' dir='ltr'><em>uisi</em></span> <span class='ocrx_word' id='word_1_327' title='bbox 1315 1585 1420 1638; x_wconf 91' lang='lat' dir='ltr'><em>quod</em></span> <span class='ocrx_word' id='word_1_328' title='bbox 1440 1585 1543 1636; x_wconf 89' lang='lat' dir='ltr'><em>apud</em></span> 
     </span>
     <span class='ocr_line' id='line_1_65' title="bbox 883 1641 1544 1694; baseline 0.002 -15"><span class='ocrx_word' id='word_1_329' title='bbox 883 1642 1044 1694; x_wconf 78' lang='lat' dir='ltr'><em>Scymn.</em></span> <span class='ocrx_word' id='word_1_330' title='bbox 1087 1641 1228 1680; x_wconf 88' lang='lat' dir='ltr'><em>Chium</em></span> <span class='ocrx_word' id='word_1_331' title='bbox 1261 1643 1343 1684; x_wconf 84' lang='lat'><em>658</em></span> <span class='ocrx_word' id='word_1_332' title='bbox 1376 1650 1412 1679; x_wconf 88' lang='lat' dir='ltr'><em>et</em></span> <span class='ocrx_word' id='word_1_333' title='bbox 1440 1642 1544 1694; x_wconf 85' lang='lat' dir='ltr'><em>apud</em></span> 
     </span>
     <span class='ocr_line' id='line_1_66' title="bbox 883 1699 1542 1750; baseline 0.003 -14"><span class='ocrx_word' id='word_1_334' title='bbox 883 1699 1032 1750; x_wconf 88' lang='lat' dir='ltr'><em>Scylac.</em></span> <span class='ocrx_word' id='word_1_335' title='bbox 1065 1701 1103 1745; x_wconf 83' lang='lat'><em>§.</em></span> <span class='ocrx_word' id='word_1_336' title='bbox 1133 1702 1186 1741; x_wconf 88' lang='grc'><em>68</em></span> <span class='ocrx_word' id='word_1_337' title='bbox 1218 1714 1255 1750; x_wconf 86' lang='grc' dir='ltr'><em>Ρ.</em></span> <span class='ocrx_word' id='word_1_338' title='bbox 1276 1702 1330 1740; x_wconf 76' lang='grc'><em>27</em></span> <span class='ocrx_word' id='word_1_339' title='bbox 1352 1699 1472 1738; x_wconf 84' lang='lat' dir='ltr'><em>Huds.</em></span> <span class='ocrx_word' id='word_1_340' title='bbox 1502 1713 1542 1750; x_wconf 89' lang='lat' dir='ltr'><em>p.</em></span> 
     </span>
     <span class='ocr_line' id='line_1_67' title="bbox 880 1755 1544 1796; baseline 0.002 -4"><span class='ocrx_word' id='word_1_341' title='bbox 880 1759 962 1796; x_wconf 80' lang='grc'><em>279</em></span> <span class='ocrx_word' id='word_1_342' title='bbox 985 1757 1083 1793; x_wconf 85' lang='lat' dir='ltr'><em>Gail.</em></span> <span class='ocrx_word' id='word_1_343' title='bbox 1104 1757 1143 1792; x_wconf 88' lang='lat' dir='ltr'><em>in</em></span> <span class='ocrx_word' id='word_1_344' title='bbox 1170 1755 1336 1792; x_wconf 85' lang='lat' dir='ltr'><em>Thracia</em></span> <span class='ocrx_word' id='word_1_345' title='bbox 1363 1757 1544 1793; x_wconf 81' lang='lat' dir='ltr'><em>nomina-</em></span> 
     </span>
     <span class='ocr_line' id='line_1_68' title="bbox 881 1809 1541 1864; baseline 0.002 -17"><span class='ocrx_word' id='word_1_346' title='bbox 881 1819 943 1848; x_wconf 86' lang='lat' dir='ltr'><em>tur</em></span> <span class='ocrx_word' id='word_1_347' title='bbox 963 1813 1052 1849; x_wconf 90' lang='lat' dir='ltr'><em>urbs</em></span> <span class='ocrx_word' id='word_1_348' title='bbox 1075 1809 1305 1858; x_wconf 73' lang='grc' dir='ltr'><strong><em>Νεάπολιςς</em></strong></span> <span class='ocrx_word' id='word_1_349' title='bbox 1328 1825 1425 1864; x_wconf 86' lang='lat' dir='ltr'><em>quae</em></span> <span class='ocrx_word' id='word_1_350' title='bbox 1445 1825 1541 1849; x_wconf 87' lang='lat' dir='ltr'><em>num</em></span> 
     </span>
     <span class='ocr_line' id='line_1_69' title="bbox 882 1867 1537 1919; baseline 0.005 -15"><span class='ocrx_word' id='word_1_351' title='bbox 882 1867 958 1905; x_wconf 86' lang='lat' dir='ltr'><em>huc</em></span> <span class='ocrx_word' id='word_1_352' title='bbox 979 1870 1183 1919; x_wconf 86' lang='lat' dir='ltr'><em>pertineat,</em></span> <span class='ocrx_word' id='word_1_353' title='bbox 1211 1870 1346 1905; x_wconf 87' lang='lat' dir='ltr'><em>merito</em></span> <span class='ocrx_word' id='word_1_354' title='bbox 1378 1868 1537 1908; x_wconf 75' lang='lat' dir='ltr'><em>dubites,</em></span> 
     </span>
     <span class='ocr_line' id='line_1_70' title="bbox 881 1923 1540 1977; baseline 0.009 -16"><span class='ocrx_word' id='word_1_355' title='bbox 881 1926 1014 1977; x_wconf 88' lang='lat' dir='ltr'><em>Itaque</em></span> <span class='ocrx_word' id='word_1_356' title='bbox 1041 1927 1231 1962; x_wconf 85' lang='lat' dir='ltr'><em>Maunert.</em></span> <span class='ocrx_word' id='word_1_357' title='bbox 1260 1926 1330 1963; x_wconf 94' lang='lat' dir='ltr'><em>VII</em></span> <span class='ocrx_word' id='word_1_358' title='bbox 1350 1938 1437 1976; x_wconf 85' lang='lat' dir='ltr'><em>pag.</em></span> <span class='ocrx_word' id='word_1_359' title='bbox 1458 1923 1540 1966; x_wconf 80' lang='grc'><em>464</em></span> 
     </span>
     <span class='ocr_line' id='line_1_71' title="bbox 882 1979 1539 2020; baseline 0.003 -2"><span class='ocrx_word' id='word_1_360' title='bbox 882 1979 995 2018; x_wconf 88' lang='lat' dir='ltr'><em>hasce</em></span> <span class='ocrx_word' id='word_1_361' title='bbox 1029 1983 1139 2019; x_wconf 88' lang='lat' dir='ltr'><em>urbes</em></span> <span class='ocrx_word' id='word_1_362' title='bbox 1178 1994 1256 2018; x_wconf 91' lang='lat' dir='ltr'><em>una</em></span> <span class='ocrx_word' id='word_1_363' title='bbox 1296 1995 1385 2018; x_wconf 90' lang='lat' dir='ltr'><em>cum</em></span> <span class='ocrx_word' id='word_1_364' title='bbox 1435 1982 1539 2020; x_wconf 81' lang='lat' dir='ltr'><em>Sana</em></span> 
     </span>
     <span class='ocr_line' id='line_1_72' title="bbox 884 2037 1539 2090; baseline 0.003 -16"><span class='ocrx_word' id='word_1_365' title='bbox 884 2037 1019 2086; x_wconf 90' lang='lat' dir='ltr'><em>(modo</em></span> <span class='ocrx_word' id='word_1_366' title='bbox 1054 2038 1190 2076; x_wconf 85' lang='lat' dir='ltr'><em>eadem</em></span> <span class='ocrx_word' id='word_1_367' title='bbox 1226 2039 1273 2076; x_wconf 88' lang='lat' dir='ltr'><em>sit</em></span> <span class='ocrx_word' id='word_1_368' title='bbox 1310 2046 1424 2090; x_wconf 86' lang='lat' dir='ltr'><em>atque</em></span> <span class='ocrx_word' id='word_1_369' title='bbox 1457 2040 1539 2087; x_wconf 87' lang='lat' dir='ltr'><em>VH,</em></span> 
     </span>
     <span class='ocr_line' id='line_1_73' title="bbox 882 2094 1538 2147; baseline -0.002 -13"><span class='ocrx_word' id='word_1_370' title='bbox 882 2097 959 2138; x_wconf 78' lang='lat'><em>223</em></span> <span class='ocrx_word' id='word_1_371' title='bbox 992 2094 1039 2131; x_wconf 91' lang='lat' dir='ltr'><em>de</em></span> <span class='ocrx_word' id='word_1_372' title='bbox 1056 2109 1131 2147; x_wconf 93' lang='lat' dir='ltr'><em>quo</em></span> <span class='ocrx_word' id='word_1_373' title='bbox 1151 2096 1258 2132; x_wconf 87' lang='lat' dir='ltr'><em>aliter</em></span> <span class='ocrx_word' id='word_1_374' title='bbox 1271 2097 1399 2132; x_wconf 87' lang='lat' dir='ltr'><em>statuit</em></span> <span class='ocrx_word' id='word_1_375' title='bbox 1418 2096 1538 2133; x_wconf 86' lang='lat' dir='ltr'><em>Wes-</em></span> 
     </span>
     <span class='ocr_line' id='line_1_74' title="bbox 880 2151 1537 2203; baseline 0.002 -16"><span class='ocrx_word' id='word_1_376' title='bbox 880 2152 1086 2203; x_wconf 81' lang='lat' dir='ltr'><em>selingius)</em></span> <span class='ocrx_word' id='word_1_377' title='bbox 1138 2165 1186 2189; x_wconf 87' lang='lat' dir='ltr'><em>ex</em></span> <span class='ocrx_word' id='word_1_378' title='bbox 1225 2151 1350 2189; x_wconf 85' lang='lat' dir='ltr'><em>indice</em></span> <span class='ocrx_word' id='word_1_379' title='bbox 1383 2153 1537 2189; x_wconf 83' lang='lat' dir='ltr'><em>urbium</em></span> 
     </span>
     <span class='ocr_line' id='line_1_75' title="bbox 879 2209 1537 2256; baseline 0.002 -12"><span class='ocrx_word' id='word_1_380' title='bbox 879 2209 1054 2253; x_wconf 76' lang='lat' dir='ltr'><em>Pallenes</em></span> <span class='ocrx_word' id='word_1_381' title='bbox 1075 2211 1193 2245; x_wconf 85' lang='lat' dir='ltr'><em>eximi</em></span> <span class='ocrx_word' id='word_1_382' title='bbox 1220 2210 1324 2256; x_wconf 83' lang='lat' dir='ltr'><em>vult,</em></span> <span class='ocrx_word' id='word_1_383' title='bbox 1346 2222 1436 2246; x_wconf 88' lang='lat' dir='ltr'><em>cum</em></span> <span class='ocrx_word' id='word_1_384' title='bbox 1456 2211 1537 2245; x_wconf 90' lang='lat' dir='ltr'><em>He—</em></span> 
     </span>
     <span class='ocr_line' id='line_1_76' title="bbox 877 2264 1537 2316; baseline 0.002 -15"><span class='ocrx_word' id='word_1_385' title='bbox 877 2264 1033 2302; x_wconf 86' lang='lat' dir='ltr'><em>rodotus</em></span> <span class='ocrx_word' id='word_1_386' title='bbox 1064 2264 1104 2302; x_wconf 89' lang='lat' dir='ltr'><em>h.</em></span> <span class='ocrx_word' id='word_1_387' title='bbox 1139 2267 1163 2305; x_wconf 89' lang='lat' dir='ltr'><em>l.</em></span> <span class='ocrx_word' id='word_1_388' title='bbox 1186 2278 1265 2302; x_wconf 89' lang='lat' dir='ltr'><em>non</em></span> <span class='ocrx_word' id='word_1_389' title='bbox 1300 2273 1378 2302; x_wconf 83' lang='lat' dir='ltr'><em>tam</em></span> <span class='ocrx_word' id='word_1_390' title='bbox 1398 2267 1537 2316; x_wconf 83' lang='lat' dir='ltr'><em>penin-</em></span> 
     </span>
     <span class='ocr_line' id='line_1_77' title="bbox 878 2321 1537 2374; baseline 0.002 -16"><span class='ocrx_word' id='word_1_391' title='bbox 878 2323 982 2358; x_wconf 91' lang='lat' dir='ltr'><em>sulae</em></span> <span class='ocrx_word' id='word_1_392' title='bbox 1001 2321 1113 2359; x_wconf 89' lang='lat' dir='ltr'><em>huius</em></span> <span class='ocrx_word' id='word_1_393' title='bbox 1135 2323 1245 2360; x_wconf 90' lang='lat' dir='ltr'><em>urbes</em></span> <span class='ocrx_word' id='word_1_394' title='bbox 1267 2335 1384 2374; x_wconf 89' lang='lat' dir='ltr'><em>quam</em></span> <span class='ocrx_word' id='word_1_395' title='bbox 1404 2324 1537 2360; x_wconf 78' lang='lat' dir='ltr'><em>civita-</em></span> 
     </span>
     <span class='ocr_line' id='line_1_78' title="bbox 878 2378 1534 2427; baseline 0 -12"><span class='ocrx_word' id='word_1_396' title='bbox 878 2385 933 2415; x_wconf 90' lang='lat' dir='ltr'><em>tes</em></span> <span class='ocrx_word' id='word_1_397' title='bbox 963 2381 1122 2416; x_wconf 87' lang='lat' dir='ltr'><em>omnino</em></span> <span class='ocrx_word' id='word_1_398' title='bbox 1154 2378 1322 2416; x_wconf 87' lang='lat' dir='ltr'><em>indicare</em></span> <span class='ocrx_word' id='word_1_399' title='bbox 1360 2380 1534 2427; x_wconf 78' lang='lat' dir='ltr'><em>voluerit,</em></span> 
     </span>
     <span class='ocr_line' id='line_1_79' title="bbox 879 2437 1535 2487; baseline 0.003 -17"><span class='ocrx_word' id='word_1_400' title='bbox 879 2447 976 2485; x_wconf 89' lang='lat' dir='ltr'><em>quae</em></span> <span class='ocrx_word' id='word_1_401' title='bbox 989 2437 1109 2472; x_wconf 84' lang='lat' dir='ltr'><em>Xerxi</em></span> <span class='ocrx_word' id='word_1_402' title='bbox 1122 2437 1248 2486; x_wconf 84' lang='lat' dir='ltr'><em>copias</em></span> <span class='ocrx_word' id='word_1_403' title='bbox 1260 2437 1440 2487; x_wconf 87' lang='lat' dir='ltr'><em>praebere</em></span> <span class='ocrx_word' id='word_1_404' title='bbox 1449 2437 1535 2473; x_wconf 90' lang='lat' dir='ltr'><em>fue—</em></span> 
     </span>
     <span class='ocr_line' id='line_1_80' title="bbox 877 2492 1536 2545; baseline 0.003 -19"><span class='ocrx_word' id='word_1_405' title='bbox 877 2492 951 2527; x_wconf 88' lang='lat' dir='ltr'><em>rint</em></span> <span class='ocrx_word' id='word_1_406' title='bbox 963 2499 1128 2534; x_wconf 82' lang='lat' dir='ltr'><em>coactae,</em></span> <span class='ocrx_word' id='word_1_407' title='bbox 1141 2495 1240 2529; x_wconf 89' lang='lat' dir='ltr'><em>Nam</em></span> <span class='ocrx_word' id='word_1_408' title='bbox 1254 2494 1421 2545; x_wconf 83' lang='lat' dir='ltr'><em>reliquae</em></span> <span class='ocrx_word' id='word_1_409' title='bbox 1443 2494 1536 2528; x_wconf 82' lang='lat' dir='ltr'><em>civi-</em></span> 
     </span>
     <span class='ocr_line' id='line_1_81' title="bbox 877 2548 1534 2599; baseline 0 -15"><span class='ocrx_word' id='word_1_410' title='bbox 877 2554 970 2584; x_wconf 85' lang='lat' dir='ltr'><em>tates</em></span> <span class='ocrx_word' id='word_1_411' title='bbox 991 2550 1161 2599; x_wconf 86' lang='lat' dir='ltr'><em>quiuque</em></span> <span class='ocrx_word' id='word_1_412' title='bbox 1173 2549 1359 2596; x_wconf 79' lang='lat' dir='ltr'><em>Potidaea,</em></span> <span class='ocrx_word' id='word_1_413' title='bbox 1386 2548 1534 2594; x_wconf 75' lang='grc' dir='ltr'><em>Μρηᾱα,</em></span> 
     </span>
     <span class='ocr_line' id='line_1_82' title="bbox 876 2603 1533 2653; baseline 0 -14"><span class='ocrx_word' id='word_1_414' title='bbox 876 2603 1053 2653; x_wconf 75' lang='lat' dir='ltr'><em>Aphytis,</em></span> <span class='ocrx_word' id='word_1_415' title='bbox 1087 2605 1321 2652; x_wconf 68' lang='lat' dir='ltr'><em>Therambos,</em></span> <span class='ocrx_word' id='word_1_416' title='bbox 1354 2604 1480 2641; x_wconf 70' lang='lat' dir='ltr'><em>Scione</em></span> <span class='ocrx_word' id='word_1_417' title='bbox 1513 2617 1533 2640; x_wconf 87' lang='lat' dir='ltr'><em>a</em></span> 
     </span>
     <span class='ocr_line' id='line_1_83' title="bbox 876 2659 1533 2711; baseline -0.002 -14"><span class='ocrx_word' id='word_1_418' title='bbox 876 2659 1036 2711; x_wconf 86' lang='lat' dir='ltr'><em>Scylace</em></span> <span class='ocrx_word' id='word_1_419' title='bbox 1085 2669 1121 2699; x_wconf 90' lang='lat' dir='ltr'><em>et</em></span> <span class='ocrx_word' id='word_1_420' title='bbox 1170 2663 1358 2699; x_wconf 80' lang='lat' dir='ltr'><em>Strabone</em></span> <span class='ocrx_word' id='word_1_421' title='bbox 1405 2660 1533 2708; x_wconf 87' lang='lat' dir='ltr'><em>(conf.</em></span> 
     </span>
     <span class='ocr_line' id='line_1_84' title="bbox 877 2715 1528 2760; baseline 0.003 -8"><span class='ocrx_word' id='word_1_422' title='bbox 877 2715 1096 2756; x_wconf 87' lang='lat' dir='ltr'><em>Tzschuck.</em></span> <span class='ocrx_word' id='word_1_423' title='bbox 1129 2717 1177 2755; x_wconf 90' lang='lat' dir='ltr'><em>ad</em></span> <span class='ocrx_word' id='word_1_424' title='bbox 1196 2719 1285 2755; x_wconf 86' lang='lat' dir='ltr'><em>Mel.</em></span> <span class='ocrx_word' id='word_1_425' title='bbox 1306 2718 1354 2753; x_wconf 84' lang='grc' dir='ltr'><em>ΙΙ.</em></span> <span class='ocrx_word' id='word_1_426' title='bbox 1375 2720 1401 2757; x_wconf 80' lang='lat'><strong>2</strong></span> <span class='ocrx_word' id='word_1_427' title='bbox 1421 2717 1458 2760; x_wconf 62' lang='grc' dir='ltr'><em>ξ.</em></span> <span class='ocrx_word' id='word_1_428' title='bbox 1482 2718 1528 2754; x_wconf 82' lang='grc'><em>11</em></span> 
     </span>
     <span class='ocr_line' id='line_1_85' title="bbox 876 2772 1533 2823; baseline -0.012 -8"><span class='ocrx_word' id='word_1_429' title='bbox 876 2785 964 2823; x_wconf 69' lang='lat' dir='ltr'><em>pag.</em></span> <span class='ocrx_word' id='word_1_430' title='bbox 991 2774 1070 2816; x_wconf 83' lang='lat'><em>152</em></span> <span class='ocrx_word' id='word_1_431' title='bbox 1090 2782 1185 2813; x_wconf 87' lang='lat' dir='ltr'><em>nott.</em></span> <span class='ocrx_word' id='word_1_432' title='bbox 1209 2772 1364 2823; x_wconf 51' lang='lat' dir='ltr'><em>exeggss)</em></span> <span class='ocrx_word' id='word_1_433' title='bbox 1386 2772 1433 2808; x_wconf 90' lang='lat' dir='ltr'><em>ad</em></span> <span class='ocrx_word' id='word_1_434' title='bbox 1443 2772 1533 2808; x_wconf 85' lang='lat' dir='ltr'><em>Pal-</em></span> 
     </span>
    </p>
   </div>
  </div>
 </body>
</html>
