1897 3340
542 160 1009 200 POLYMNIA.
1071 160 1171 197 Vll.

53 274 152 320 13⁰
219 286 314 322 vm,
356 270 383 326 ἡ
426 270 647 322 διάστασις
683 274 771 314 τῶν
809 269 990 323 ου’ρέων.

25 331 33 344 *
211 355 308 388 νοι,
350 339 582 394 εἰρομένου
619 339 786 392 Ξέρξεω
817 339 854 381 εἰ
893 338 981 381 ἔστι
1011 335 1118 392 ἄλλη
1151 336 1298 388 ἔξοδος

212 411 379 450 λασσαν
407 412 468 465 τῷ
497 411 691 464 Πηνειῷ,
724 404 1045 459 ἐξεπιστάμενοι
1074 403 1299 460 ἀτρεκέως,
1329 401 1473 447 εἷπον·

1399 168 1479 207 631

1054 269 1107 311 Οἱ
1137 268 1182 311 δὲ
1220 271 1474 325 κατηγεόμε-

1335 336 1376 387 ἒς
1401 338 1477 382 θά-
1489 346 1558 396 85x

211 478 441 526 ,,Βασιλεῦ,
470 477 651 531 ποταμῷ
679 473 820 531 τούτῳ
851 471 934 516 οὐκ
965 473 1053 517 ἔστι
1084 472 1193 529 άλλη
1217 472 1412 528 ἐξήλυσις
1438 472 1479 523 ἐς

212 542 468 593 ,,θάλασσαυ
510 540 774 598 κατήκουσα,
824 539 912 584 ἀλλ’
941 540 1018 597 ἥδε
1051 539 1181 597 αὐτή·
1215 540 1364 595 οὔρεσι
1393 540 1477 596 γὰρ
1536 534 1618 575 562

185 609 632 665 2,,περιεστεφάνωται
670 612 790 652 πᾶσα
832 611 1085 665 Θεσσαλίη.“

1155 609 1314 662 Ξέρξεα
1339 609 1384 652 δὲ
1415 608 1532 651 λε’-90

212 695 331 734 γεται
355 679 495 722 εἰπεῖν
523 677 634 732 πρὸς
664 681 822 720 ταῦτα·
854 677 1031 733 ,,Σοφοὶ
1061 675 1217 730 ἄνδρες
1248 677 1327 720 εἰσὶ
1359 681 1473 720 Θεσ-

210 747 375 798 ”σαλοί

336 910 429 961 Cap.
461 909 622 945 CXXX.

205 962 286 1005 ἄλλ’
317 962 397 1018 ήδη
429 961 563 1016 αὐτή]
616 965 716 1002 Olim
737 960 809 1014 ηδε

147 1020 260 1073 αὕτη
284 1023 388 1075 qnod
410 1021 594 1060 Abresch.
615 1019 808 1059 Dilucidd.

145 1078 353 1132 Thucydd.
394 1094 433 1131 p.
465 1079 548 1121 605
577 1080 739 1115 mutavit
767 1078 807 1114 in

145 1133 221 1188 ’ἥδε
247 1133 345 1188 αὐτὴ
378 1138 562 1188 probante
591 1137 807 1173 wesselin-

145 1195 228 1244 gio,
249 1208 336 1231 cum
359 1196 422 1231 sit:
444 1196 514 1231 πίει
534 1193 589 1230 laic
608 1193 723 1240 solus,
751 1193 806 1230 hic

143 1253 230 1301 ipse.
290 1252 431 1302 Recepi
451 1250 568 1298 illud,
603 1264 715 1287 sensu
735 1250 806 1286 ssa—

142 1310 302 1358 gitante.
379 1310 508 1360 Atque
536 1308 669 1344 1etiam
703 1308 805 1343 Mat-

140 1363 242 1401 thiae
263 1366 314 1402 sic
336 1365 472 1415 refingi
492 1365 573 1402 vult
603 1365 664 1401 vel
684 1377 805 1401 vocu-

139 1422 219 1458 lam
240 1417 342 1473 αῧτη
363 1435 515 1472 prorsus
547 1420 676 1470 deleri,
699 1420 803 1472 quod

139 1477 322 1530 equidem
360 1479 485 1516 facere
521 1479 642 1515 nolui.
702 1480 804 1515 Mat-

139 1534 242 1572 thiae
269 1537 349 1587 ipse
378 1537 419 1572 in
448 1542 556 1573 textu
587 1533 691 1572 dedit
721 1530 804 1574 ἄλλ’

152 1588 170 1604 Ἃ
223 1588 244 1602 ΡΙ

140 1608 167 1644 ’ῃ
191 1608 303 1644 αυτη.

198 1679 333 1735 οὔρεσι
362 1680 437 1736 γάρ
479 1677 795 1734 περιεστεφάνω-

139 1752 204 1778 ται
230 1743 341 1778 aava
363 1741 576 1789 Θεσσαλίη]
600 1740 625 1775 i.
648 1753 682 1777 e.
702 1752 801 1776 mon-

140 1795 235 1832 tibus
264 1799 355 1833 em'm
387 1800 566 1846 tamquam
598 1796 724 1833 corona
750 1797 799 1844 (s.

139 1853 332 1889 montium
361 1853 528 1902 coroust)
560 1854 668 1889 omnis
686 1855 801 1889 cincta

138 1912 189 1945 est
214 1909 411 1948 Thessalia.
469 1911 530 1946 Ex
551 1911 718 1945 Homero
739 1910 799 1945 lo-

139 1967 333 2002 cutionem
392 1973 642 2018 propagatam
709 1965 799 2003 dicit

137 2022 430 2073 WVesselingiuQ
444 2036 661 2073 expressam
672 2023 799 2073 31)οΡ-

137 2080 241 2130 pian.
272 2081 453 2117 Halieutt.
485 2082 532 2127 ΙΙ,
565 2082 656 2120 121.
703 2079 798 2115 Mihi

137 2136 177 2171 in
211 2144 384 2174 mentem
412 2138 571 2175 veniunt
592 2138 796 2173 Homerica

137 2193 181 2229 ΙΙ.
210 2194 294 2241 XV,
329 2194 428 2234 153:
474 2189 581 2244 άμφὶ
615 2190 684 2232 τόν
718 2194 797 2231 Δία

137 2244 264 2287 θυόεν
285 2247 409 2297 νὲφος
431 2245 678 2300 ἐστεφάνωτο
710 2251 795 2287 coll.

139 2303 224 2356 Ody
227 2319 274 2341 ss.
312 2307 363 2351 X,
408 2306 506 2346 195:
553 2305 642 2358 nsok
668 2309 797 2358 νῆσον

138 2358 240 2401 πόντ
246 2376 288 2407 ος
328 2341 618 2409 ἐστεφάνωται.
650 2386 699 2391 —-
752 2365 797 2400 In

137 2432 244 2470 seqq.
268 2416 389 2465 σοφοι
418 2415 535 2467 άνεδρ
528 2433 559 2463 -ς
592 2426 701 2455 erunt
722 2420 797 2456 cal-

138 2475 207 2512 liclz'
232 2476 323 2520 vui,
368 2474 569 2525 prudente-⁹.
626 2474 712 2511 Vid.
742 2476 798 2512 al-

136 2533 213 2570 lata
234 2530 282 2568 ad
303 2531 347 2578 V,
373 2533 436 2571 18.
493 2532 551 2566 De
572 2539 798 2580 argumento

140 2588 207 2626 Cr.
230 2588 393 2626 conferri
414 2587 494 2624 vult
524 2587 736 2624 Casaubon.
750 2587 799 2625 ad

138 2643 280 2686 Athen.
309 2646 338 2691 l,
370 2646 420 2685 18
441 2658 480 2695 p.
512 2646 560 2684 11
583 2644 630 2685 B.
659 2657 696 2695 p.
721 2647 797 2685 103

139 2699 359 2752 Schweigh.

197 2775 302 2819 ταῦτ’
330 2777 409 2832 ὅροι
429 2776 507 2831 πρό
523 2780 675 2819 πολλοῦ
697 2778 798 2830 ἐφυ-

435 742 556 789 ταῦτ’
585 744 671 800 ἄρα
701 745 786 800 πρό
818 750 985 789 πολλοῦ
1015 743 1287 801 ἐφυλάξαντο
1317 756 1476 799 γνωσι-

866 903 1035 955 λάξαντο
1076 905 1423 960 γνωσιμαχέοντες,
1460 908 1529 948 καὶ

865 963 1012 1013 τᾶλλα]
1063 965 1089 1002 i.
1121 978 1153 1002 e.
1184 964 1288 1002 Haec
1321 967 1435 1014 igitur
1456 968 1528 1003 iam

865 1022 973 1059 multo
1008 1025 1091 1058 ante
1123 1022 1192 1058 sibi
1223 1025 1392 1059 caverunt
1414 1021 1528 1060 Thes-

864 1079 936 1116 sali
981 1082 1121 1116 mutata
1168 1081 1338 1115 sententia
1384 1078 1401 1128 (
1422 1080 1527 1129 prio-

863 1137 895 1172 ri
911 1137 923 1184 )
938 1165 947 1182 ,
977 1139 1050 1172 tum
1065 1135 1104 1171 ob
1123 1138 1259 1172 caetera
1280 1139 1353 1172 tum
1369 1138 1453 1185 quia
1468 1149 1525 1173 re-

862 1195 1000 1242 gionem
1021 1205 1103 1229 sane
1119 1192 1293 1229 habebant
1301 1191 1450 1242 facilem
1461 1206 1524 1230 ca-

858 1255 938 1300 ptu.
998 1245 1289 1298 φυλάττεσθαι,
1312 1248 1440 1286 addito
1462 1262 1524 1287 ac-

863 1307 1030 1343 cusativo
1062 1306 1115 1342 sic
1136 1307 1346 1356 reperimus
1375 1307 1405 1353 Ι,
1429 1307 1522 1347 108.

861 1365 918 1400 Αο
940 1362 1047 1400 reddi
1066 1370 1190 1413 potest
1217 1365 1348 1400 evitare
1369 1363 1521 1413 aliquid,

860 1427 1018 1457 notante
1059 1418 1300 1457 Doederlein.
1340 1421 1380 1456 in
1419 1420 1520 1458 Actt.

859 1476 968 1529 phin.
999 1478 1173 1513 Monacc.
1194 1477 1212 1512 I
1242 1490 1281 1527 p.
1305 1476 1370 1523 35,
1403 1489 1521 1528 quem

860 1535 1001 1571 excitat
1036 1533 1084 1570 ad
1111 1532 1150 1572 h.
1180 1534 1206 1572 l.
1231 1533 1390 1571 Creuzer.
1424 1533 1522 1569 Ver-

859 1592 953 1628 bum
976 1588 1256 1643 γνωσιμαχέειν
1267 1591 1374 1640 attigi
1387 1588 1435 1626 ad
1455 1591 1521 1637 nl,

857 1648 936 1695 253
957 1647 1004 1684 de
1025 1655 1154 1684 nostro
1176 1648 1260 1684 loco
1281 1648 1333 1684 sic
1356 1646 1521 1697 disputat

857 1703 1242 1755 Schweighaeuserus
1261 1704 1300 1740 in
1321 1705 1416 1741 Lex.
1440 1705 1522 1739 He-

855 1761 981 1799 rodot.
1011 1761 1059 1798 ad
1089 1761 1272 1798 verbum:
1319 1772 1522 1811 γνωσιμα-

857 1817 1036 1869 χέοντες;
1070 1819 1172 1865 „Pro
1195 1829 1262 1863 eo,
1285 1815 1389 1867 quod
1410 1816 1518 1852 Valla

856 1882 1046 1925 posuerat,
1079 1874 1178 1912 Suae
1204 1874 1275 1910 sibi
1297 1872 1519 1910 imbecillita-

857 1934 904 1967 tis
936 1933 1076 1977 conscii,
1109 1937 1172 1966 aut
1202 1928 1307 1982 quod
1334 1942 1403 1966 nos
1425 1942 1516 1966 ean-

856 1987 946 2024 dem
976 1989 1015 2024 in
1050 1988 1276 2024 sententiam
1307 1987 1516 2036 posuimus,

851 2057 957 2095 pares
986 2058 1021 2082 se
1051 2045 1149 2081 nobis
1178 2057 1248 2081 non
1278 2055 1348 2080 esse
1383 2042 1518 2080 intelli-

853 2105 988 2150 gentes,
1017 2101 1072 2137 nil
1088 2099 1191 2137 aliud
1212 2101 1378 2151 positum
1399 2112 1516 2151 opor-

853 2159 968 2205 tebat,
1000 2159 1071 2194 nisi
1091 2157 1232 2195 mutatci
1251 2156 1425 2194 sententia
1452 2163 1517 2192 aut

853 2215 976 2252 melius
1012 2215 1082 2251 sibi
1118 2213 1343 2252 consulentes.
1401 2213 1518 2250 Scili-

854 2279 913 2308 cet
923 2269 1099 2309 Thessali
1109 2272 1214 2319 olim,
1226 2283 1347 2323 quum
1359 2282 1381 2306 a
1394 2271 1516 2306 Grae-

854 2330 933 2365 ciae
964 2329 1113 2379 populis
1138 2329 1275 2364 Darius
1304 2334 1445 2364 terram
1479 2333 1516 2363 et

854 2398 995 2437 aquam
1026 2386 1193 2436 petiisset
1225 2385 1306 2432 (VI,
1328 2382 1413 2433 48),
1434 2396 1514 2420 sese

855 2444 889 2478 ei
913 2455 990 2478 non
1011 2441 1264 2478 tradiderant:
1297 2439 1514 2478 deindeve-

854 2510 909 2545 ro,
942 2511 1061 2549 quum
1090 2497 1286 2535 Aleuadae
1323 2510 1363 2533 se
1394 2496 1515 2532 Xerxi

855 2553 1094 2592 tradidissent
1110 2583 1120 2603 ,
1159 2555 1306 2606 putavit
1326 2566 1416 2600 rex,
1447 2552 1514 2599 (ut

856 2609 966 2647 docet
985 2612 1120 2648 Noster
1138 2612 1207 2648 sub
1237 2610 1303 2646 fin.
1325 2622 1407 2658 cap.
1433 2609 1511 2647 130

855 2668 940 2707 coll.
968 2668 1049 2715 VII,
1071 2668 1116 2718 6)
1148 2668 1190 2705 cle
1210 2666 1380 2704 communi
1395 2664 1512 2712 gentis

855 2724 1000 2762 consilio
1030 2724 1070 2761 id
1090 2738 1160 2761 esse
1173 2723 1317 2775 factum
1337 2719 1510 2770 adeoque

853 2780 982 2818 laudat
1003 2794 1080 2830 eos,
1110 2778 1215 2833 quod
1231 2780 1423 2816 mutassent
1434 2787 1510 2813 sen-

1532 271 1579 298 '11⁸1
1573 282 1614 299 unc
1618 275 1806 303 ,οἶοι-πωπ-

1533 309 1677 339 pungam,
1697 310 1805 338 oble-r

1537 346 1588 364 rae
1608 346 1714 368 natura
1700 352 1745 370 ’nn

1534 370 1625 399 Xerxi
1643 375 1787 404 lacillima

1532 410 1608 431 {lb-a
