1897 3340
511 155 968 198 POLYMNIA
1025 155 1147 192 v11.
1373 160 1456 200 (337

203 269 282 314 τὸν
307 267 552 313 τελευταῖόν
581 279 662 325 σφι
682 264 807 312 τόνδε
835 262 1030 320 ἐξέφαινε
1050 260 1208 317 λόγον·
1242 257 1318 311 ,ἶῼ
1351 264 1458 316 ξεῖνε

174 342 497 395 2,,Σπαρτιῆτα,
532 336 701 382 ὀνείδεα
729 332 936 379 κατιόντα
973 328 1196 385 ἀνθρώπῳ
1246 329 1383 383 φιλέει
1421 331 1459 374 ἐ-

201 405 441 463 ,,πανάγειν
459 404 538 450 τόν
555 401 715 459 θυμόν.
745 401 800 446 σὺ
829 399 977 458 μέντοι
997 396 1318 452 ἀποδεξάμενος
1338 395 1462 452 ὑβρί-

201 486 371 530 ,,σματα
408 475 455 518 ἐν
490 477 552 530 τῷ
581 470 723 527 λόγῳ,
774 467 830 514 οὔ
858 484 910 525 με
951 467 1123 517 ἔπεισας
1161 463 1390 520 ἀσχήμονα
1420 463 1517 506 ἐν5ο

172 547 284 600 3,,τῇ
315 542 477 599 ἀμοιβῇ
507 540 722 597 γενέσθαι.
754 536 863 581 ὅκου
894 536 939 580 δὲ
969 533 1092 591 ὑμεῖς
1122 531 1239 577 οὕτω
1271 530 1462 588 περιέχε-

200 617 308 663 ,,σθε
343 615 419 667 τῆς
459 607 710 665 ἡγεμονίης,
755 605 875 656 οἰκὸς
917 603 986 646 καὶ
1019 601 1091 656 ἐμὲ
1121 604 1288 657 μᾶλλον
1317 599 1465 656 ὑμέων

201 677 514 734 ,,περιέχεσθαι,
547 677 750 731 στρατιῆς
779 689 823 716 τε
862 670 990 716 ἐόντα
1019 670 1343 724 πολλαπλασίης
1371 666 1463 724 ἡγε-

173 749 196 786 4
206 746 362 800 ,,μόνα,
392 746 466 789 καὶ
484 747 605 801 νηῶν
634 741 748 787 πολὺ
778 739 990 784 πλεύνων.
1029 736 1132 782 Ἀλλ’
1165 737 1255 780 ἐπεί
1284 752 1328 779 τε
1357 735 1464 791 ὑμῖν

200 811 252 863 ..ὁ
274 811 402 867 λόγος
415 812 530 856 οὕτω
560 809 811 865 προσάντης
841 809 1090 852 κατίσταται
1137 803 1312 862 ἡμεῖςτι
1341 802 1464 848 ὑπεί-
1476 810 1520 844 55

162 880 357 935 5,,ξομεν
388 884 468 924 τοῦ
499 878 681 935 ἀρχαίου
721 878 870 933 λόγου.

930 877 966 919 εἰ
1005 877 1085 918 τοῦ
1125 873 1204 929 μὲν
1243 876 1374 927 πεζοῦ
1417 871 1465 915 ὖ-

199 952 316 1003 ,,μεῖς
345 946 573 1004 ἡγέοισθε,
614 950 695 991 τοῦ
734 945 780 990 δὲ
817 947 1030 988 ναυτικοῦ
1061 941 1169 998 ἐγώ·
1218 943 1254 986 εἰ
1284 942 1329 986 δὲ
1358 939 1465 996 ὑμῖν

199 1014 365 1071 ,,ἡδονὴ
395 1020 474 1060 τοῦ
503 1014 614 1060 κατὰ
643 1015 874 1059 θάλασσαν
902 1010 1196 1068 ἡγεμονεύειν,
1226 1013 1306 1054 τοῦ
1335 1011 1466 1062 πεζοῦ

173 1083 313 1139 6,,ἐγώ
343 1084 472 1127 θέλω.
532 1084 607 1127 καὶ
635 1083 663 1140 ἢ
703 1080 899 1126 τούτοισι
928 1078 1061 1137 ὑμέας
1089 1077 1231 1136 χρεών
1253 1078 1344 1121 ἐστι
1372 1076 1466 1132 ἀρέ-

201 1293 234 1340 οἷ
253 1301 356 1348 ξεῖνε
379 1304 612 1354 Σπαρτιῆτα
632 1317 667 1341 κ.
687 1316 721 1342 τ.
737 1301 801 1351 λ.]

144 1358 243 1396 citat
253 1356 347 1395 haec
359 1359 546 1396 Stobaeus
557 1359 682 1397 Serm.
692 1360 802 1406 XIX,

146 1417 196 1455 19
218 1429 256 1466 p.
281 1417 355 1456 171
383 1416 459 1465 (T.
475 1418 493 1452 I
513 1430 551 1467 p.
564 1419 643 1457 379
666 1416 802 1466 Gaisf.)

143 1478 180 1515 et
199 1473 290 1519 XX,
308 1471 360 1513 45
373 1486 412 1523 p.
434 1476 510 1513 173
534 1472 604 1522 (Τ.
625 1474 642 1508 I
669 1487 706 1524 p.
720 1475 802 1514 386

145 1529 298 1579 Gaisf.).
364 1528 427 1565 Ad
469 1530 586 1567 verba
645 1525 803 1569 ὀνείδεα

143 1581 331 1624 κατιόντα
363 1581 575 1640 ἀνθρώπῳ
604 1585 732 1635 φιλέει
762 1584 804 1625 ἒ-

143 1638 338 1694 πανάγειν
356 1640 427 1681 τὸν
450 1641 588 1694 θυμόν
617 1641 802 1679 Valcken.

144 1699 344 1735 conferens
362 1700 393 1747 1,
415 1702 498 1740 212
519 1698 623 1748 (ubiz
646 1696 800 1738 κατιόν-

142 1769 212 1802 τος
229 1757 303 1794 τοῦ
321 1755 435 1795 οἴνου
457 1755 496 1801 ἐς
515 1753 560 1795 τό
583 1756 711 1806 σῶμα)
734 1756 806 1793 ob-

143 1818 266 1848 servat
278 1810 450 1848 dativum
459 1807 806 1865 ‹ivoqcfimpffluem

143 1881 213 1919 pro
230 1866 269 1914 ἐς
300 1864 525 1919 ἄνθρωπον
555 1870 744 1920 accipias)
765 1869 806 1905 iu

145 1923 274 1961 medio
295 1926 463 1976 positum
483 1937 603 1977 aeque
616 1927 806 1975 pertinere

145 1979 195 2018 ad
215 1977 431 2033 ἐπανάγειν
452 1988 566 2034 atque
583 1981 632 2018 ad
651 1977 807 2021 κατιόν-

143 2052 213 2085 τα,
246 2051 373 2090 neque
401 2037 492 2075 inde
521 2052 561 2075 se
592 2039 722 2075 mirari
742 2039 805 2086 ait,

144 2095 176 2131 si
203 2095 265 2131 cui
291 2096 438 2146 placeat
467 2091 725 2146 ἀνθρώπων,
763 2101 806 2131 ut

146 2152 317 2187 convicia
336 2165 405 2202 per
426 2164 533 2189 aures
554 2153 723 2189 immissa
744 2150 805 2188 di-

147 2213 282 2248 cantur
323 2204 508 2247 κατιόντα
546 2209 587 2244 in
613 2215 745 2260 pectus
774 2221 806 2245 s.

148 2260 187 2308 ἒς
215 2258 285 2302 τόν
316 2260 475 2314 θυμόν,
516 2278 606 2301 cum
636 2267 733 2302 iram
763 2265 804 2301 iu

146 2325 302 2371 pectore
315 2347 325 2365 ‚
386 2319 633 2369 cupiditatem
679 2322 808 2359 subter

146 2373 370 2428 praecordIa
388 2375 521 2413 locarit
540 2377 664 2414 Plato.
711 2376 809 2414 Mihi

146 2429 243 2478 haec
283 2432 486 2482 speciosius
530 2445 648 2483 quam
684 2435 810 2471 verius

149 2486 339 2540 disputata
375 2486 553 2526 videntur
600 2489 811 2541 malimque

148 2545 189 2581 in
208 2546 364 2596 vulgata
385 2546 624 2596 acquiescere
641 2545 739 2582 bene
757 2546 810 2584 sic

148 2601 298 2639 reddita
351 2614 373 2638 a
419 2600 808 2652 Schweighaeusero:

151 2658 396 2709 contumeliosa
412 2659 539 2706 verba,
571 2671 660 2708 quae
681 2661 719 2696 in
739 2659 811 2696 ali-

151 2727 249 2766 quem
290 2717 523 2753 coniiciuntur
551 2719 587 2753 et
621 2717 659 2752 in
687 2719 810 2765 pectus

150 2773 224 2812 eius
246 2771 473 2821 descendunt,
501 2771 612 2809 solent
635 2774 728 2809 iram
748 2771 810 2809 ho-

858 1303 964 1339 minis
984 1303 1150 1339 excitare.
1208 1301 1285 1338 Pro
1307 1296 1521 1352 ἐπανάγειν

858 1357 1069 1395 Marciand.
1101 1356 1150 1394 ad
1177 1358 1350 1409 Euripid.
1384 1360 1521 1410 Suppl.

860 1418 914 1455 79
943 1416 1090 1452 mavult
1110 1412 1336 1467 ἔπενάγειν,
1356 1417 1395 1452 in
1418 1415 1523 1468 quod

859 1471 964 1508 idem
983 1471 1167 1509 inciderat
1186 1471 1396 1510 Larcherus
1418 1486 1523 1510 com-

861 1542 998 1579 parans
1031 1530 1193 1565 verbum
1223 1525 1404 1582 ἔνάγειν,
1445 1543 1522 1582 quo

858 1587 994 1624 Noster
1013 1586 1132 1623 utitur
1160 1587 1368 1635 excitandi,
1399 1589 1523 1625 stimu-

861 1643 968 1680 landi
987 1639 1157 1690 noinne,
1189 1650 1232 1680 ut
1251 1644 1314 1691 IV,
1337 1647 1404 1685 79.
1429 1643 1521 1685 145.

857 1699 903 1746 V,
928 1698 994 1740 49.
1018 1723 1069 1727 —
1100 1699 1165 1737 Ad
1182 1713 1344 1752 sequens
1362 1701 1524 1738 verbum

860 1754 1113 1806 περιέχεσθαι
1144 1757 1248 1794 conf.
1280 1758 1347 1805 111,
1380 1756 1448 1797 53.
1476 1758 1522 1805 V,

919 1866 1004 1907 ἐπεί
1025 1882 1067 1907 τε
1095 1865 1194 1919 ύμῖν
1229 1866 1253 1909 0‘
1277 1864 1395 1920 λόγος
1418 1864 1522 1908 οὕτω

862 1921 1094 1975 προσάντης
1124 1924 1377 1974 κατίσταται]
1416 1927 1523 1962 Beue

865 1979 1248 2031 Schweighaeuserus
1260 1994 1270 2018 z
1283 1982 1525 2032 Quandoqui-

864 2038 940 2076 dom
969 2039 1024 2076 laic
1050 2051 1159 2076 sermo
1191 2052 1221 2076 s.
1252 2039 1336 2076 haec
1371 2040 1525 2077 conditio

863 2095 959 2132 vobis
969 2096 1019 2145 fit
1041 2099 1114 2133 tam
1126 2095 1322 2135 ardua.-
1342 2095 1405 2133 Ad
1415 2110 1523 2148 seqq.

863 2150 899 2190 εἰ
925 2149 967 2190 δὲ
986 2150 1084 2203 ύμῖν
1096 2149 1225 2204 ἡδονὴ
1242 2153 1344 2190 conf.
1364 2154 1427 2204 IV,
1446 2155 1522 2194 139

863 2214 900 2245 et
918 2209 1000 2256 VII,
1026 2209 1090 2250 15.
1110 2212 1204 2250 101.

919 2261 1046 2318 χρεών
1065 2264 1144 2305 ἐστι
1159 2261 1418 2317 ἀρέσκεσθαι]
1433 2266 1524 2316 ’χρε-

865 2318 923 2361 ω“ν
964 2320 1027 2359 hic
1065 2323 1203 2375 reliqui
1250 2323 1298 2359 ob
1338 2323 1524 2359 librorum

866 2391 1109 2420 consensum.
1191 2381 1369 2430 Namque
1424 2392 1523 2416 unus

865 2433 983 2472 modo
1020 2436 1211 2473 Sancrofti
1248 2437 1344 2473 liber
1395 2435 1523 2486 χρέον.

865 2490 953 2528 vid.
972 2498 1068 2529 nott.
1090 2491 1139 2529 ad
1169 2494 1215 2542 V,
1238 2491 1304 2532 49.
1363 2494 1438 2529 Pro
1476 2486 1524 2529 ἀ-

868 2545 1082 2597 ρέσκεσθαι
1122 2547 1198 2586 duo
1241 2548 1352 2586 codd.
1384 2544 1523 2596 ἀρκέε-

870 2606 994 2654 σθαι,
1026 2603 1133 2656 quod
1161 2606 1271 2644 Valla
1302 2606 1353 2641 sic
1393 2604 1519 2640 vertit:

866 2659 952 2697 haec
990 2662 1086 2699 vobis
1118 2667 1248 2712 oportet
1275 2662 1419 2711 placeat
1440 2672 1522 2696 con-

867 2715 969 2754 ditio.
1042 2718 1219 2755 Eandem
1257 2716 1522 2753 confusionem

867 2786 888 2810 e
909 2773 1076 2817 Stobaeo
1110 2776 1149 2823 1„
1177 2777 1228 2816 10
1253 2787 1293 2823 p.
1315 2770 1354 2820 4,
1375 2774 1428 2814 27
1450 2771 1522 2821 (T.
