1897 3340
0 230 10 246 -ι
0 50 11 204 1-Μ,
0 0 12 51 -23

74 321 111 348 ab
123 318 313 349 Atheniensi-

74 353 200 381 buseier
195 355 236 387 ti,
252 355 348 389 (cuius

75 387 261 427 expulmonm
280 397 334 416 xa-

73 420 141 448 riae
155 422 319 449 traduntur

78 461 150 481 caus
153 457 211 489 ae‚)
232 463 300 483 cunn

73 486 136 514 alia
159 475 236 523 loca,
254 492 317 516 tum

73 510 236 550 Lemnum'
246 530 333 552 occu-

74 558 158 590 pant.

404 205 490 244 418
807 207 1271 244 HERODOTI

405 313 554 364 (τοῦτο
572 310 655 368 γοὲρ
686 312 771 356 οὐκ
801 313 880 369 ἔχω
913 314 1104 370 φράσαι,
1135 313 1250 371 πλην
1270 313 1322 359 τὰ
1345 313 1574 372 λεγόμενα·
1607 314 1675 360 ὅτι

404 379 627 431 Ἑκαταῖος
649 381 729 436 μὲν
758 379 781 424 ὁ
808 380 1115 437 Ηγησοὶνδρου
1145 383 1314 438 ἓ’φησε’
1297 399 1344 426 εν
1366 388 1481 427 τοῖσι
1508 383 1675 438 λόγοισι

376 449 590 505 eumn,
595 447 782 500 ,ἀδίκως
824 449 914 492 ἐπεί
943 465 987 493 τε
1016 450 1099 506 γάρ
1139 452 1258 493 ἰδεῖν
1277 449 1383 501 τούς
1407 448 1670 505 Ἀθηναίους
1685 457 1731 492 20

407 516 514 572 ,,τήν
545 515 712 572 χώρην,
752 515 834 573 τήν
863 528 989 572 σφισι
1027 516 1198 561 αὐτοῖσι
1235 516 1323 560 ὑπὸ
1354 517 1433 561 τὸν
1457 517 1676 574 ’Υμησσὸν

402 584 592 639 ,ἐοῦσαν
634 583 792 626 ἔδοσαν
832 585 1023 640 οἰκῆσαι,
1068 584 1232 641 μισθόν
1274 588 1355 627 τοῦ
1393 587 1554 641 τείχεος
1590 588 1674 629 τοῦ

404 652 529 704 „napi
556 650 636 706 τὴν
657 647 903 703 ἀκρόπολίν
943 667 1042 694 κοτε
1072 652 1361 708 ἐληλαμένου·
1407 654 1573 710 ταύτην
1612 653 1672 704 ὥς

405 719 539 770 ,,ἰδει”ν
571 715 676 766 τούς
705 715 963 773 Ἀθηναίους
994 719 1304 776 ἐξεργασμένην
1333 716 1407 771 εὖ,
1445 723 1525 776 τὴν
1564 720 1671 775 πρό-
1729 719 1810 760 502

406 801 561 838 ,,τερον
590 781 702 827 εἶναι
731 784 872 841 κακήν
896 802 941 829 τε
969 787 1042 830 καὶ
1083 791 1163 830 τοῦ
1195 788 1378 844 μηδενὸς
1408 786 1552 844 ἀξίην,
1591 792 1670 831 λα-

401 856 521 909 ,,βεῖν
550 852 726 908 φθόνον
755 869 799 896 τε
829 854 902 896 καὶ
933 854 1084 908 ἵμερον
1114 857 1188 909 τῆς
1207 859 1306 912 γῆς,
1344 857 1417 899 καὶ
1447 855 1562 899 οὕτω
1590 855 1726 908 ἕξις-25

401 918 608 973 „stativam
638 919 802 972 αὐτούς
829 921 1039 976 οὐδεμίαν
1063 920 1199 976 ἄλλην
1217 924 1443 978 πρόφασιν
1467 930 1670 978 προϊσχο-

374 986 591 1042 3,,μένους
620 988 721 1039 τοὺς
745 987 1051 1045 Ἀθηναίους.“
1095 987 1173 1039 ‘525-
1214 990 1259 1032 δὲ
1290 989 1415 1032 αὐτοὶ
1441 988 1670 1046 Ἀθηναῖοι

401 1055 588 1110 λέγουσι,
618 1057 824 1108 ,,δικαίως
853 1053 1059 1108 ἐξελάσαι.
1103 1057 1443 1112 κατοικημένους
1460 1056 1543 1111 γὰρ
1567 1057 1671 1109 τοὺς

403 1122 684 1177 ,,Πελασγούς
722 1122 810 1168 ὑπὸ
849 1127 910 1180 τῷ
942 1122 1164 1180 Ὑμησσῷ,
1207 1123 1410 1167 ἐνθεῦτεν
1447 1122 1668 1180 ὁρμεωμέ-

373 1195 541 1243 4,,νους
553 1222 563 1242 ,
593 1188 781 1248 ἀδικέειν
810 1192 927 1236 τάδε.

345 1454 546 1491 recentiori
567 1459 689 1490 aetate
698 1451 850 1491 Vendos
862 1454 901 1490 in
920 1467 1008 1491 me-

346 1511 409 1548 dia
429 1511 635 1548 Germania
656 1511 811 1561 antiqua
838 1512 1008 1547 instituta

344 1569 581 1620 nominaque
600 1568 818 1604 retinentes.
838 1567 901 1604 Ad
919 1580 1008 1604 ver-

345 1625 395 1661 ba
415 1637 522 1675 seqq.
560 1621 634 1662 εἴτε
663 1624 721 1661 ὠν
764 1620 815 1673 δη
844 1624 1008 1670 δικαίως

345 1680 421 1719 εἴτε
442 1676 591 1726 ἀδίκως
624 1678 673 1717 cf.
697 1678 834 1717 matth.
851 1681 916 1718 Gr.
940 1681 1007 1716 Gr.

343 1738 574 1801 pag-1297·

400 1789 507 1842 πλὴν
531 1788 578 1830 τὰ
597 1786 822 1842 λεγόμενα]
853 1791 1006 1829 Eodem

344 1848 462 1887 modo
482 1849 617 1885 Noster
635 1849 799 1895 11,130.
844 1850 902 1884 De
925 1851 1006 1884 He-

345 1913 474 1943 cataeo
495 1904 572 1941 vid.
592 1911 689 1941 nott.
711 1903 759 1941 ad
777 1905 938 1954 11,134
969 1911 1006 1942 et

345 1961 394 1999 de
415 1960 636 1998 locutione'
625 1959 748 2011 ε’φησε
759 1984 810 1989 —
823 1959 945 2012 λέγων
961 1962 1006 2010 V,

344 2020 413 2058 30.
435 2020 501 2059 36.
534 2039 586 2045 —
625 2019 671 2054 In
693 2030 799 2070 seqq.
820 2025 905 2068 post
931 2013 1007 2068 τήν

345 2086 461 2124 σφισι
501 2074 642 2110 inserui
671 2087 761 2110 cum
791 2074 906 2112 Gaisf.
938 2069 1007 2114 αὕ-

344 2134 473 2177 τοῖσι,
503 2143 593 2167 cum
612 2131 651 2165 in
671 2131 890 2167 Florentino
912 2137 1007 2167 esset

345 2181 502 2232 αὐτοῖς,
535 2187 607 2222 nisi
627 2184 700 2223 hoc
722 2199 770 2222 ex
792 2183 904 2225 αὐτοὶ
925 2199 1006 2224 cor-

345 2248 501 2293 ruptum
520 2241 634 2278 fuisse
655 2243 856 2278 existimes.

402 2294 553 2348 μισθόν
585 2300 660 2336 τοῦ
692 2296 1003 2348 τείχεος-ἐλη-

345 2352 539 2404 λαμένου]
559 2353 730 2390 Verbum
752 2349 934 2393 ἐλαύνειν
955 2353 1003 2389 de

344 2411 476 2458 muris,
516 2411 579 2460 qui
606 2409 785 2446 ducuntur
807 2423 836 2447 s.
860 2414 1003 2447 exstru-

344 2471 455 2504 untur
482 2467 576 2516 poni
605 2467 755 2503 monuit
786 2466 1001 2504 Blomfield.

343 2523 384 2559 in
410 2522 574 2561 Glossar.
610 2522 658 2559 ad
687 2522 866 2574 Aeschyl.
896 2525 999 2559 Pers.

344 2581 439 2626 878,
466 2578 532 2614 ubi
570 2580 660 2616 citat
701 2579 883 2616 Herodot.
918 2581 1000 2628 vll,

349 2637 442 2676 139.
462 2636 530 2683 IX,
561 2636 600 2676 9.
622 2634 724 2673 Add.
744 2638 772 2683 I,
798 2636 999 2677 180.185.

346 2693 439 2732 191.
453 2713 505 2719 --
525 2692 582 2727 De
603 2693 683 2743 ipso
703 2705 813 2729 muro
829 2705 849 2728 a
870 2694 1001 2729 Pelas-

346 2749 404 2797 gis
428 2748 526 2785 circa
553 2750 746 2799 acropolin
780 2748 893 2786 ducto
922 2748 1000 2787 vid.

345 2811 441 2842 nott.
457 2803 506 2842 ad
526 2804 572 2851 V,
593 2805 659 2846 64.

988 1196 1149 1247 φοιτᾶν
1186 1191 1270 1247 γάρ
1302 1191 1384 1234 αἰεὶ
1411 1190 1489 1242 τοὶς
1519 1191 1664 1246 σφετέ-
1679 1197 1726 1232 30

400 1274 511 1314 ,,ρας
540 1259 789 1314 θυγατέρας
822 1274 867 1303 τε
893 1259 968 1303 καὶ
1003 1259 1108 1311 τοὺς
1146 1262 1305 1312 παῖδας
1335 1257 1404 1303 ἐπ’
1451 1258 1570 1314 Ιὕδωρ
1599 1258 1668 1303 ἐπὶ

1119 1467 1161 1492 τε
1188 1450 1258 1492 καὶ
1286 1449 1382 1500 τούς
1405 1453 1579 1502 παῖδας]
1619 1454 1724 1491 Haeo

1063 1511 1178 1547 verba
1208 1511 1256 1546 ob
1297 1517 1512 1547 ceterorum
1541 1511 1725 1548 librorum

1062 1568 1288 1616 scriptorum
1301 1569 1565 1604 auctoritatem
1574 1568 1724 1616 retinui,

1064 1636 1153 1659 culn
1183 1623 1230 1659 ab
1260 1636 1338 1659 uno
1389 1623 1581 1660 Sancrofti
1626 1624 1722 1661 libro

1064 1680 1198 1726 absint,
1241 1691 1474 1730 quamquam
1489 1678 1635 1716 dudum
1655 1693 1723 1717 su·

1060 1742 1188 1786 specta
1200 1733 1333 1772 habmt
1353 1736 1516 1773 VV.essel
1561 1748 1650 1772 cum
1670 1737 1720 1774 ob

1060 1804 1223 1843 sequens
1245 1785 1375 1835 αὗται,
1383 1798 1468 1828 tum
1489 1792 1592 1844 quod
1612 1799 1722 1830 vete-

1061 1861 1148 1884 rum
1161 1861 1267 1884 more
1279 1848 1427 1898 puellae
1440 1849 1579 1886 fuerint
1597 1846 1722 1899 ὑδρο·

1063 1902 1204 1955 φόροι,
1216 1911 1310 1942 teste
1325 1905 1476 1942 Arrian.
1496 1906 1598 1956 Exp.
1623 1906 1670 1952 ll,
1683 1907 1720 1946 3.

1062 1963 1220 1997 Homer.
1233 1960 1305 2001 Od.
1316 1962 1366 2009 X,
1383 1961 1473 2002 105.
1485 1960 1721 1999 HincBekk.

1064 2019 1189 2054 omisit
1200 2016 1294 2054 haec
1308 2018 1435 2054 verba.
1466 2019 1563 2054 Item
1574 2016 1640 2054 has
1649 2030 1720 2055 vo-

1062 2087 1125 2111 ces
1147 2075 1307 2110 eiecerat
1327 2072 1494 2121 Schaef.,
1524 2075 1633 2110 uncis
1652 2075 1717 2110 in-

1063 2125 1477 2168 cln1serat1t1attl1iae.5n’
1488 2125 1597 2180 ὕδωρ
1607 2130 1720 2180 plane

1062 2193 1104 2222 ut
1124 2187 1189 2233 111,
1213 2185 1277 2225 14.
1298 2185 1343 2230 V,
1368 2187 1431 2224 12.
1463 2185 1720 2223 Enneacrunos

1061 2242 1147 2278 sons
1178 2255 1208 2278 s.
1241 2239 1458 2289 Calirrhoe,
1485 2255 1604 2293 prope
1623 2243 1718 2280 Ilissi

1059 2298 1210 2334 alveum
1239 2310 1343 2334 nunc
1372 2298 1451 2333 sere
1487 2300 1718 2336 exsiccatum

1058 2367 1137 2390 non
1158 2355 1272 2404 longe
1294 2367 1314 2390 a
1327 2355 1476 2405 Lyce0‚
1499 2356 1591 2392 olim
1611 2356 1718 2406 larga

1058 2409 1156 2462 aquai
1178 2411 1393 2461 prosiliens,
1424 2418 1571 2448 mature
1586 2439 1598 2459 ,
1627 2425 1717 2449 cum

1057 2468 1163 2517 regio
1198 2466 1301 2504 arida
1335 2467 1481 2503 nullam
1520 2468 1717 2519 praeberet

1057 2536 1198 2575 aquam
1211 2553 1220 2571 ‚
1280 2523 1369 2560 rixis
1403 2536 1535 2560 ansam
1570 2523 1716 2562 dedisse

1055 2580 1186 2616 fertur.
1243 2579 1329 2617 Vid.
1349 2578 1569 2631 Thucydid.
1590 2582 1637 2628 11,
1664 2580 1714 2622 15

1056 2637 1186 2688 ibique
1206 2637 1416 2687 interprett.
1438 2638 1557 2674 Kruse
1586 2637 1713 2674 Hellas

1056 2695 1104 2741 ΙΙ,
1131 2697 1149 2734 1
1174 2707 1212 2744 p.
1233 2696 1301 2734 76.
1332 2691 1533 2730 Chandler.
1554 2694 1651 2731 Reis.
1672 2693 1711 2729 iu

1057 2748 1339 2787 Griechenland
1359 2761 1443 2800 cap.
1462 2750 1552 2786 XVI
1571 2763 1610 2800 p.
1634 2750 1712 2789 119

1055 2820 1137 2859 seq.
1183 2808 1318 2858 Neque
1337 2808 1441 2842 enim
1461 2804 1651 2859 hodieque
1668 2816 1712 2842 ea
