1897 3340
0 2988 8 3176 vua-,⁸

303 700 370 746 85

99 762 173 790 Post
183 762 354 793 Cleomenis

98 800 228 824 mortem
240 798 369 832 Aegine-

97 833 149 857 tae
172 830 337 866 Leutychi>

99 863 179 897 dem,
205 865 303 893 missis

98 897 358 935 Spar-tamlegatis

99 931 135 957 ob
156 939 239 958 cives
258 942 326 959 suus

99 963 233 991 Athenas
260 967 355 993 abdu-

97 1001 159 1024 ctos
178 998 218 1031 [c.
237 999 293 1034 73]
321 1000 350 1026 ἰιι

97 1031 240 1058 iudicium
251 1037 368 1060 vocant.

97 1065 263 1092 Damnatur
288 1075 370 1101 reus,

98 1098 291 1134 Athenasque
302 1099 371 1127 mit-

96 1133 182 1165 titur,
204 1137 235 1160 ut
255 1133 355 1169 capti-

97 1166 142 1192 vis
161 1165 336 1193 libertatem

97 1200 133 1226 ab
143 1200 372 1228 Atheniensibus

97 1233 250 1269 impetret.

427 256 513 295 344
820 257 1286 295 HERODOTI

402 365 587 419 4τιῆται.
625 362 671 406 ἔκ
699 379 743 407 τε
771 363 928 418 τόσου,
972 363 1033 417 ὦς
1062 365 1188 410 αὐτοὶ
1216 364 1410 421 λέγουσι,
1451 365 1582 410 ε’πεάν
1610 372 1682 421 ζω-

431 430 611 486 ρότερον
649 431 894 487 βούλωνται
930 432 1085 485 πιέειν,
1127 432 1466 486 ,,ἐπισκυ’θισον“
1498 436 1683 490 λέγουσι.

431 497 545 541 οὕτω
589 497 641 554 δή
694 503 965 556 Σπαρτιῆται
1001 499 1054 543 τὰ
1098 502 1197 554 περὶ
1226 502 1468 556 Κλεομένεα
1497 501 1683 556 λέγουσι.

425 564 545 622 Ἐμοὶ
573 566 618 609 δὲ
647 566 789 610 δοκέει
816 569 929 610 τίσιν
957 566 1119 623 ταύτην
1149 567 1172 612 ὁ
1204 571 1446 626 Κλεομένης
1477 569 1684 625 Δημαρή-
1696 577 1742 611 90

427 649 487 689 τῳ
518 632 692 675 ἐκτίσαι,

518 700 859 755 Τελευτήσαντος
887 700 934 743 δὲ
955 701 1241 757 Κλεομένεος,
1273 702 1328 754 ὡς
1357 702 1578 747 ἐπύθοντο
1611 705 1688 746 Αἰ-

425 770 618 823 γινῆται,
657 765 848 821 ἔπεμπον
886 767 929 819 ές
957 768 1168 825 Σπάρτην
1197 768 1405 826 ἀγγέλους
1437 773 1686 826 καταβωσο-

427 835 587 891 μένους
622 835 893 889 Λευτυχίδεω
934 837 1030 891 περὶ
1059 842 1147 881 τῶν
1187 837 1234 881 ἐν
1267 835 1473 894 Ἀθήνῃσι
1506 837 1686 894 ὁμήρων

362 920 370 935 ⁷
399 900 658 957 Ξέχομένων.
715 903 1056 959 Λακεδαιμόνιοι
1095 905 1141 948 δὲ
1178 904 1459 959 δικαστήριον
1497 911 1742 960 συναγα-95

428 968 596 1023 γόντεςι
638 968 833 1024 ἔγνωσαν
867 973 1175 1026 περιυβρίσθαι
1202 972 1434 1028 Αἰγινήτας
1462 971 1550 1015 ’ὑπὸ
1584 977 1687 1015 Λευ-

426 1037 627 1091 τυχίδεω·
677 1039 751 1080 καί
787 1055 864 1094 μιν
902 1039 1164 1095 κατέκριναν
1214 1040 1393 1083 ἔκδοτον
1422 1039 1604 1095 ἄγεσθαι
1643 1040 1685 1092 ἐς

427 1105 613 1159 Αἴγιναν
652 1103 748 1148 ἀντὶ
785 1110 874 1150 τῶν
910 1107 957 1151 ἐν
995 1106 1202 1166 Ἀθήνῃσι
1237 1107 1449 1163 ἐχομένων
1493 1105 1686 1161 ἀνδρῶν.

400 1170 696 1216 3Μελλόντων
716 1173 763 1217 δὲ
794 1172 916 1230 ἄγειν
943 1179 1033 1219 τῶν
1068 1175 1333 1232 Αἰγινητέων
1367 1174 1447 1218 τὸν
1485 1177 1687 1231 Λευτυχί-

337 1410 340 1414 ·
372 1397 468 1428 nott.
490 1389 538 1428 ad
557 1391 602 1438 V,
622 1390 704 1441 49)
734 1397 771 1427 et
800 1386 933 1432 αὐτῶν
960 1405 1031 1444 pro

372 1441 540 1486 αὐτέων.
552 1448 785 1485 ’-Ῡεῑ·1)ωῐι
796 1443 1031 1500 ἄναβαίνειν

373 1502 426 1541 de·
442 1504 485 1540 iis
506 1502 592 1551 dici,
614 1505 680 1557 qui
701 1517 749 1541 ex
768 1505 880 1542 Asiae
899 1508 1030 1543 mino-

373 1561 423 1596 ris
461 1559 527 1596 orsst
574 1562 614 1596 in
665 1562 873 1611 superiores
914 1570 1028 1614 atque

372 1617 569 1653 interiores
607 1617 720 1653 Asiae
749 1619 921 1667 regiones
956 1620 1027 1655 iter

373 1672 538 1719 faciunt,
585 1685 742 1709 monere
782 1675 847 1710 vix
884 1676 1030 1713 attinet.

374 1728 432 1766 Cf.
449 1729 530 1776 VII,
562 1731 600 1769 3.
623 1733 663 1769 6.
720 1728 782 1766 Ad
801 1733 874 1769 τοῦ
895 1732 1031 1771 ἱκνευ-

374 1783 495 1836 μένου
531 1784 583 1833 (ἰ.
613 1798 645 1821 e.
674 1788 810 1834 magis,
842 1800 946 1837 quam
962 1801 1032 1839 par

374 1844 472 1889 erat,
512 1843 698 1892 convenit)
730 1844 831 1880 conf.
859 1851 955 1880 nott.
984 1843 1033 1880 ad

342 1886 345 1895 ’
375 1898 439 1944 vl,
462 1896 527 1936 65.

432 1951 476 1991 ἔκ
497 1967 539 1991 τε
557 1949 708 2004 τόσου]
743 1949 860 1994 τόσου
879 1968 948 2006 pro
959 1957 1034 1995 τοῦ

374 2010 630 2059 reposuimus,
661 2017 703 2047 ut
723 2011 767 2057 V,
784 2013 849 2058 88,
870 2013 936 2048 ubi
955 2011 1033 2049 vid.

374 2065 485 2102 Valet
523 2066 650 2102 enim:
689 2067 733 2103 ab
756 2067 818 2103 illo
839 2068 917 2105 inde
944 2071 1035 2106 tem-

371 2133 465 2171 pore.
513 2120 681 2158 Bekker.
718 2124 884 2174 scripsit:
916 2123 959 2163 ἐκ
992 2138 1034 2163 τε

375 2191 459 2215 του.
485 2199 540 2204 —-
580 2179 656 2214 Pro
679 2175 891 2230 ζωρότερον
911 2179 1034 2216 Athe-

375 2245 492 2269 naeus
512 2234 536 2271 l.
558 2234 584 2269 l.
607 2240 720 2286 atque
740 2234 958 2272 Eustathius
987 2234 1036 2273 ad

376 2289 420 2325 ΙΙ.
442 2302 479 2338 p.
500 2287 593 2336 746,
615 2288 668 2329 40
689 2303 718 2326 s.
740 2289 834 2337 644,
872 2290 924 2332 43
955 2294 1036 2328 He·-

376 2343 532 2381 rodotea
561 2351 759 2394 tangentes
787 2346 951 2384 afferunt
986 2344 1037 2387 οἷ-

375 2399 653 2452 κρατέστερον,·
683 2415 758 2454 quo
779 2404 860 2454 ipso
881 2404 1031 2442 alterius

376 2457 552 2494 vocabuli
571 2459 625 2494 vis
638 2470 681 2494 ac
691 2459 794 2496 notio
816 2461 901 2496 satis
923 2474 1032 2498 coin-

377 2512 491 2550 mode
512 2514 721 2564 explicatur
743 2522 779 2552 et
808 2514 1030 2554 declaratur.

378 2570 434 2606 Ac
455 2570 570 2619 vulgo
585 2571 761 2621 supplent
783 2568 908 2620 οἶνον,
929 2574 1029 2612 conf.

377 2626 568 2664 Lambert.
589 2627 676 2663 Bos.
707 2628 764 2663 De
779 2629 913 2679 ellipss.
942 2643 1030 2680 pag.

379 2681 458 2722 347
480 2694 557 2734 seq.
607 2684 706 2719 Hinc
728 2691 827 2721 recte
848 2686 1034 2736 iuterpre-

378 2742 527 2775 tantur:
567 2751 694 2776 merum
721 2754 750 2776 s.
780 2744 949 2779 meracius
978 2744 1034 2779 bi-

379 2795 473 2831 bunt.
531 2793 641 2840 Quod
674 2797 843 2848 sequitur
871 2796 1035 2837 ἐπισκύ-

381 2854 502 2890 θισον
513 2857 589 2888 est:
623 2851 791 2902 Scythico
805 2865 895 2892 more
905 2854 1033 2905 insun-

1088 1393 1174 1443 das,
1202 1392 1314 1431 bibas.
1370 1393 1532 1443 Attigit,
1559 1400 1743 1430 monente

1088 1449 1119 1488 C
1126 1463 1169 1498 r.‚
1189 1451 1312 1488 Marx.
1332 1447 1381 1486 ad
1400 1448 1546 1500 Ephori
1564 1449 1743 1500 fragmm.

1084 1520 1122 1557 p.
1144 1505 1241 1547 243.
1269 1507 1452 1543 Extrema
1481 1504 1592 1542 huius
1613 1507 1744 1557 capitis

1084 1563 1219 1610 verba,
1250 1561 1388 1599 eodem
1443 1562 1512 1600 Cr.
1549 1569 1743 1611 monente,

1086 1620 1209 1668 attigit
1250 1618 1470 1656 Eustathius
1520 1618 1569 1655 ad
1607 1618 1741 1671 Odyss.

1085 1677 1104 1711 Ι
1123 1689 1162 1726 p.
1181 1677 1248 1723 29,
1271 1678 1319 1715 31
1340 1675 1399 1714 ed.
1421 1676 1535 1712 Basil.

1267 1776 1361 1827 Cap.
1382 1777 1578 1813 Lxxxv.

1181 1838 1437 1893 δικαστήριον
1496 1840 1747 1896 συναγαγόν-

1091 1900 1171 1949 τες]
1193 1901 1218 1939 i.
1241 1913 1275 1937 e.
1297 1903 1479 1936 convocato
1499 1900 1640 1948 iudicio,
1661 1913 1748 1938 ma-

1088 1957 1160 1994 iori
1179 1956 1258 1995 scil.
1289 1956 1374 2003 illo,
1421 1954 1469 1992 ad
1489 1955 1593 2008 quod
1614 1970 1747 1996 omnes

1089 2020 1264 2064 gerontes
1279 2041 1288 2058 ‚
1309 2010 1454 2062 ephori,
1476 2013 1644 2066 alterque
1666 2027 1747 2062 rex,

1091 2071 1183 2122 quin
1218 2069 1281 2105 alii
1317 2081 1471 2120 quoque
1507 2072 1748 2121 magistratus

1089 2125 1313 2176 pertinuisse
1334 2123 1533 2174 videntur,
1564 2128 1747 2180 cuiusque

1090 2194 1242 2219 summa
1263 2186 1342 2216 erat
1358 2187 1540 2231 potestas,
1586 2183 1661 2234 quit
1688 2184 1749 2221 vel

1092 2238 1222 2288 capitis
1253 2235 1433 2273 damnare
1461 2251 1567 2288 reges
1611 2246 1746 2289 posset,

1091 2307 1162 2330 uec
1194 2293 1270 2329 ulla
1291 2294 1470 2343 permissa
1492 2301 1586 2331 esset
1606 2308 1747 2345 provo-

1091 2352 1203 2387 catio.
1260 2350 1393 2401 Itaque
1422 2351 1592 2387 consulto
1613 2353 1748 2388 Noster

1092 2405 1306 2443 adhibuisse
1370 2404 1520 2443 videtur
1584 2408 1745 2445 verbum

1091 2474 1113 2501 σ
1127 2478 1149 2500 υ
1165 2477 1188 2500 ν
1202 2456 1426 2514 αγαγόντες.
1492 2463 1603 2501 Conf.
1634 2465 1676 2502 C.
1698 2466 1743 2503 Ο.

1087 2519 1233 2555 muller.
1254 2519 1345 2555 Dor.
1365 2519 1401 2554 Π
1419 2532 1458 2569 p.
1484 2522 1575 2560 119.
1608 2543 1658 2549 —
1701 2523 1745 2558 In

1087 2588 1194 2627 seqq.
1234 2572 1393 2613 ἔκδοτον
1439 2572 1607 2626 ἄγεσθαι
1643 2579 1744 2615 valet

1092 2632 1208 2678 tradi,
1230 2630 1323 2668 dedi.
1383 2631 1493 2669 Conf.
1514 2633 1579 2680 ΠΙ,
1605 2636 1640 2673 1.

1149 2682 1391 2726 ΙΠελλόντων
1405 2684 1447 2726 δὲ
1461 2684 1588 2738 ἄγειν]
1611 2691 1690 2729 scil.
1705 2689 1744 2738 ἐς

1092 2743 1261 2796 Αἴγιναν
1275 2774 1284 2790 ,
1314 2744 1352 2779 in
1371 2743 1545 2792 Aeginam
1562 2746 1744 2794 abducere,

1091 2801 1155 2836 ubi
1184 2801 1352 2850 captivus
1386 2807 1577 2839 teneretur
1604 2803 1644 2838 in
1675 2816 1743 2840 cu-

1090 2855 1231 2903 stodia,
1279 2856 1362 2893 loco
1392 2857 1664 2906 Aeginetarum
1697 2859 1743 2896 ab
