1897 3340
308 545 376 590 20
431 550 523 592 νῶν
550 552 626 604 τῆς
654 548 844 604 ἠπείρου.
898 548 1000 593 ’And
1029 548 1112 604 γαρ
1143 548 1368 605 Αἰγύπτου
1399 548 1599 600 ἁλώσιος,
1628 549 1698 592 ἐπὶ
1755 549 1836 590 520

106 609 222 645 lugenti
239 609 349 637 bellico

106 646 259 683 apparatu
276 651 332 683 per

108 677 342 713 quadriennium

435 239 519 278 472

831 238 1292 276 HERODOTI

435 347 581 389 πᾶσαν
615 345 685 389 ἐπὶ
723 350 836 390 τοῖσι
866 347 1148 404 εἰρημένοισι,
1186 344 1329 389 θέλων
1360 344 1490 397 αὐτὸς
1519 346 1696 398 ἕκαστος

434 412 488 456 τοὶ
515 414 775 468 προκείμενα
805 416 926 469 δῶρα
954 418 1121 471 λαβεῖν·
1171 414 1244 459 καὶ
1281 412 1441 468 Ξέρξης
1470 418 1548 456 τοῦ
1569 425 1695 467 στρα-

435 483 516 524 τοῦ
554 480 670 524 οὕτω
707 480 938 537 ἐπάγερσιν
967 482 1179 531 ποιέεται,
1217 485 1365 538 χῶρον
1396 480 1539 524 πάντα
1581 482 1697 537 ἐρευ-

437 615 517 671 μὲν
552 617 731 670 τέσσερα
769 615 862 659 ἔτεα
901 615 1064 673 πλήρεα
1100 616 1362 672 παραρτέετο
1403 615 1607 672 στρατιήν
1655 631 1699 660 τε

384 807 513 838 sonat:
544 813 580 837 re
596 804 756 852 peracta.
815 802 1045 850 Langever-

383 857 519 894 nacule
539 859 590 894 sic
612 857 817 909 expressit:
849 857 924 895 und
941 857 1044 894 suck-

385 917 440 949 ten
467 915 528 950 mit
552 914 656 951 ollem
690 912 797 964 Eiser
825 913 900 951 dem
917 913 1044 963 Btfehl

383 969 689 1008 uacltzulmmmen.
719 992 774 997 —-—
804 971 848 1007 Iu
868 983 975 1021 seqq.
996 969 1044 1006 ad

384 1027 500 1063 verba
522 1022 638 1073 αὐτὸς
657 1025 819 1073 ἕκαστος
839 1028 887 1063 cf.
907 1024 1044 1063 Matth.

385 1084 452 1123 Gr,
474 1083 540 1121 Gr.
564 1084 604 1128 ξ.
624 1083 706 1124 468
726 1095 815 1133 pag.
837 1085 919 1124 868
941 1089 978 1119 et
999 1081 1047 1119 ad

387 1151 524 1175 vocem
543 1135 753 1191 ἐπάγερσιν
772 1146 868 1178 nott.
890 1138 939 1175 ad
966 1140 1047 1186 VII,

387 1193 428 1235 5.
483 1197 601 1233 Recte
621 1202 750 1233 autem
770 1194 819 1232 ad
838 1195 950 1233 huius
974 1196 1050 1232 loci

389 1260 661 1302 argumentum
681 1253 854 1289 observat
886 1253 1047 1291 Rennel.

341 1329 343 1333 ·
391 1321 476 1358 pag.
488 1308 568 1350 500
590 1322 658 1360 pro
680 1310 922 1346 orientalium
941 1322 1050 1346 more

390 1366 502 1402 sacris
521 1367 636 1402 etiam
655 1366 799 1403 Veteris
810 1366 1050 1403 Testamenti

392 1422 493 1458 libris
514 1423 672 1472 probato
692 1423 860 1473 publicas
889 1423 1051 1459 maximi

391 1480 578 1515 momenti
605 1492 664 1516 res
702 1480 858 1516 somniis
897 1479 1051 1516 decerni

391 1548 601 1586 eorumque
620 1536 899 1587 interpretibus.
938 1535 1050 1572 conf.

391 1604 504 1640 supra
532 1593 562 1639 I,
597 1594 688 1632 107.
725 1595 816 1633 108.
849 1595 943 1633 110.
1000 1594 1051 1628 Et

393 1649 476 1698 quis
506 1648 545 1683 in
574 1648 711 1685 talibus
739 1649 848 1699 plura
887 1649 1054 1699 requirat

392 1704 607 1741 testimonia
617 1700 637 1741 Ρ

626 1792 716 1844 Cap.
746 1794 835 1832 XX.

453 1869 517 1911 ἐπὶ
534 1869 605 1922 μὲν
618 1871 780 1923 τέσσερα
799 1870 885 1911 ἔτεα
900 1868 1056 1922 πλήρεα

396 1926 633 1980 παραρτέετο
650 1926 838 1981 στρατιήν
864 1942 906 1967 τε
921 1927 988 1966 καὶ
1010 1924 1058 1966 τοὶ

398 1981 610 2036 πρόσφορα
638 1987 689 2039 τῇ
712 1986 904 2039 στρατιῇ]
934 1986 1059 2021 Hero-

399 2039 479 2077 doti
517 2042 681 2078 calculos
725 2043 756 2079 si
792 2041 1061 2087 subducemus,

400 2098 595 2147 apparebit
624 2098 805 2135 undecimo
844 2110 945 2134 anno
978 2103 1062 2147 post

400 2151 678 2190 Marathoniam
698 2167 869 2205 pugnam
889 2155 1062 2190 Xerxem

402 2208 686 2258 expeditionem
714 2212 754 2246 in
782 2212 947 2247 Graecos
977 2222 1062 2245 sus-

403 2266 562 2315 cepisse3
585 2265 689 2316 quod
707 2266 835 2303 decimo
855 2272 937 2315 post
957 2266 1062 2300 illam

403 2320 552 2357 cladem
593 2334 692 2358 anno
727 2321 906 2358 accidisse
934 2322 1063 2358 scribit

404 2375 651 2428 Thucydides
672 2379 700 2425 1,
725 2381 775 2418 18
797 2379 880 2414 coll.
898 2378 1063 2414 Plat.l)e

404 2434 525 2483 Legg.
545 2435 597 2469 Ill
618 2446 705 2484 pag.
729 2437 822 2474 698.
845 2434 888 2470 C.
910 2432 1063 2470 Aristid.

407 2488 538 2526 Schol.
569 2503 604 2539 p.
626 2493 702 2530 221
723 2491 927 2526 Frommel.
951 2488 1065 2525 Thu-

407 2545 585 2596 cydidem
610 2545 747 2582 reiecta
770 2546 951 2582 Herodoti
980 2560 1066 2582 sen-

409 2602 536 2648 tentia,
556 2610 768 2653 sequnntur
788 2604 969 2652 Scaliger,
982 2603 1066 2649 alii,

408 2666 538 2695 contra
568 2671 662 2710 quos
688 2658 851 2709 Alphen.
890 2661 927 2695 in
949 2660 1068 2694 Com-

413 2721 546 2751 mentt.
575 2713 808 2764 Chronolog.
840 2715 885 2751 ad
920 2716 1067 2752 Daniel.

409 2784 492 2821 cap.
523 2773 548 2811 9
578 2773 622 2808 P.
662 2773 713 2807 ΙΙΙ
754 2785 835 2822 cap.
870 2776 893 2811 3
935 2770 1068 2822 (quein

410 2826 552 2865 Duker.
582 2827 710 2865 laudat
738 2828 785 2865 ad
807 2827 1026 2879 Thucydid.
1044 2829 1068 2865 Ι.

1100 800 1154 849 l.)
1186 801 1282 837 bene
1311 801 1489 847 monuit,
1518 798 1758 851 Thucydidis

1101 858 1215 894 verba
1235 858 1287 893 ita
1307 857 1449 906 exponi
1467 869 1595 907 posse,
1616 864 1659 892 ut
1680 851 1761 892 He-

1102 912 1301 950 rodoteam
1320 914 1506 948 rationem
1517 914 1676 949 minime
1685 914 1761 948 im-

1102 976 1285 1019 pugnent.
1316 968 1481 1017 Addam,
1505 982 1601 1020 quae
1621 968 1669 1005 ad
1680 982 1762 1005 me-

1102 1027 1238 1062 liorem
1272 1031 1492 1075 temporum
1526 1027 1763 1062 notationem

1104 1081 1144 1119 h.
1175 1083 1200 1119 l.
1229 1080 1424 1131 adscripsit
1461 1082 1762 1131 Wesselingius:

1106 1139 1378 1189 „Apparatum
1406 1138 1511 1173 Darii
1540 1137 1588 1174 ad
1619 1150 1765 1175 novum

1105 1196 1146 1231 in
1179 1196 1343 1232 Graecos
1377 1194 1520 1230 bellum
1540 1195 1766 1231 triennalem

1104 1252 1312 1302 signavitc.
1332 1253 1375 1297 13
1409 1249 1619 1301 adiungens
1632 1257 1765 1302 quarto

1106 1315 1192 1359 post
1257 1305 1539 1343 Marathoniam
1594 1320 1766 1361 pugnam

1111 1363 1211 1413 [490
1228 1377 1262 1401 a.
1285 1362 1372 1401 Chr.
1395 1365 1468 1412 n.]
1495 1376 1595 1400 anno
1614 1363 1714 1412 [486
1731 1376 1766 1399 a.

1110 1419 1200 1458 Chr.
1220 1421 1288 1469 n.]
1320 1421 1527 1472 Aegyptios
1548 1419 1768 1466 descivisset,

1106 1484 1190 1515 tum
1210 1477 1386 1528 proximo
1422 1475 1522 1524 [485
1543 1489 1575 1513 a.
1597 1475 1685 1513 Chr.
1707 1477 1770 1524 n.]

1109 1535 1156 1570 ab
1197 1546 1331 1570 eorum
1360 1532 1573 1569 defectione
1611 1533 1771 1569 Darium

1109 1590 1212 1627 diem
1233 1591 1350 1627 obiise
1369 1602 1591 1640 supremum
1620 1602 1704 1640 cap.
1731 1587 1770 1636 4,

1111 1648 1175 1698 qui
1188 1647 1341 1697 quintus
1349 1647 1481 1696 utique
1497 1659 1517 1682 a
1529 1647 1672 1696 proelio
1687 1647 1773 1681 Ma-

1111 1701 1301 1739 rathonio.
1389 1702 1613 1753 Sequuntur
1669 1702 1772 1752 pleni

1113 1766 1276 1811 quatuor
1296 1759 1398 1805 anui,
1419 1771 1440 1794 a
1453 1759 1582 1794 Xerxe
1603 1759 1642 1794 in
1664 1771 1774 1794 com-

1114 1814 1291 1867 parandis
1330 1814 1378 1850 ad
1410 1815 1600 1851 Graecum
1630 1815 1775 1851 bellum

1113 1873 1225 1908 rebus
1267 1871 1431 1908 absumti
1451 1882 1462 1906 z
1527 1869 1689 1924 πέμπτῳ
1733 1867 1776 1909 δὲ

1116 1927 1194 1968 ἔτεϊ
1209 1927 1362 1965 volvente
1381 1927 1460 1964 sive
1475 1927 1678 1978 procedente
1687 1939 1778 1964 anno

1117 1986 1251 2035 quinto,
1271 1997 1341 2020 rex
1359 1985 1474 2020 Persa
1494 1982 1778 2034 expeditionem

1116 2039 1349 2090 ingreditur3
1388 2039 1610 2091 delatusque
1640 2038 1779 2076 Sardes

1120 2098 1216 2146 [481
1243 2109 1264 2132 a
1286 2095 1374 2134 Chr.
1391 2096 1450 2143 n.]
1483 2103 1568 2146 post
1601 2097 1672 2132 iter
1692 2096 1779 2132 lou-

1119 2165 1213 2204 gum
1251 2152 1507 2202 interquiescit
1554 2164 1597 2188 ac
1636 2151 1781 2188 ibidem

1119 2208 1288 2245 hiemem
1328 2208 1498 2257 transigit
1529 2222 1560 2246 c.
1583 2210 1635 2248 32
1653 2236 1663 2251 ‚
1693 2221 1782 2245 vere

1120 2263 1422 2301 deindeineunte
1445 2264 1545 2311 [480
1566 2276 1600 2301 a.
1622 2263 1710 2302 Chr.
1720 2265 1781 2313 n.]

1121 2320 1303 2371 Abydum
1343 2320 1591 2370 proficiscitur
1638 2334 1672 2358 c.
1712 2324 1781 2362 37.

1121 2376 1232 2414 Unde
1272 2389 1507 2428 consequens
1527 2375 1700 2425 videtur,
1740 2384 1781 2413 ut

1122 2447 1191 2484 pro
1213 2434 1396 2470 Herodoti
1419 2434 1623 2469 rationibus
1641 2446 1782 2470 rexun-
1834 2437 1841 2446 ⁸
1882 2441 1890 2448 ·

1122 2491 1250 2526 decium
1283 2497 1365 2539 post
1393 2488 1673 2526 Marathoniam
1701 2490 1781 2526 cla-

1124 2546 1212 2582 dem
1237 2559 1337 2582 anno
1359 2547 1397 2582 iu
1411 2548 1606 2596 Europam
1620 2547 1782 2582 moverit

1124 2604 1380 2654 Graecosque.
1407 2603 1517 2638 Certe
1538 2603 1672 2638 Iuliani
1687 2605 1782 2652 lmp.

1126 2660 1187 2696 Or.
1211 2661 1224 2695 1
1247 2672 1333 2709 pag.
1364 2659 1418 2699 42
1439 2659 1481 2698 C.
1514 2655 1657 2710 χρόνος
1685 2658 1782 2697 ἐτῶν

1126 2712 1200 2755 οὐκ
1232 2712 1409 2754 ἐλάσσων
1435 2712 1547 2759 δέκα,
1598 2728 1618 2750 a
1653 2716 1782 2750 Xerxe

1125 2774 1163 2808 in
1176 2773 1262 2808 belli
1283 2778 1464 2821 apparatu
1476 2771 1661 2807 insumtus
1681 2783 1783 2806 nun-

1127 2841 1243 2880 quam
1263 2826 1454 2879 procedet,
1477 2827 1546 2864 nisi
1557 2828 1657 2863 Darii
1671 2828 1782 2880 quin-
