1897 3340
378 238 461 277 100
778 231 1231 268 llERODOTl

351 343 549 394 'QZuoei‘og
578 340 620 385 δ’
654 342 709 384 ἂν
739 342 803 396 εἴη
834 338 857 382 ὁ
883 338 1221 389 Ἱπποκόωντος·
1264 339 1299 381 εἰ
1341 337 1393 392 δὴ
1430 333 1561 386 οὗτός
1589 334 1631 390 γ’

377 412 465 457 ἐστὶ
497 412 519 454 ὁ
553 408 754 458 ἀναθεὶς,
789 407 862 449 καὶ
903 406 960 462 μή
991 405 1122 457 ἄλλος
1152 405 1291 449 τώυτὸ
1328 405 1501 458 οὕνομα
1532 403 1690 458 ἔχωνΞῦ

378 484 438 537 τῷ
455 476 788 524 Ἱπποκόωντος·
821 472 993 530 ἡλικίην
1013 474 1122 516 κατὰ
1148 476 1360 517 Οἰδίπουν
1381 472 1458 514 τὸν
1480 474 1632 513 Λαΐου.

253 548 315 592 61
384 548 540 601 Τρίτος
570 544 615 586 δὲ
647 543 826 595 τρίπους
854 542 965 596 λέγει
997 542 1069 584 καὶ
1100 557 1228 592 ουτος
1266 542 1312 585 ἐν
1345 540 1577 596 ἑξαμέτρῳ·

540 619 746 664 Λαοδάμας
767 618 919 664 τρίποδ’
944 617 1062 653 αὐτὸν
1086 617 1254 666 ἐϋσκόπῳ
1281 618 1475 654 Ἀπόλλωνι

540 677 779 722 μουναρχέων
804 674 967 720 οἷνέθηκε
986 675 1064 709 τεῒν
1087 674 1298 719 περικαλλὲς
1322 673 1475 720 ἄγαλμα.

349 746 470 790 ΕἘπὶ
499 744 657 789 τούτου
702 745 756 801 δὴ
795 748 877 787 τοῦ
923 742 1242 799 Λαοδάμαντος
1280 749 1359 788 τοῦ
1394 741 1633 792 Ἐτεοκλέος
1647 747 1692 780 30

378 812 728 870 μουναρχέοντος
757 810 1047 864 ἐξανιστέαται
1069 813 1283 866 Καδμεῖοι
1311 810 1389 854 ὑπ’
1416 811 1634 866 Ἀργείων,

349 883 457 926 3καὶ
485 881 718 937 τρέπονται
749 880 791 930 ἐς
820 879 923 931 τούς
946 877 1176 936 Ἐγχέλεας.
1225 880 1270 923 οἱ
1299 881 1344 922 δὲ
1383 882 1633 934 Γεφυραῖοι,

318 1078 388 1115 bus
409 1078 457 1114 ob
480 1075 662 1113 eximiam
685 1075 764 1112 scil.
785 1072 977 1111 iaculandi

320 1141 452 1181 artem,
476 1132 551 1185 qu&
572 1144 722 1182 semper
741 1144 899 1182 scopum
919 1137 978 1166 at-

320 1191 485 1240 tingunt,
504 1187 636 1240 Odyss.
658 1189 688 1234 Ι,
701 1190 767 1229 38.
782 1189 869 1234 'vll‚
885 1189 976 1226 137.

318 1248 386 1294 XI,
418 1249 510 1286 197.
530 1246 574 1281 Il.
596 1244 736 1290 XXIV,
762 1246 854 1291 109„
899 1243 979 1278 Vo-

320 1315 405 1339 cem
422 1299 577 1353 ἄγαλμα
599 1300 646 1337 de
667 1300 829 1336 donariis
849 1299 980 1334 muni-

320 1359 362 1395 ni
392 1358 504 1395 alicui
535 1357 762 1394 consecratis
805 1356 982 1391 usitatam

321 1415 520 1465 illustravit
540 1412 748 1450 Ruhnken.
767 1411 814 1448 ad
831 1411 983 1448 Timaei

321 1473 417 1508 Lex.
439 1471 536 1506 Plat.
558 1482 646 1520 pag.
669 1471 707 1508 6.

380 1529 530 1572 Σκαῖος
561 1521 603 1564 δ’
637 1520 688 1563 ἄν
723 1522 784 1572 εἴη
816 1538 849 1561 κ.
870 1537 902 1560 τ.
927 1523 979 1570 λ.]

318 1582 497 1632 ‚,Scaeus‚
529 1581 801 1632 Hippocoontis
821 1580 852 1615 si
873 1578 983 1614 fuerit

321 1640 442 1687 filius,
477 1639 572 1675 vixit
595 1635 798 1687 Oedipodis
827 1642 980 1685 tempo-

322 1709 386 1742 re,
433 1696 573 1747 quippe
593 1706 671 1730 una
700 1705 788 1730 cum
808 1699 912 1742 patre
932 1691 979 1727 ab

322 1753 488 1788 Hercule
509 1757 714 1801 peremtus.
765 1750 832 1784 Est
850 1754 981 1784 autem

323 1809 465 1846 Scaeas
486 1807 554 1843 iste
584 1808 624 1842 in
644 1804 866 1856 Apollodor.
895 1804 980 1840 Lib.

323 1866 372 1911 ΙΙ,
409 1866 458 1903 10
489 1876 527 1913 p.
568 1864 676 1902 200ιι
718 1860 980 1908 lVesselz'ng.

326 1917 679 1968 Schweighaeuser.
702 1917 865 1954 conferri
879 1917 983 1952 iubet:

325 1979 451 2027 Ileyn.
483 1974 532 2011 ad
561 1973 784 2024 Apollodor.
812 1974 858 2019 H,
883 1975 921 2018 7,
943 1974 982 2012 3.

324 2054 380 2060 -
401 2034 492 2067 Mox
520 2031 657 2066 retinui
678 2045 696 2068 τ
711 2031 743 2083 ᾧ
772 2024 983 2077 (ου’νόματι

323 2089 423 2137 scil.)
453 2083 749 2132 Ἱπποκόωντος,
777 2086 842 2121 ubi
872 2083 983 2120 Aldi—

326 2157 375 2181 na
390 2155 590 2194 perperam
602 2143 675 2180 τοῦ
685 2137 982 2187 Ἱπποκόωντος.

550 2231 642 2281 cap.
673 2231 776 2267 Lxl.

383 2307 607 2359 Λαοδάμας
638 2303 798 2360 τρίποδ’
829 2304 982 2347 αὐτὸν

326 2362 511 2418 ἔῦσκόπῳ
545 2361 778 2413 Ἀπόλλωνι]
810 2366 884 2400 Pro
907 2359 982 2402 αὕ-

325 2419 396 2462 τὸν
432 2420 781 2471 Schweighaeuser.
823 2422 982 2457 coniecit

326 2474 418 2517 αὕτ
431 2475 452 2517 d
465 2493 502 2524 ς,
526 2477 629 2529 quod
648 2478 732 2513 libri
753 2478 878 2528 scripti
900 2478 982 2513 vel-

325 2535 403 2571 lem
422 2535 649 2584 probarent,
682 2534 821 2584 qnippe
843 2532 890 2570 ad
911 2534 983 2569 loci

325 2592 553 2628 sententiam
588 2591 823 2641 aptissimum
863 2603 982 2640 aeque

327 2660 370 2684 ac
399 2659 559 2699 sequens
584 2644 858 2696 μουναρχέωνε
904 2659 980 2697 quo

327 2710 487 2755 utroque
518 2702 557 2738 id
596 2709 745 2752 tempus
779 2703 980 2751 significari

330 2759 495 2806 credam,
517 2771 593 2810 quo
614 2757 825 2795 Laodamas
846 2760 924 2808 ipse
939 2771 981 2794 uc

328 2817 428 2854 solus
447 2815 640 2867 regnabat,
662 2815 816 2852 Creonis
845 2815 983 2851 tutelae

1034 1086 1111 1110 non
1134 1074 1295 1124 amplius
1316 1073 1534 1109 submissus.
1592 1071 1691 1106 Nam

1034 1130 1246 1167 Laodamas
1259 1130 1423 1167 Eteoclis
1439 1130 1548 1175 filius,
1570 1129 1692 1163 iuter-

1034 1188 1121 1223 fecti
1138 1188 1175 1223 in
1189 1187 1393 1223 certamine
1408 1185 1587 1235 singulari
1604 1195 1694 1220 cum

1035 1244 1148 1279 fratre
1177 1244 1362 1293 Polynice
1391 1254 1491 1278 anno
1512 1243 1628 1286 1317,
1650 1245 1693 1275 nt

1036 1300 1143 1349 ponit
1169 1298 1347 1335 Larcher.
1407 1299 1490 1342 Quo
1522 1304 1693 1345 tempore

1039 1368 1160 1407 quum
1189 1356 1316 1391 minor
1343 1361 1437 1390 esset
1469 1351 1694 1397 Lwdamas,

1039 1413 1160 1448 Creon
1184 1419 1284 1448 tutor
1313 1412 1420 1460 regni
1439 1408 1695 1459 gubernacula

1046 1469 1164 1518 cepit,
1203 1466 1457 1503 Laodamanti
1488 1465 1535 1502 ad
1558 1467 1695 1501 iustam

1039 1531 1202 1561 aetatem
1232 1536 1352 1574 quum
1372 1523 1613 1573 pervenisset,
1645 1521 1695 1556 il-

1038 1581 1074 1616 la
1115 1581 1410 1617 transmissurus.
1485 1579 1568 1622 Quo
1612 1579 1693 1627 ipso

1035 1636 1295 1673 Laodamante
1315 1642 1399 1686 post
1419 1641 1602 1684 regnante
1617 1634 1694 1669 Ar-

1037 1694 1114 1743 givi
1135 1694 1249 1729 altera
1269 1693 1350 1728 vice
1371 1691 1513 1727 bellum
1534 1688 1694 1726 Theba-

1036 1751 1094 1785 nis
1126 1749 1354 1795 intulerunt‚
1397 1759 1496 1783 anno
1532 1748 1636 1786 1307
1658 1757 1693 1782 a.

1038 1804 1125 1842 Chr.
1147 1818 1187 1841 n.
1209 1817 1350 1856 eosque
1370 1804 1562 1853 fugarunt,
1592 1803 1694 1838 Lao-

1041 1860 1219 1914 damante
1231 1860 1481 1911 Cadmeisque
1502 1859 1594 1895 urbe
1615 1859 1694 1894 eie-

1041 1918 1127 1964 ctis,
1164 1931 1279 1968 qnam
1309 1918 1345 1953 T
1349 1914 1554 1952 hersandro
1575 1915 1696 1966 Poly-

1040 1975 1132 2010 nicis
1162 1975 1238 2009 lilio
1270 1975 1522 2010 restituerunt.
1580 1973 1629 2008 Et
1649 1983 1694 2007 eo

1040 2031 1188 2080 respicit
1215 2031 1349 2066 Noster
1377 2030 1414 2065 in
1436 2029 1558 2066 verbis
1589 2041 1695 2079 seqq.

1040 2085 1104 2125 ἐπὶ
1124 2081 1266 2124 τούτου
1287 2083 1336 2135 δή
1354 2087 1428 2124 τοῦ
1447 2079 1695 2135 Λαοδάμαν-

1038 2156 1105 2188 τος
1117 2144 1187 2181 τοῦ
1196 2137 1411 2187 Ἐτεοκλέος
1433 2138 1650 2191 μουναρχέο
1657 2155 1692 2177 ν-

1039 2213 1105 2244 τος
1125 2197 1387 2245 ἐξανιστέαται
1416 2197 1609 2247 Καδμεῖοι
1626 2191 1694 2235 ’ὑπ’

1037 2250 1235 2305 Ἀργείων,
1250 2254 1313 2293 καὶ
1329 2252 1539 2303 τρέπονται
1552 2253 1590 2299 ἐς
1602 2249 1695 2298 τούς

1038 2306 1246 2361 Ἑγχέλεας.
1322 2312 1387 2346 Tu
1427 2309 1528 2346 conf.
1579 2309 1694 2345 etiam

1038 2367 1200 2403 Pausan.
1221 2368 1250 2413 1,
1273 2369 1324 2407 39
1347 2367 1383 2411 ᾗ.
1409 2369 1443 2405 1.
1462 2367 1531 2412 ΙΧ,
1550 2366 1574 2406 5
1597 2366 1633 2410 §.
1655 2367 1695 2405 6.

1039 2426 1086 2470 7;
1127 2430 1161 2459 et
1197 2422 1244 2459 de
1283 2423 1460 2473 Apolline
1511 2417 1693 2472 εὖσκόπῳ

1043 2486 1138 2515 nott.
1161 2478 1207 2515 ad
1228 2480 1272 2525 V,
1307 2481 1372 2519 60.
1405 2501 1455 2505 -
1485 2478 1542 2513 De
1573 2477 1697 2512 forma

1043 2534 1305 2582 ἐξανιστέαται
1336 2534 1436 2570 conf.
1473 2531 1606 2569 Matth.
1629 2533 1695 2571 Gr.

1040 2593 1105 2628 Gr.
1128 2604 1213 2642 pag.
1245 2591 1340 2636 409,
1377 2590 1441 2641 qui
1468 2588 1571 2625 idem
1604 2601 1691 2639 pag.

1043 2648 1148 2687 1185
1199 2646 1448 2684 consulendus
1497 2644 1544 2681 ad
1583 2645 1698 2681 verba

1039 2699 1113 2741 ὕπ’
1142 2699 1326 2755 Ἀργείων
1349 2702 1412 2749 (ab
1425 2702 1568 2749 Argivis
1584 2703 1699 2738 coacti

1040 2759 1089 2795 ad.
1113 2758 1264 2808 sugam)
1305 2770 1380 2808 quo
1422 2758 1556 2794 eodem
1584 2770 1696 2794 sensu

1042 2828 1134 2851 mox
1179 2816 1339 2852 occurrit
1382 2811 1463 2853 ὑπό
1496 2815 1696 2860 Βοιωτῶν,
