1897 3340
538 243 568 276 Ρ
600 243 630 277 0
660 241 691 276 L
723 240 756 274 Y
786 239 825 274 Μ
855 239 888 272 Ν
917 238 935 272 1
963 237 1012 272 A.
1071 237 1169 273 Vll.
1406 243 1490 281 455

227 347 400 403 ,,βρυέω
442 347 691 403 Μαρδόνιε,
723 348 888 388 παῦσαι
929 343 1067 399 λέγων
1097 343 1257 400 λόγους
1285 346 1548 400 ματαίους9ο

225 417 346 470 ,περὶ
382 413 618 470 Ἑλλήνων,
650 411 734 456 ουίι
759 410 923 455 ἐόντων
954 411 1088 464 ἀξίων
1118 410 1329 467 φλαύρως
1359 411 1491 455 ἀκού-

172 491 329 536 17,,ειν.
376 481 586 537 Ι’Έλληνας
617 479 700 535 γὰρ
731 479 1003 535 διαβάλλων,
1037 481 1227 534 ἐπαίρεις
1248 478 1385 523 αὐτὸν
1414 483 1488 535 βα-

223 551 367 604 „ml-{a
398 546 728 601 στρατεύεσθαι·
761 546 902 592 αὐτοῦ
931 549 977 592 δὲ
998 547 1160 592 τούτου
1189 549 1333 592 εἵνεκα
1364 548 1490 591 δοκέ-

223 636 310 672 „ag
336 634 410 673 μοι
438 621 582 659 πᾶσαν
611 618 868 672 προθυμίην
896 615 1110 660 ἐκτείνειν.
1168 615 1227 672 μή
1257 632 1343 659 νυν
1373 614 1490 658 οὕτω

221 687 433 743 ,,γε’νηται.
491 682 673 741 διαβολὴ
703 683 788 739 γάρ
817 684 906 728 ἐστι
935 685 1211 729 δεινότατον·
1247 684 1295 729 ἐν
1322 688 1375 741 τῇ
1406 682 1488 727 δύο

217 914 369 953 παῦσαι
386 910 510 966 λέγων
526 886 669 964 λόγους
681 912 822 964 ματαί-

162 972 260 1019 ους]
301 965 471 1021 ,,λόγους
502 970 694 1021 ματαίους
732 970 823 1008 dicit

160 1040 238 1064 non
259 1026 376 1063 modo
390 1039 499 1064 vanos
515 1034 551 1064 et
569 1030 690 1064 temere
701 1030 822 1065 iacta-

162 1089 213 1121 tos
243 1097 423 1131 sermones,
453 1083 520 1120 sed
555 1091 592 1121 et
623 1087 821 1133 imurwsos,

159 1142 256 1178 sicut
286 1154 370 1192 cap.
409 1140 458 1181 15
481 1148 517 1178 et
536 1142 602 1188 III,
627 1144 705 1182 120
737 1143 822 1191 [ubi

158 1197 236 1235 vid.
248 1198 436 1246 nott.]V1‚
450 1199 542 1239 68.“
556 1197 588 1234 S
598 1211 615 1234 c
626 1198 646 1234 h
659 1211 689 1234 w
701 1212 717 1235 e
728 1201 776 1247 ig
786 1199 821 1236 h.

158 1254 222 1293 Ad
242 1255 476 1291 locutionem
498 1250 685 1305 φλαύρως
698 1251 824 1294 α’κού-

159 1326 218 1351 ειν
254 1308 370 1361 (male
400 1311 553 1360 audire)
586 1312 687 1348 conf.
709 1313 821 1349 allata

157 1367 206 1405 ad
243 1369 307 1415 Vl,
347 1366 415 1408 94.
489 1368 627 1418 Attigit
665 1381 821 1420 quoque

155 1423 374 1461 Blomfield.
395 1425 435 1460 in
449 1425 571 1462 Gloss.
582 1423 629 1462 ad
640 1425 821 1477 Aeschyl.

155 1483 260 1518 Pers.
275 1484 369 1522 222.
397 1482 569 1518 Deverbi
590 1480 820 1532 διαβάλλειν

154 1538 432 1590 significatione
447 1537 523 1575 vid.
535 1545 629 1575 nott.
641 1538 688 1575 ad
702 1539 817 1587 V,35.

211 1595 386 1646 ἐπαίρεις
397 1591 520 1634 αὐτόν
531 1594 694 1645 βασιλέα
706 1607 818 1647 στρα-

153 1648 374 1700 τεύεσθαι]
407 1650 569 1702 βασιλέα
598 1658 635 1688 et
664 1650 702 1690 h.
732 1653 759 1689 l.
782 1659 818 1689 et

154 1710 193 1755 ξ.
215 1711 240 1750 8
263 1707 420 1745 exhibui
441 1722 509 1759 pro
532 1709 718 1759 βασιλῆα.
757 1710 817 1745 De

152 1772 340 1803 structura
373 1766 480 1802 verbi
511 1764 690 1817 ἐπαίρειν
727 1779 817 1802 cum

152 1822 340 1859 infinitivo
350 1821 562 1859 Larcherus
582 1822 727 1858 confert
736 1824 817 1859 Eu-

152 1879 263 1930 ripid.
287 1879 423 1929 Suppl.
447 1878 540 1926 581,
570 1879 636 1914 ubi
656 1878 816 1915 infiniti-

152 1949 202 1973 vo
222 1936 469 1987 praeponitur
485 1931 594 1980 ὥστε,
617 1936 703 1972 coll.
717 1937 815 1986 Hip-

151 1994 230 2044 pol.
262 1995 383 2033 1327.
415 1991 552 2040 (1337
581 1992 694 2040 Br.).
750 1991 814 2029 Ad

152 2049 349 2096 excitandi,
363 2048 595 2085 commovendi
602 2050 812 2097 notionem,

153 2119 252 2158 quae
280 2107 321 2142 in
352 2106 469 2142 verbo
504 2104 682 2156 ἐπαίρειν
702 2107 814 2154 inest,

150 2163 255 2200 idem
284 2162 430 2199 confert
459 2161 653 2212 Aristoph.
684 2164 813 2200 Nubb.

152 2218 219 2268 42,
240 2220 307 2256 ubi
327 2218 460 2271 ἐπῇρε,
484 2219 632 2286 quod?
612 2220 732 2256 olossa
744 2233 814 2257 ve-

150 2284 211 2314 tus
267 2277 536 2326 interpretatul
583 2271 813 2325 ἀνέπεισεν,

151 2333 419 2399 παρεκίνησε,
441 2330 658 2371 κατέπεισε.

210 2383 336 2426 αὐτοῦ
357 2386 398 2427 δὲ
420 2385 563 2428 τούτου
594 2404 724 2428 εινεκα
744 2390 813 2428 δο-

154 2442 254 2490 κέεις
296 2458 362 2493 μοι
406 2447 539 2483 πᾶσαν
575 2447 813 2496 προθυμίην

153 2499 365 2547 ἐκτείνειν]
397 2500 422 2535 i.
434 2513 466 2537 e.
485 2513 626 2551 eamque
642 2504 754 2552 ipsam
771 2505 811 2540 ob

155 2568 300 2593 causam
366 2555 426 2601 (ut
467 2557 545 2596 scil,
591 2557 638 2593 ad
669 2560 810 2596 benum

152 2614 306 2650 Graecis
353 2610 597 2648 inserendum
635 2627 812 2652 commo-

151 2682 239 2706 veas
260 2671 409 2719 regem)
439 2680 532 2704 omne
563 2669 714 2706 studium
747 2684 812 2708 ex-

149 2738 304 2775 promere
351 2724 441 2761 mz’lzi
480 2724 621 2761 videris.
704 2727 811 2764 Bene

153 2783 300 2832 Lange,
313 2781 538 2818 vernaculus
554 2780 739 2818 Herodoti
749 2785 812 2820 in-

156 2844 323 2888 terpres:
375 2837 512 2885 „Denn
530 2837 710 2884 dadurch,
730 2840 813 2878 dass

880 858 928 896 du
948 858 1004 896 (lie
1023 858 1193 896 Hellenen
1210 857 1449 903 verleumdwt,
1471 860 1541 894 rei-

877 920 951 952 zest
977 916 1026 952 (Ζιι
1060 915 1125 952 den
1147 914 1270 963 Kiinig
1302 927 1383 951 zum
1411 914 1538 963 Krz'eg‚

876 972 948 1009 und
959 972 1083 1010 darum
1095 971 1243 1009 sokeinst
1254 972 1302 1009 du
1311 973 1378 1008 mir
1388 972 1469 1008 eben
1481 971 1544 1008 al-

879 1030 934 1066 len
946 1029 1158 1080 Ezferdran
1168 1042 1214 1064 zu
1225 1032 1355 1066 setzen.
1388 1029 1432 1064 In
1455 1027 1541 1064 cod.

876 1087 1044 1123 Florem.
1064 1086 1257 1123 invenitur
1277 1085 1444 1125 ἐκτίνειν
1473 1098 1542 1135 pro

879 1142 1078 1182 ἐκτείνειν.
1107 1141 1185 1180 Sed
1206 1143 1407 1192 vulgatum
1440 1148 1542 1178 recte

877 1207 1006 1237 tuetur
1018 1199 1170 1237 Schaef.
1181 1200 1324 1250 Appar.
1342 1197 1542 1236 Demosth-

879 1257 928 1294 T.
960 1257 994 1293 V
1026 1271 1063 1307 p.
1088 1256 1167 1297 625
1191 1255 1258 1304 (ad
1289 1253 1540 1292 Demosthen.

877 1327 916 1365 p.
944 1315 1064 1360 1398,
1086 1314 1137 1353 21
1161 1313 1227 1361 R.)
1258 1311 1542 1350 colLAddend.

877 1383 966 1421 pag.
996 1372 1100 1417 760,
1148 1370 1215 1406 ubi
1253 1370 1362 1421 plura
1396 1369 1541 1420 profert

878 1428 1070 1477 exempla.

933 1479 989 1534 μή
1009 1497 1084 1521 νυν
1097 1497 1201 1521 ουτω
1211 1479 1398 1534 γένηται]
1429 1480 1539 1518 Idem

874 1542 984 1588 Lang
963 1552 1030 1576 tre:
1077 1538 1205 1587 „Doch
1234 1539 1301 1575 das
1326 1551 1419 1576 muss
1440 1540 1538 1575 nicht

873 1597 1116 1646 geschelzen.“
1194 1597 1330 1631 Latine
1378 1594 1536 1633 reddas:

876 1652 933 1691 Ne
950 1655 1064 1702 igitur
1087 1654 1138 1689 sic
1154 1664 1312 1702 unquam
1326 1653 1414 1702 fiat.
1463 1653 1538 1689 Ubi

873 1710 1102 1761 particulam
1126 1706 1181 1759 μή
1203 1709 1344 1759 excipit
1372 1709 1538 1745 coniun-

874 1768 994 1804 ctivus
1023 1767 1108 1803 loco
1137 1766 1351 1816 imperativi
1380 1767 1538 1817 positus.

872 1826 971 1860 Nam
991 1829 1155 1874 praestat
1183 1824 1234 1859 ita
1266 1824 1396 1859 locum
1414 1824 1537 1860 iuter—

872 1882 1013 1930 pretari
1035 1892 1152 1931 quam
1173 1878 1221 1916 ad
1235 1892 1319 1915 eam
1333 1880 1534 1927 rationem,

872 1936 920 1973 de
943 1950 1018 1988 qua
1043 1934 1177 1974 Matth.
1208 1937 1275 1973 Gr.
1305 1937 1371 1972 Gr.
1394 1937 1432 1981 ξ.
1454 1935 1536 1976 517

869 2006 958 2044 pag.
989 1995 1082 2033 987.
1158 1993 1272 2029 Cuius
1305 1993 1537 2029 coniunctivi

872 2052 929 2087 vis
950 2051 1127 2100 proxime
1149 2048 1197 2086 ad
1227 2049 1400 2086 futurum
1422 2062 1534 2086 acce-

871 2106 961 2144 dere
987 2106 1162 2152 videtur,
1194 2113 1236 2143 ut
1257 2108 1298 2143 in
1328 2107 1535 2143 Homerico

870 2165 935 2200 ino
958 2163 1092 2214 Odyss.
1108 2164 1210 2209 XVI,
1226 2162 1330 2204 437:
1363 2158 1437 2203 οὐκ
1448 2159 1534 2201 ἔσθ’

872 2215 990 2266 οὗτος
1019 2216 1124 2271 α’νήρ
1154 2215 1240 2259 οὐδ’
1268 2219 1420 2259 ἔσσεται
1440 2214 1534 2258 ου’δὲ

871 2277 1054 2330 γένηταιε
1088 2276 1135 2313 de
1154 2290 1230 2328 quo
1253 2275 1348 2314 dixit
1368 2278 1416 2314 G.
1433 2278 1534 2313 Her-

869 2347 1003 2371 mann.
1026 2332 1073 2370 ad
1093 2335 1220 2384 Viger.
1251 2347 1291 2384 p.
1313 2335 1407 2374 906.

927 2388 1093 2442 διαβολὴ
1125 2386 1200 2442 γάρ
1231 2389 1310 2429 ἔστι
1350 2385 1531 2429 δεινότα-

867 2449 964 2495 τον]
1017 2449 1197 2484 Excitant
1227 2448 1451 2497 interpretes
1481 2445 1530 2483 ad

867 2503 906 2541 h.
928 2506 951 2543 l.
966 2505 1106 2541 similes
1121 2511 1295 2541 veterum
1313 2504 1532 2551 sententias,

865 2561 1024 2597 Pindari
1052 2560 1168 2612 Pyth.
1199 2562 1234 2596 Π
1261 2561 1328 2597 fin.
1358 2560 1532 2598 Isocratis

866 2619 924 2654 De
942 2625 1145 2668 permutat.
1169 2619 1270 2668 [cap.
1291 2620 1316 2658 9
1339 2619 1376 2663 ᾗ.
1402 2617 1469 2664 18]
1493 2630 1530 2666 p-

869 2676 950 2714 313
979 2676 1026 2710 E.
1059 2676 1145 2713 coll.
1185 2676 1300 2711 Dion.
1336 2673 1529 2723 Chrysost.

869 2730 933 2766 Or.
954 2732 1011 2767 XI
1030 2744 1117 2782 pag.
1143 2731 1222 2772 185
1257 2743 1301 2768 ac
1326 2730 1530 2781 praecipue

867 2787 1029 2823 Luciani
1049 2787 1096 2824 de
1113 2788 1290 2824 Caluum.
1305 2799 1383 2822 non
1395 2793 1530 2821 temer.

870 2842 973 2881 cred.
1004 2845 1042 2889 ξ.
1079 2846 1119 2884 6.
1149 2846 1189 2883 7.
1217 2855 1307 2894 pag·
1339 2844 1393 2881 37
1423 2853 1530 2891 seqq·

1880 1308 1897 1387 Γ
