1897 3340
49 1100 145 1145 1⁰1

99 1403 104 1408 ,
156 1365 303 1404 rodotei
329 1367 409 1414 VII,

526 180 998 217 POLYMNIA.
1059 179 1162 216 VII.

1397 187 1482 226 583

223 302 313 344 φον
341 290 384 333 οἱ
412 288 749 347 γραμματισταί·
779 286 861 336 ἕως
890 285 933 337 ἐξ
963 285 1153 341 ἐσχάτων
1183 285 1226 337 ἐς
1248 286 1404 343 ἔσχατα
1433 291 1483 333 οὶ-

194 359 375 402 3πίκετο
403 359 478 402 καὶ
506 362 582 414 τῆς
609 358 744 400 ἵππου
770 353 844 396 καὶ
873 357 956 396 τοῦ
982 357 1132 407 πεζοῦ.

1192 352 1251 405 ὠς
1270 355 1316 398 δὲ
1346 358 1483 400 ταῦτά

224 427 268 469 οἱ
298 426 538 483 ἐπεποίητο,
570 428 659 469 τῶν
686 424 799 465 νεῶν
827 421 1226 467 κατελκυσθεισέων
1256 423 1298 473 ἐς
1319 420 1483 467 θάλασ-

221 505 327 548 σαν,
375 494 569 538 ἐνθαῦτα
608 489 630 534 ὁ
671 490 834 545 Ξέρξης
863 490 1069 547 μετεκβας
1109 491 1155 534 ἐκ
1184 496 1264 534 τοῦ
1293 489 1484 546 ἅρματος

217 562 262 613 ἐς
291 561 614 615 νέαΣιδωνίην.
651 559 760 611 ’ἵζετο
777 557 863 602 ὑπό
885 563 1024 616 σκηνῇ
1043 560 1218 616 χρυσέῃ·
1253 559 1326 602 καὶ
1355 560 1483 613 παρέ-
1496 566 1539 601 63

217 634 318 673 πλεε
363 627 483 682 παρὰ
528 625 604 677 τὰς
652 624 832 680 πρώρας
879 629 968 669 τῶυ
1007 631 1134 680 νεῶν,
1163 628 1410 682 ἐπειρωτῶν
1439 643 1484 671 τε

217 695 398 747 ἑκάστας
427 694 589 752 ὁμοίως
619 694 692 738 καὶ
722 692 798 737 τὸν
826 693 969 747 πεζὸν,
999 695 1074 738 καὶ
1102 693 1483 752 ἀπογραφόμενος.

216 763 293 814 τὰς
321 763 366 807 δὲ
394 763 492 814 νέας
522 765 566 806 οἱ
593 762 808 817 ναύαρχοι
845 761 1135 818 ἀναγαγόντες
1165 764 1275 807 ὅσον
1313 780 1357 807 τε
1396 763 1485 808 τέσ-

214 842 321 887 σερα
361 830 531 886 πλέθρα
571 829 657 875 ἀπὸ
695 835 776 874 τοῦ
812 832 1040 886 αἰγιαλοῦ,
1083 829 1378 887 ἀνεκώχευον,
1409 832 1484 882 τὰς
1543 825 1624 866 550

213 897 396 953 πρώρας
435 899 477 951 ἐς
515 903 598 956 γῆν
637 899 872 954 τρέψαντες
901 898 1060 949 πάντες
1089 897 1367 955 μετωπηδὸν,
1410 899 1483 942 καὶ

208 967 507 1019 ἐξοπλίσαντες
536 966 638 1017 τοὺς
663 965 867 1018 ἐπιβάτας
898 965 956 1017 ὥς
985 966 1027 1017 ἐς
1056 966 1261 1022 πόλεμον.
1293 965 1316 1010 ὁ
1349 965 1385 1010 δ’
1419 968 1539 1010 ἐτ’-7ο

215 1036 289 1087 τός
305 1038 411 1079 οτι-ὅν
439 1034 650 1089 πρωρέων
677 1034 819 1077 πλέων
849 1034 1032 1090 ἐθηεῖτοξ
1051 1035 1125 1078 καὶ
1155 1038 1236 1096 τοῦ
1265 1037 1481 1090 αἰγιαλοῦ.

292 1101 368 1154 Ὡις
399 1103 444 1146 δὲ
475 1103 546 1145 καὶ
575 1101 735 1153 ταύτας
770 1103 1036 1154 διεξέπλωσε,
1067 1104 1140 1146 καὶ
1169 1102 1289 1159 ἐξέβη
1320 1103 1366 1146 ἐκ
1402 1107 1478 1159 τῆς

211 1170 327 1223 νεός,
368 1170 663 1227 μετεπέμψατο
694 1169 962 1227 Δημάρητον
1000 1170 1077 1214 τὸν
1104 1170 1375 1226 Ἀρίστωνος,
1406 1183 1478 1215 συ-

443 1368 510 1407 99·
546 1367 612 1407 96.
643 1365 696 1406 44
727 1368 814 1408 con,

154 1424 254 1471 Vm,
285 1426 360 1464 67:
393 1436 491 1475 quae
523 1424 646 1460 attulit
679 1426 815 1474 Heng-

152 1481 344 1530 stenberg.
364 1482 422 1516 De
451 1481 624 1531 Tyriorr.
649 1481 754 1517 rebb.
776 1495 814 1531 p.

153 1537 220 1579 65.
242 1539 308 1584 66,
339 1537 405 1573 ubi
433 1536 510 1573 vid.
530 1537 653 1587 plura.
693 1539 816 1573 Nam-

153 1606 230 1645 que
250 1592 339 1630 iude
360 1606 514 1645 quoque
534 1595 745 1644 perspicere
766 1595 815 1630 li—

151 1657 234 1699 cet,
255 1664 324 1687 cur
342 1649 381 1686 in
402 1650 541 1686 Xerxis
562 1652 722 1687 conciiio
744 1663 815 1686 an-

150 1713 189 1744 te
217 1719 390 1758 pugnam
418 1707 668 1744 Salaminiam
706 1709 815 1744 insti-

153 1770 235 1800 tuto
257 1764 426 1814 primum
438 1764 566 1800 locum
577 1771 738 1814 occupet
751 1765 815 1801 Si-

154 1819 358 1857 doniorum
382 1833 471 1868 rex3
500 1827 584 1856 tum
605 1822 642 1856 T
644 1822 814 1871 >riorum

152 1890 242 1925 rex,
276 1877 375 1925 VIII,
399 1879 467 1917 67.
519 1876 630 1918 Conf.
651 1879 816 1914 Heeren.

151 1933 284 1971 ldeen.
305 1935 334 1981 1,
357 1937 384 1974 2
403 1947 441 1983 p.
462 1935 530 1973 20.

208 1987 356 2041 ὁμοίως
384 1989 452 2029 καὶ
479 1987 550 2029 τόν
571 1985 712 2038 πεζὸν]
735 1989 816 2026 Vo-

152 2047 282 2084 culam
302 2045 354 2094 ὥς
375 2053 463 2084 ante
483 2045 549 2086 καὶ
569 2047 670 2082 male
684 2059 705 2082 a
727 2047 815 2097 qui-

149 2103 314 2141 busdam
343 2104 525 2141 insertam
558 2116 648 2140 cum
668 2101 815 2140 Sohae-

150 2160 233 2198 fero
264 2167 303 2197 et
323 2160 439 2198 Gaisf.
461 2161 582 2200 omisi.
640 2161 691 2197 Et
711 2160 813 2197 conf.

150 2229 305 2268 quoque
325 2215 461 2255 Matth.
473 2218 539 2254 Gr.
555 2218 622 2254 Gr.
642 2231 680 2268 p.
692 2215 814 2258 1258·

152 2272 266 2318 Quod
285 2274 455 2324 sequitur
479 2268 815 2325 απογραφόμενος

152 2330 274 2367 valet:
305 2329 453 2377 singula
471 2342 496 2366 a
515 2331 638 2367 scribis
647 2330 817 2368 adnotari

152 2389 186 2423 et
202 2387 240 2423 in
254 2385 396 2423 tabulas
416 2385 540 2434 referri
556 2387 678 2423 iubens
687 2401 701 2432 ‚·
720 2387 814 2423 scri-

152 2443 224 2479 bae
238 2440 482 2492 deinceps'sin
485 2442 575 2491 gula
583 2443 698 2479 literis
705 2455 814 2479 man-

153 2497 296 2536 dabant
315 2512 346 2536 s.
370 2493 618 2550 α’πέγραφον.
662 2499 737 2535 Ubi
747 2512 813 2535 ne-

152 2556 301 2592 minem
320 2555 451 2592 latebit
479 2553 680 2591 discrimen
708 2556 815 2592 verbi

157 2611 276 2649 medii
296 2611 362 2661 (de
383 2623 460 2663 quo
480 2611 581 2648 conf.
600 2609 736 2648 Matth.
747 2612 814 2649 Gr.

158 2668 226 2705 Gr.
245 2669 283 2714 ς.
303 2667 387 2709 492
407 2667 459 2717 c.)
488 2674 525 2704 et
545 2668 668 2704 activi.
713 2666 816 2706 Add.

158 2725 289 2762 Lexic.
307 2722 490 2775 Xenoph.
508 2725 527 2762 I
547 2736 634 2774 pag.
656 2725 816 2764 326.—

156 2780 207 2817 Et
225 2780 275 2819 of.
294 2782 383 2820 Her.
404 2782 503 2829 VIII,
529 2779 622 2822 135.
654 2780 712 2816 De
728 2793 817 2818 ver-

871 1368 920 1404 bo
950 1362 1217 1418 ἆνακωχεύειν
1247 1366 1350 1404 conf.
1370 1372 1465 1404 nott.
1488 1365 1537 1404 ad

872 1426 934 1472 VI,
961 1426 1054 1464 116.

929 1476 1189 1530 μετωπηδόν]
1223 1481 1306 1515 Hoc
1327 1479 1536 1516 iunavium

873 1537 1066 1574 ordinibus
1085 1535 1238 1588 quando
1256 1537 1406 1573 obversis
1423 1538 1460 1572 in
1472 1536 1537 1572 Ιιο-

872 1598 956 1631 stem
987 1596 1103 1643 proris
1133 1592 1346 1643 procedunt
1383 1599 1447 1628 aut
1476 1606 1535 1629 ae-

869 1654 982 1701 quata
1002 1657 1101 1687 stant
1118 1652 1193 1686 acie
1213 1649 1288 1687 dici
1298 1654 1405 1686 notat
1416 1650 1536 1686 Wes-

869 1708 1063 1757 seiingius‚
1084 1705 1245 1743 afferens
1268 1704 1398 1743 Schol.
1420 1704 1536 1742 Thu-

870 1763 998 1814 cydid.
1036 1765 1083 1810 Π,
1126 1765 1179 1803 90
1219 1770 1257 1799 et
1288 1764 1450 1811 Procop.
1487 1763 1533 1798 Β.

870 1819 993 1858 Vand.
1014 1821 1063 1867 II⁷
1088 1821 1138 1858 17
1154 1848 1164 1865 ,
1198 1820 1263 1855 ubi
1293 1818 1340 1855 de
1359 1819 1533 1869 plaustris

871 1875 971 1913 hosti
990 1877 1151 1926 aequatis
1167 1875 1350 1926 frontibus
1378 1875 1534 1911 obiectis

872 1932 1008 1970 eadem
1027 1945 1105 1969 vox
1125 1933 1299 1968 occurrit.
1332 1929 1532 1981 Schweig-

869 1988 1042 2028 haeuser.
1064 1989 1104 2025 in
1129 1990 1224 2027 Lex.
1246 1987 1390 2025 Herod.
1412 2000 1533 2038 expo—

871 2048 927 2083 nit
956 2043 1145 2093 continua,
1208 2048 1363 2096 aequata
1385 2044 1532 2095 fronte3

866 2101 1082 2140 Larcherus
1103 2102 1237 2139 vertit:
1270 2103 1368 2150 „Les
1395 2114 1533 2152 proues

869 2160 1087 2198 tourneesf‘
1155 2158 1271 2210 Apud
1329 2155 1534 2209 Thucydi-

871 2217 961 2255 dem
989 2218 1124 2266 Poppo
1153 2216 1334 2266 Prolegg.
1363 2216 1393 2263 Ι,
1429 2218 1456 2255 2
1492 2228 1532 2266 p.

869 2277 924 2316 62
942 2275 1211 2324 interpretatur
1229 2273 1388 2310 adversis
1393 2270 1533 2322 fronti-

868 2332 934 2369 bus
952 2344 980 2367 s.
1003 2330 1160 2368 adversis
1172 2332 1289 2380 proris
1301 2360 1311 2378 ‚
1334 2329 1531 2365 Goellerus

869 2387 919 2425 ad
928 2388 976 2435 Π,
990 2390 1066 2428 90:
1088 2389 1220 2424 iunctis
1231 2386 1435 2438 frontibus:
1455 2386 1533 2422 eine

869 2444 1106 2494 gescklossene
1120 2442 1249 2481 Fronte
1275 2441 1430 2480 bildend.
1482 2442 1532 2477 Et

868 2500 964 2538 haec
1002 2501 1260 2551 interpretatio
1295 2512 1386 2536 sane
1418 2510 1530 2548 prae-

868 2564 966 2594 stare
1005 2556 1167 2594 videtur.
1195 2579 1252 2585 —
1308 2554 1370 2592 Ad
1396 2566 1530 2590 vocem

866 2609 1057 2665 ,ἐπιβάτας
1077 2614 1178 2651 conf.
1199 2610 1355 2651 nott.ad
1370 2611 1530 2657 vll,96.

1118 2703 1211 2753 Cap.
1234 2702 1292 2738 CI.

930 2779 1202 2832 μετεπέμψατο
1259 2771 1529 2828 Δημάρητον]

1537 1098 1603 1132 Quo
1622 1098 1703 1125 facto
1723 1107 1787 1126 ser-

1535 1140 1656 1159 monem
1673 1141 1738 1159 cum
1753 1133 1812 1160 De-

1536 1171 1652 1193 marato
1674 1166 1714 1200 [ss,
1733 1166 1773 1193 70.

1537 1200 1657 1227 confert
1676 1201 1713 1228 de
1735 1200 1811 1228 Per-
