1897 3340
35 0 40 174 i
403 138 491 174 AD
550 137 1019 176 HERODOTUM
1070 136 1122 184 v,
1173 141 1239 180 66.
1470 148 1554 188 799

35 201 39 231 ξ

78 251 255 288 usitatum
286 263 365 287 esse
384 245 452 299 ’ὓς
485 248 588 286 unde
608 252 716 301 plura
744 249 945 302 perhibent
973 247 1131 283 nomina
1153 246 1278 296 ducta,
1309 265 1345 287 v.
1367 267 1400 289 c.
1424 254 1554 295 Γέλων

29 341 31 354 «
74 320 137 355 ille
158 319 431 370 Syracusarum
449 330 538 365 rex,
566 319 713 370 ipsique
741 317 781 354 hi
802 314 1007 360 Γελέοντες
1036 316 1075 350 in
1106 316 1256 352 civitate
1276 317 1412 365 Attica,
1443 322 1552 370 Teia,

34 338 38 436 i
74 388 283 438 Cyzicena:
313 385 506 436 splendidi,
536 386 692 423 illustres
719 383 885 435 indeque
900 382 1038 429 nobiles,
1061 386 1242 434 optimates
1260 383 1454 437 iidemque
1476 390 1553 426 lere

27 477 38 520 ,1
72 461 186 506 atque
215 453 257 493 οἱ
279 449 533 504 Εὕπατρὶδαι
552 467 581 490 ε.
603 452 645 491 οἵ
661 449 858 502 λαμπροὶ,
919 451 977 488 die
1002 451 1254 500 Gliiuzenden,
1295 452 1351 489 die
1403 452 1553 491 Vornela-

26 524 37 558 ιὶ
69 534 158 559 men.
214 523 258 558 In
290 523 426 574 quibus
461 534 564 557 nunc
593 532 681 557 cum
703 518 891 555 Creuzero
911 518 949 554 in
973 517 1148 570 Syinbol.
1168 520 1223 556 111
1242 533 1282 570 p.
1308 519 1360 560 53
1396 522 1552 572 acquie-

26 551 37 627 41
68 603 171 626 scere
190 590 325 640 placet,
357 602 454 641 quae
475 589 575 632 euim
596 587 667 623 alia
688 587 735 622 ab
761 586 840 623 aliis
860 584 1059 638 hucusque
1078 588 1223 637 prolata
1238 594 1344 635 sunt,
1367 599 1411 623 ea
1440 587 1552 625 valde

24 616 37 666 ,ι

24 671 30 730 1

24 733 29 783 ἒ

68 656 278 708 displicent.
335 658 414 693 Nec
444 654 654 707 quidquam
673 667 764 691 sane
789 652 969 704 impedit,
1000 667 1076 706 quo
1101 656 1249 704 minus,
1290 657 1356 707 qui
1383 656 1553 706 primum

67 726 271 776 antiquitus
290 725 330 760 in
350 723 499 760 civitate
519 723 649 759 locum
677 722 876 758 obtinuere
896 722 965 758 viri
986 723 1224 760 illustrissimi
1256 736 1299 760 ac
1315 725 1551 775 nobilissimi,

64 791 183 828 iidem
214 804 367 844 quoque
392 802 462 841 pro
482 789 737 827 sacerdotibus
759 789 1046 842 quodammodo
1076 788 1289 828 habeantur
1318 799 1553 845 gentemque

62 860 182 897 ferme
209 860 439 896 constituant
468 857 761 906 sacerdotalem3
792 859 934 910 quippe
963 871 1158 895 sacrorum
1178 860 1378 908 cumillis,
1408 868 1450 897 ut
1470 874 1554 899 mos

62 928 160 964 illius
187 927 369 977 temporis
407 927 572 974 serebat,
601 926 782 977 permissa
806 939 898 977 prae
925 927 1079 978 reliquis
1114 928 1271 967 civibus.
1330 929 1464 981 Itaque
1494 942 1557 966 sa-

64 993 235 1032 cerdotes
257 1008 304 1031 ex
325 994 397 1031 hoc
418 995 586 1031 tribuum
606 993 731 1031 indice
755 1008 822 1031 cur
850 995 1037 1045 relegatos
1057 995 1148 1032 velit
1168 996 1210 1034 C.
1233 997 1277 1033 F.
1298 998 1557 1046 Hermannus,

59 1062 97 1099 id
119 1062 296 1115 equidem
317 1064 446 1099 miror.
505 1061 588 1100 vid.
609 1061 813 1099 Lehrbuch
833 1061 872 1100 d.
893 1060 1047 1100 Griech.
1068 1063 1343 1102 Staatsalterth.
1369 1066 1405 1111 ξ.
1428 1063 1481 1105 94
1503 1079 1544 1117 p.

61 1135 154 1180 177,
186 1132 252 1168 ubi
278 1132 412 1168 utilem
443 1144 576 1167 eorum
597 1129 770 1168 exhibuit
789 1139 1062 1183 conspectum,
1099 1145 1197 1184 quae
1219 1131 1266 1169 de
1287 1131 1344 1169 his
1372 1134 1543 1170 tribubus

6 1212 9 1261 Ξ
55 1199 188 1236 Atticis
208 1212 251 1235 ac
271 1199 461 1248 sigillatim
491 1198 539 1235 de
560 1200 806 1237 Geleoutibus
827 1213 849 1236 a
868 1200 955 1238 viris
976 1198 1095 1237 doctis
1124 1201 1163 1236 in
1186 1199 1374 1238 diversam
1395 1209 1544 1252 partem

57 1265 244 1317 disputata
270 1273 368 1304 sunt.
429 1267 610 1304 Geleontes
639 1269 702 1304 ille
736 1267 890 1305 eosdem
923 1266 1067 1317 habet,
1113 1282 1208 1321 quos
1256 1269 1394 1306 Strabo
1434 1276 1545 1307 vocat

54 1330 270 1386 γεωργούς,
310 1334 512 1384 agricolas,
560 1336 714 1386 opinor,
754 1335 998 1382 Aclcersleut63
1044 1331 1245 1388 Ἐργάδεις
1276 1338 1544 1388 interpretatur

53 1402 338 1451 Handarbeiter,
370 1405 615 1440 mercenarium
643 1418 729 1454 opus
757 1404 954 1454 facz‘entesz,
1002 1405 1043 1441 in
1075 1418 1151 1457 quo
1181 1417 1259 1442 non
1292 1406 1540 1454 intercedam,

51 1469 168 1508 modo
181 1471 381 1508 Geleontes
401 1472 479 1509 sive
495 1469 692 1523 γεωργούς
710 1473 939 1510 intellexeris
961 1473 1060 1510 cives
1080 1474 1357 1525 locupletiores,
1377 1475 1542 1526 quisun-

2 1552 3 1570 ἢ
35 1538 120 1576 dos
139 1539 367 1590 possideant,
388 1540 429 1575 in
449 1541 585 1592 quibus
611 1540 677 1593 qui
696 1539 876 1578 mercede
906 1540 1086 1580 conducti
1105 1555 1202 1594 opus
1222 1543 1376 1592 faciant,
1408 1542 1540 1580 dican-

0 1627 1 1630 =
50 1614 112 1644 tur
129 1601 353 1659 Ἐργάδεις.

95 1795 130 1839 *)
160 1796 261 1830 Conf.
283 1795 448 1831 Eustath.
469 1797 514 1832 ad
534 1797 671 1832 Homer.
692 1808 726 1844 p.
747 1797 826 1842 159,
845 1798 891 1834 26
906 1809 933 1832 s.
958 1798 1037 1841 120,
1055 1798 1111 1833 31.

23 1904 27 1952 ἰ
