1897 3340
536 176 1009 215 POLYMNIA.
1068 177 1167 212 VII.

1395 185 1473 222 601

220 286 358 342 τρέων
397 288 477 331 εἰσὶ
516 289 560 331 οἱ
597 283 943 342 προφητεύοντες
971 284 1054 327 τοῦ
1084 285 1211 339 ἱροῦ,
1240 285 1533 341 πρόμαντιςεο

163 474 289 518 rentur,
320 467 648 523 quemadmodum
679 467 720 507 οἷ
739 470 817 506 τῶν

161 523 397 577 Ἀμμωνίων
408 528 609 578 προφῆται
622 524 723 575 apud
737 526 818 561 Ln-

161 584 256 621 cian.
279 584 390 620 Diali.
410 585 537 619 Mortt.
558 583 660 629 XIII,
687 584 705 621 1
731 582 817 619 coll.

160 639 339 692 Aeschyl.
358 637 562 676 Eumenid.
588 640 636 677 19
669 645 705 674 et
733 640 818 674 Eu-

160 695 381 747 ripid.10n.
414 694 508 736 413.
566 695 693 745 Atque
727 696 817 731 Del-

160 751 245 803 phis
264 746 473 802 προφήτης
505 750 612 800 (vid.
637 751 817 791 Heiodot.

160 810 257 855 VIII,
279 810 345 848 36
369 811 420 849 37
443 809 529 846 coli.
551 807 642 848 135
658 810 725 856 IX,
745 808 816 857 34)

159 865 364 902 vocabatur
384 865 504 915 templi
516 866 673 913 antistes,
704 872 747 902 ut
766 867 818 902 ait

157 923 287 959 Livius
308 923 451 969 XXIII,
469 924 532 969 11,
564 922 668 967 Quae
682 935 818 958 emen-

159 977 261 1015 datio
291 979 322 1015 si
350 979 438 1016 viris
468 977 586 1016 doctis
609 978 815 1029 displiceat,

157 1034 262 1072 idem
281 1034 576 1073 Valckenaeiius
591 1036 701 1072 50ιίῐοὶ
723 1049 818 1088 quo-

159 1105 235 1144 que
256 1105 364 1143 posse
386 1099 514 1130 censet
535 1092 576 1131 οἷ
601 1107 696 1145 προ
710 1104 812 1131 στα-

157 1163 237 1188 τευ
253 1163 396 1196 οντες
423 1151 495 1188 τοῦ
524 1148 637 1200 ἵροῦ,
670 1156 712 1187 ut
742 1149 818 1186 Sa-

157 1212 237 1242 trae
268 1205 424 1257 quidem
462 1207 659 1243 oraculum
686 1213 816 1242 tenere

157 1263 219 1299 vel
246 1262 449 1313 possidere,
481 1264 586 1299 Bessi
609 1276 699 1300 vero
731 1267 817 1300 tem-

151 1318 250 1371 plum
282 1321 375 1356 tueri
400 1319 584 1367 dicantur,
620 1320 731 1357 rebus
754 1333 816 1357 sa-

161 1376 232 1412 cris
279 1375 582 1413 administrandis
624 1377 817 1427 praefecti,

160 1439 203 1469 ut
213 1431 314 1483 apud
331 1431 579 1484 Xenophont.
591 1435 741 1471 Hellen.
752 1435 818 1482 III,

161 1491 188 1529 2
219 1490 253 1534 §
277 1492 330 1529 22
360 1490 447 1527 οοΙΙ.
477 1489 658 1542 Thucyd.
689 1492 736 1539 ΙΙ,
762 1493 816 1532 80

159 1546 244 1581 Elei
270 1545 449 1583 dicuntur
476 1559 716 1597 προεσταναι
744 1549 816 1585 τοῦ

159 1598 257 1648 Λιος
296 1605 368 1641 τοῦ
397 1599 636 1654 Ὀλυμπίου.
693 1605 816 1656 Equi-

159 1657 308 1695 demin
317 1660 469 1710 vulgata
480 1662 718 1712 acquiescere
730 1673 816 1697 ma-

158 1715 247 1762 lim,
305 1729 420 1781 quam
460 1718 511 1754 ita
550 1719 816 1768 interpretatur

158 1773 309 1821 Lange:
341 1786 390 1809 sze
409 1774 487 1810 siml
506 1773 561 1810 elie
584 1773 737 1811 Priester
757 1774 815 1811 des

159 1827 425 1877 Hezlzmgtkums
453 1830 504 1867 ita
526 1837 565 1866 ut
587 1830 628 1869 οἷ
654 1845 816 1881 προφη-

158 1879 339 1932 τεύοντες
367 1899 395 1922 s.
419 1886 460 1924 οἵ
477 1888 681 1936 προφῆται
701 1888 816 1924 intel—

158 1941 324 1991 ligantur
351 1943 455 1979 Bessi
484 1944 679 1980 sacerdotes
698 1944 818 1993 templi

157 1998 331 2048 iidemque
361 1999 578 2037 oraculorum
601 2002 814 2050 interpretes,

156 2055 224 2106 qui
253 2056 405 2092 oracula
433 2057 527 2094 vatis
555 2058 722 2094 mulieris
750 2070 815 2093 ore

159 2110 259 2147 edita
273 2114 486 2163 concipiant
499 2126 618 2165 eaque
628 2115 816 2164 interpre-

159 2175 286 2204 tentur
305 2170 590 2209 sciscitantibus.
623 2173 721 2207 Hinc
737 2183 816 2207 non

162 2225 260 2260 male
271 2224 479 2263 Larcherus
493 2239 502 2263 :
534 2226 606 2264 Les
623 2227 748 2264 Besses
759 2229 815 2264 in-

162 2282 347 2330 terpretent
367 2285 487 2331 parmi
522 2296 575 2320 ces
610 2284 749 2334 peuples
769 2284 817 2320 les

163 2336 293 2373 oracles
323 2336 371 2373 du
416 2337 508 2376 dieu.
566 2340 745 2377 Eundem
778 2341 818 2376 in

162 2392 323 2429 modum
344 2392 507 2431 reddidit
524 2397 631 2432 Miot.
687 2399 819 2448 Itaque

163 2450 228 2487 vix
248 2462 341 2500 opus
360 2463 447 2486 cum
459 2449 819 2501 Schweighaeusero

165 2506 278 2543 verba
289 2508 370 2544 τῶν
382 2505 566 2557 Σατρέων
579 2506 653 2545 εἰσὶ
667 2508 708 2547 οἵ
720 2524 820 2556 προ-

166 2559 407 2612 φητεύοντες
444 2566 516 2601 τοῦ
549 2563 640 2613 ἱροῦ
677 2565 821 2601 intelli-

166 2630 254 2667 gere
282 2618 323 2658 οἱ
353 2621 559 2670 προφῆται
583 2616 692 2666 ὄντες
722 2619 820 2669 (scil.

167 2676 237 2712 τοῦ
268 2677 372 2714 θεοῦ
401 2677 463 2712 vel
492 2677 571 2714 τῶν
606 2678 821 2726 χρησμῶν)

169 2728 212 2767 ἐν
231 2731 286 2782 τῷ
310 2734 393 2770 τῶν
426 2730 610 2784 Σατρέων
638 2732 731 2783 ἱερῷ
757 2740 822 2770 aut

171 2784 215 2823 οῖ
244 2788 318 2825 τῶν
345 2786 529 2840 Σατρέων
555 2790 760 2840 προφῆται
779 2788 821 2829 ἐν

873 463 1001 519 τούτῳ
1030 469 1087 506 τῶ
1121 466 1228 519 ἱερῶ.
1287 468 1373 519 Ipsa
1395 470 1533 506 mulier

871 509 1027 561 fatidica
1047 537 1142 561 mox
1170 530 1328 561 vocatur
1355 522 1533 577 πρόμαν-

872 596 931 627 τις
953 580 1019 630 (de
1039 594 1115 633 qua
1135 595 1229 618 voce
1250 581 1350 618 conf.
1371 588 1467 618 nott.
1487 581 1535 618 ad

873 639 937 685 VI,
968 639 1041 683 66)
1072 654 1097 689 η
1129 636 1296 688 χρέουσα
1325 639 1367 689 (ἰ.
1390 652 1424 680 e.
1447 652 1535 688 quae

872 697 952 746 ipsa
993 694 1064 731 edzt
1104 695 1300 743 oracula),
1331 696 1395 732 ubi
1430 694 1535 747 quod

872 753 998 802 plures
1032 749 1144 788 codd.
1173 750 1337 788 afferunt
1367 750 1396 802 ἦ
1424 751 1534 804 χρέ-

875 823 904 847 ω
918 819 940 846 σ
952 823 975 845 α
998 806 1178 859 quodque
1198 807 1353 858 vulgat&
1371 809 1533 845 lectione

871 863 968 901 nihil
989 863 1150 901 deterius
1171 863 1312 901 iudicat
1333 863 1534 916 Schweig—

873 920 1098 969 haeuserus,
1147 920 1341 958 deducens
1377 921 1471 959 illud
1512 935 1533 958 a

872 979 989 1017 verbo
1010 973 1131 1030 χράω,
1161 973 1358 1030 χράουσοι,
1389 981 1534 1029 χρῶσα,

872 1034 1022 1087 χρέωσα
1053 1033 1111 1086 (ut
1137 1032 1348 1086 ὅρέωντες,
1373 1033 1531 1088 ὁρέωσι)

871 1091 1047 1129 nondum
1068 1092 1131 1127 ille
1151 1089 1245 1128 mihi
1261 1093 1455 1143 persuasit.
1475 1093 1532 1129 Ac

872 1156 974 1186 recte
1022 1149 1246 1185 Buttmann.
1284 1149 1323 1185 in
1359 1150 1531 1188 Gramm.

872 1207 963 1242 mai.
993 1206 1029 1241 Π
1058 1218 1146 1256 pag.
1166 1207 1249 1246 256
1272 1219 1320 1242 ex
1338 1203 1379 1246 h.
1399 1206 1423 1243 l.
1446 1207 1534 1243 citat

872 1261 1054 1314 χρέουσα.
1074 1264 1157 1298 Hoc
1178 1275 1268 1299 vero
1289 1261 1428 1299 Bacchi
1446 1275 1534 1299 ora-

872 1320 1004 1357 culum
1023 1319 1062 1354 in
1084 1320 1120 1356 T
1122 1317 1251 1355 hracist
1270 1320 1433 1369 respexit
1454 1321 1535 1355 Eu-

874 1375 1089 1427 ripid.Hec.
1107 1378 1226 1423 1267,
1246 1383 1288 1412 ut
1299 1383 1404 1413 notat
1415 1378 1534 1413 Wes-

873 1434 1008 1483 seling.
1066 1434 1124 1469 Ac
1163 1431 1308 1469 Bacchi
1334 1446 1439 1470 sacra
1468 1446 1535 1483 per

874 1489 1084 1526 Thraciam
1105 1490 1364 1541 antiquissima
1386 1502 1434 1526 ex
1443 1490 1532 1526 Asia

871 1548 950 1584 sive
971 1545 1124 1583 aliunde
1145 1544 1221 1583 huc
1245 1545 1402 1584 advecta
1421 1548 1534 1583 novi—-

871 1617 980 1652 must,
1010 1602 1114 1639 unde
1133 1603 1195 1639 vel
1214 1605 1382 1654 ipsarum
1402 1602 1532 1639 Thra—

873 1661 953 1697 ciae
1021 1661 1195 1711 gentium
1263 1661 1533 1710 cognationem

872 1716 1069 1769 quandam
1092 1717 1337 1753 cnmAsianis
1358 1717 1533 1766 gentibus

871 1781 1010 1810 statuas
1055 1775 1155 1810 licet.
1220 1772 1406 1810 Bessorum
1442 1786 1533 1810 vero

870 1843 1014 1866 nomeu
1035 1828 1137 1866 haud
1157 1830 1234 1866 scio
1265 1843 1313 1865 an
1335 1830 1535 1866 conveniat

871 1900 962 1924 cum
997 1899 1041 1923 eo
1071 1884 1214 1922 Bacchi
1242 1887 1423 1933 nomine,
1456 1899 1532 1937 quo

873 1942 975 1994 apud
995 1941 1164 1979 Thraces
1193 1955 1235 1978 ac
1263 1942 1434 1994 Phryges
1463 1955 1534 1980 vo-

873 2001 1029 2037 cabatur
1049 1996 1278 2050 Βασσαρεῦς
1308 2007 1422 2051 atque
1443 2012 1532 2036 cum

872 2070 966 2094 voce
1003 2055 1226 2107 Βασσαρὶς,
1283 2069 1379 2108 quae
1410 2063 1446 2092 et
1475 2055 1535 2092 dei

871 2114 986 2164 ipsius
1013 2120 1049 2150 et
1079 2112 1281 2150 sacerdotis
1319 2114 1532 2150 solemnem

871 2169 1014 2206 indicat
1032 2177 1189 2207 vestem.
1247 2169 1334 2206 Vid.
1356 2171 1531 2206 Creuzer.

874 2227 1049 2278 Symbol.
1074 2228 1127 2262 III
1154 2240 1192 2277 p.
1214 2226 1308 2273 352,
1338 2227 1404 2279 qui
1429 2226 1534 2263 idem

876 2285 991 2320 etiam
1017 2284 1180 2320 conferri
1199 2283 1280 2319 vult
1301 2284 1343 2321 C.
1366 2284 1409 2322 Ο.
1431 2284 1534 2320 Mn!-

876 2341 943 2377 ler.
967 2339 1196 2378 Orchomeu.
1218 2352 1306 2391 pag.
1327 2342 1420 2381 382.
1461 2341 1533 2376 At-

878 2411 951 2449 que
971 2396 1077 2434 Bode
1099 2395 1242 2447 (Orph.
1264 2410 1300 2447 p.
1327 2398 1423 2445 182)
1444 2395 1533 2433 hinc

879 2466 900 2489 a
922 2452 1136 2491 Thracibus
1168 2452 1366 2490 Bacchum
1393 2460 1533 2499 vatem,

878 2511 992 2546 etiam
1012 2509 1419 2561 Delphicum,0mniuo
1432 2509 1534 2546 (leri-

876 2565 1047 2602 vandum
1086 2580 1164 2604 esse
1192 2568 1357 2603 coniicit.
1431 2564 1534 2601 Add.

874 2621 1046 2663 Lobeck,
1067 2623 1106 2659 in
1126 2622 1315 2673 Aglaoph.
1345 2634 1432 2672 pag.
1454 2622 1533 2661 289

878 2677 925 2715 de
944 2677 1087 2715 Bacchi
1107 2682 1211 2716 cultu
1241 2677 1342 2729 apud
1363 2679 1533 2714 Thraces

878 2733 1145 2786 disputantem,
1166 2736 1230 2772 ubi
1253 2742 1289 2770 et
1311 2732 1382 2769 hoc
1404 2734 1533 2769 obser-

879 2799 954 2839 vat,
975 2803 1044 2842 pro
1074 2791 1192 2829 Bessis
1220 2797 1255 2828 et
1279 2790 1430 2840 Odrysis
1453 2791 1533 2825 Ilo-
