1897 3340
420 224 507 264 31⁰

819 221 1284 260 IIERODOTI

421 331 496 377 καὶ
534 331 733 376 δυσειδέα
768 331 950 385 έοῦσαν,
995 330 1104 386 πρὸς
1149 330 1194 373 δὲ
1236 329 1309 374 καὶ
1348 328 1536 383 ὁρέουσα
1576 331 1680 384 τούς

423 399 578 456 γονέας
606 397 839 454 συμφορὴν
866 398 915 442 τὸ
948 398 1061 450 εἶδος
1091 397 1221 453 αὐτῆς
1241 397 1547 452 ποιευμένους,
1580 403 1681 442 ταῦ-

395 474 481 510 6τα
527 466 684 510 ἕκαστα
722 469 947 522 μαθοῦσα,
996 465 1271 521 ἐπιφράζεται
1308 465 1468 509 τοιάδε.

1528 465 1680 521 ἐφόρεε
1690 473 1736 508 30

425 532 565 590 αὐτὴν
601 532 686 577 ἀνὰ
724 537 870 577 πᾶσαν
906 532 1071 589 ἡμέρην
1109 534 1152 584 ἐς
1180 533 1228 577 τὸ
1257 537 1333 589 τῆς
1357 533 1529 589 Ἑλένης
1558 533 1675 588 ἱρόν·

422 602 472 646 τό
504 601 548 645 δ’
579 601 667 644 ἔστι
697 600 744 644 έν
772 605 825 658 τῇ
857 600 1062 658 Θεράπνῃ
1102 602 1363 657 καλευμένῃ,
1406 599 1569 654 ὕπερθε
1597 605 1680 645 τοῦ

429 671 642 724 Φοιβηίου
673 670 785 722 ἷροῦ.
824 668 935 719 ὅκως
956 669 1001 712 δὲ
1031 669 1203 712 ἐνείκειε
1231 668 1258 724 ἡ
1286 667 1465 723 τροφός,
1497 667 1605 720 πρός
1633 684 1680 712 τε

421 735 626 791 τῶγαλμα
666 737 784 786 ἵστα,
831 737 903 779 καὶ
943 736 1129 779 ἐλίσσετο
1170 734 1250 790 τήν
1288 735 1397 778 θεὸν
1438 733 1678 786 ἀπαλλάξαι

392 807 503 858 7τῆς
533 805 808 859 δυσμορφίης
840 803 890 847 τὸ
923 805 1112 847 παιδίον.
1161 803 1233 846 καὶ
1263 800 1315 858 δή
1353 818 1449 846 κοτε
1489 801 1734 859 ἅπιούσῃ35

421 871 469 914 ἐκ
497 875 576 913 τοῦ
607 872 708 924 ἱροῦ
737 875 789 926 τῇ
817 875 968 927 τροφῷ
997 875 1183 926 γυναῖκα
1203 869 1367 924 λέγεται
1389 870 1702 930 ἐπιφανῆναι-Ι

422 938 708 993 ἐπιφανεῖσαν
745 937 812 990 δὲ,
867 938 1113 994 ἐπείρεσθαί
1147 954 1225 994 μιν
1263 937 1287 980 ὅ
1318 953 1358 981 τι
1398 936 1521 993 φέρει
1549 937 1598 981 ἐν
1626 940 1682 995 τῇ

365 1090 435 1114 um
455 1077 596 1113 civium
605 1077 706 1113 bona
715 1082 875 1127 aequata
887 1083 1021 1124 esseut,

367 1140 554 1184 quaerunt
575 1131 614 1169 h.
642 1133 669 1169 l.
698 1134 763 1185 qui
783 1132 864 1169 fieri
883 1140 1022 1184 potue-

366 1191 436 1236 rit,
466 1195 509 1225 ut
539 1189 686 1226 divitum
713 1196 916 1238 pareutum
946 1189 1023 1225 filia

365 1252 624 1282 memoretur:
678 1246 749 1281 nisi
782 1247 860 1281 iam
888 1252 972 1281 tum
1001 1257 1024 1281 a

363 1303 532 1353 Lycurgi
549 1302 725 1338 institutis
737 1301 941 1352 Spartanos
955 1300 1024 1337 de·-

366 1359 516 1396 scivisse
536 1364 724 1408 putemus.
780 1357 893 1394 Addo
926 1358 1023 1394 alte-

334 1409 337 1412 ’
366 1427 455 1451 rum
476 1427 525 1451 ex
542 1415 623 1461 Vn,
640 1411 730 1461 134,
745 1415 811 1451 ubi
825 1414 1022 1464 viriSpar-

365 1471 446 1508 tani
484 1477 831 1508 commemorantur
856 1471 1024 1507 nobilio-

366 1540 425 1564 res
455 1523 597 1575 (φύσει
628 1522 832 1577 γεγονότες
865 1521 908 1566 εὖ
939 1528 965 1566 i.
989 1540 1023 1563 e.

367 1583 600 1633 generosiori
627 1583 739 1633 stirpe
768 1582 944 1631 oriundi)
974 1583 1024 1618 ii-

369 1638 534 1690 demque
554 1635 726 1690 χρήμασι
750 1634 968 1689 ἀνήκοντες
985 1637 1024 1684 ἒς

367 1692 417 1733 τοὶ
446 1697 582 1744 πρῶτα
612 1696 638 1731 i.
660 1692 700 1730 εἰ
714 1696 858 1744 opibus,
890 1695 1026 1732 divitiis

366 1752 558 1789 eminentes.
628 1749 740 1787 Unde
785 1752 871 1788 satIs
908 1757 1024 1801 patet,

368 1806 473 1859 quod
506 1808 618 1843 etiam
647 1805 799 1842 aliunde
828 1808 1025 1857 cognitum

368 1861 574 1910 habemus,
615 1864 774 1898 minime
795 1875 880 1899 eam
901 1864 1024 1899 bono-

367 1932 457 1959 rum
475 1920 740 1971 aequalitatem
751 1920 909 1969 Spartae
930 1919 1025 1956 fuis-

367 1988 420 2024 se,
440 1989 557 2027 quam
575 1976 690 2025 vulgo
710 1977 912 2014 somniant.

427 2028 640 2082 συμφορήν
657 2052 711 2060 -—
733 2031 1023 2083 ποιευμένους]

369 2087 483 2124 Conf.
513 2094 608 2124 nott.
639 2085 688 2124 ad
707 2088 751 2135 V,
773 2088 814 2130 5,
870 2089 914 2125 In
935 2100 1027 2138 pro-

367 2143 474 2180 xime
512 2156 617 2194 seqq.
655 2141 910 2193 ἐπιφράζεται
948 2150 1024 2180 est:

367 2200 656 2246 comminiscitur,
685 2202 880 2248 excogitat.
913 2198 1025 2236 Conf-

365 2255 431 2302 lv,
447 2257 541 2294 200.
562 2252 625 2301 VI,
649 2257 741 2294 133.

424 2309 464 2356 ἐς
475 2307 517 2348 τό
530 2308 763 2360 τῆςἙλὲνης
776 2304 884 2360 ΐρόν]
914 2307 1025 2346 The-

367 2378 503 2416 rapnes
523 2367 562 2402 in
582 2365 721 2416 oppido
743 2367 889 2402 Helena
909 2372 1023 2417 atque

367 2422 563 2459 Menelaus
607 2423 744 2471 sepulti
792 2422 1021 2469 serebantur,

367 2476 533 2528 indeque
563 2477 698 2515 divinis
727 2476 931 2515 honoribus
963 2479 1022 2515 af—

367 2533 457 2571 secti
484 2536 620 2586 pieque
648 2535 759 2581 culti,
798 2541 889 2571 teste
919 2536 1023 2571 Pau-

367 2601 448 2628 sau.
468 2592 532 2637 111,
557 2593 606 2630 19
629 2591 666 2635 ξ.
693 2593 731 2630 9.
789 2592 962 2642 Namque
983 2592 1022 2627 in

367 2646 495 2696 priscis
503 2648 691 2683 Laconiae
702 2648 920 2683 numinibus
938 2660 1023 2684 ma-

368 2702 474 2740 xime
494 2704 679 2739 celebrata
699 2704 864 2750 Helena,
894 2716 1022 2755 quam,

369 2756 419 2797 ad
446 2757 594 2795 lunares
626 2758 712 2796 deas
742 2760 918 2805 relatam,
961 2761 1022 2796 l'e-

367 2826 480 2855 nerem
499 2836 520 2843 -
539 2814 682 2853 Lunam
719 2815 1023 2867 interpretantur,

1074 1075 1335 1125 interpositam
1353 1072 1456 1112 hisce
1470 1088 1604 1126 regum
1617 1076 1738 1127 Spar-

1076 1139 1255 1168 tanorum
1276 1133 1401 1169 rebus.
1458 1134 1575 1169 Plura
1601 1133 1670 1170 Cr.
1695 1134 1736 1169 iu

1078 1188 1252 1238 Symbol.
1285 1189 1337 1224 111
1368 1201 1406 1238 p.
1429 1190 1496 1228 38.
1525 1190 1575 1225 IV
1594 1203 1633 1239 p.
1657 1188 1736 1229 150

1077 1256 1183 1295 seqq.
1205 1242 1307 1290 458,
1339 1246 1403 1294 qui
1433 1244 1536 1280 idem
1556 1247 1595 1281 in
1617 1246 1738 1282 Com·-

1077 1306 1214 1337 mentt.
1238 1299 1406 1338 Hei-odd.
1440 1313 1528 1350 pag.
1561 1301 1665 1348 250,
1687 1300 1736 1337 de

1079 1355 1136 1393 his
1158 1357 1211 1392 ita
1241 1354 1407 1393 disserit:
1448 1356 1636 1403 „Quando
1657 1358 1738 1408 ipsa

1078 1413 1171 1449 luna
1216 1425 1320 1449 nuuc
1349 1413 1479 1449 nubila
1515 1420 1587 1461 est,
1626 1414 1738 1451 tristis

1079 1481 1123 1506 ac
1143 1466 1277 1516 foeda,
1306 1481 1408 1506 nunc
1429 1482 1580 1518 serena,
1610 1468 1739 1507 hilaris

1079 1537 1122 1562 ac
1144 1525 1330 1573 sormosa3
1352 1526 1406 1561 nil
1427 1527 1569 1562 mirum
1581 1527 1658 1564 eius
1669 1527 1739 1563 be-

1080 1581 1216 1617 neficio
1238 1594 1281 1618 ac
1297 1588 1480 1629 potestate
1499 1583 1635 1619 variari
1658 1595 1737 1620 esse

1080 1636 1259 1673 traditam
1286 1637 1449 1674 formam
1470 1639 1618 1688 puellae
1660 1640 1739 1675 La-

1081 1694 1258 1740 conicae,
1308 1694 1413 1730 cuius
1452 1696 1582 1731 nutrix
1619 1695 1739 1731 Hele-

1080 1750 1325 1785 nae-Lunae
1354 1750 1514 1800 supplex
1535 1743 1739 1801 efflagra-

1080 1806 1174 1841 tiam
1193 1809 1455 1855 poposcerat.“·
1511 1807 1640 1858 Atque
1662 1806 1738 1843 hu-
1782 1820 1785 1823 ·

1078 1862 1135 1898 ius
1164 1860 1257 1898 deae
1278 1862 1423 1898 cultum
1455 1875 1534 1899 non
1554 1863 1660 1900 aliter
1679 1869 1740 1900 at-

1081 1930 1156 1968 que
1188 1919 1460 1955 Dioscurorum
1505 1931 1610 1956 sacra
1649 1926 1738 1956 ante

1079 1975 1228 2010 Dorum
1253 1975 1488 2011 invasionem
1516 1989 1584 2026 per
1611 1977 1738 2014 Laco-

1081 2031 1186 2067 niam
1205 2030 1373 2066 floruisse
1402 2038 1437 2067 et
1457 2039 1586 2082 postea
1606 2031 1653 2069 ad
1675 2045 1740 2068 re·-

1082 2093 1208 2123 centes
1229 2085 1391 2123 advenas
1412 2089 1610 2136 transiisse,
1631 2101 1738 2126 nunc

1082 2141 1239 2193 quidem
1285 2144 1371 2179 satis
1419 2151 1577 2183 constat.
1652 2145 1737 2190 Quo

1081 2205 1253 2248 tempore
1265 2200 1530 2249 anteSpartam
1543 2200 1738 2238 conditam

1079 2255 1118 2290 in
1130 2255 1295 2291 Laconia
1308 2256 1486 2305 Amyclas
1496 2263 1608 2307 atque
1625 2255 1736 2293 The-

1078 2323 1238 2360 rapnem
1258 2312 1425 2347 maxime
1445 2313 1645 2349 eminuisse
1657 2320 1737 2349 tra-

1079 2365 1175 2403 dunt
1220 2379 1298 2403 non
1337 2368 1450 2416 longe
1485 2376 1647 2405 remotas
1686 2370 1735 2406 ab

1076 2423 1156 2473 ipsa
1178 2423 1333 2473 Sparta,
1362 2425 1556 2474 primarias
1577 2432 1614 2462 et
1634 2427 1735 2462 anti-

1079 2481 1274 2531 quissimas
1322 2479 1566 2517 Achaeorum
1613 2480 1732 2529 sedes,

1078 2537 1206 2572 multis
1228 2548 1379 2587 quoque
1401 2538 1486 2574 artis
1502 2550 1735 2574 monumen·-

1078 2593 1124 2629 tis
1140 2593 1317 2642 insignes.
1366 2593 1482 2629 Plura
1502 2594 1544 2630 C.
1567 2594 1611 2630 Ο.
1631 2594 1734 2630 miil-

1078 2649 1146 2685 ler.
1167 2650 1259 2685 Dor.
1287 2650 1304 2684 1
1326 2662 1363 2699 p.
1387 2651 1439 2690 92
1458 2662 1537 2700 seq.
1566 2647 1734 2689 tel-<Doi-

1078 2705 1187 2756 βεῖον
1214 2717 1292 2741 non
1321 2705 1452 2755 procul
1484 2718 1504 2741 a
1526 2706 1732 2756 Therapne

1079 2762 1239 2797 collocat
1269 2762 1433 2797 Pausau.
1468 2763 1532 2809 111,
1561 2765 1614 2802 20
1635 2764 1672 2807 §.
1696 2763 1732 2809 1,

1077 2818 1206 2870 ibique
1216 2818 1331 2855 etiam
1341 2818 1614 2856 Dioscurorum
1623 2830 1732 2856 com-
