1897 3340
0 2298 25 2664 'ert-‘ffaefflw
0 2282 3 2291 ·
0 2202 18 2240 a

311 431 378 474 34

110 493 165 521 His
186 503 242 530 per
265 496 380 533 tempe-

109 531 218 556 statem
237 528 344 564 ruptis.

437 251 520 290 492

440 370 548 402 σαν·

599 356 646 408 ὃς
672 360 746 401 καὶ
786 359 828 409 ἐς
856 361 937 401 τοῦ
968 358 1245 410 Πρωτεσίλεω
1275 357 1324 400 τὸ
1365 357 1463 411 ῑρόν
1492 356 1534 408 ἐς
1561 356 1693 400 Ἐλαι·

437 430 572 470 οῦντα
592 425 869 481 ἀγινεόμενος
896 431 1125 478 γυναῖκας,
1168 425 1353 479 ἀθέμιτα
1384 426 1567 476 ἔρδεσκε.

838 249 1294 287 HERODOTI

1626 425 1694 476 Es·

437 492 600 548 ταύτην
640 495 703 535 ὠν
740 492 820 548 τήν
848 491 983 548 ἀκτὴν
1013 493 1055 544 ἐξ
1078 492 1268 547 Ἀβύδου
1298 490 1578 546 ὁρμεώμενοι,
1609 492 1693 547 ἐγε-

439 560 618 618 φύρουν
656 565 771 603 τοῖσι
797 559 1062 614 προσεκέετο,
1092 560 1172 616 τὴν
1200 576 1278 616 μεν
1309 561 1563 603 λευκολίνου
1593 561 1749 603 Φοί-85

382 755 522 794 Athen.
552 756 620 791 vll
651 767 688 804 p.
718 755 799 795 290
820 755 866 795 Ε.
925 753 1036 800 Quod

383 827 472 848 vero
495 810 597 862 apud
626 809 792 861 Hesych.
815 813 849 846 Π
867 825 905 861 p.
930 811 1035 851 1150

382 870 541 918 legitur:
601 867 714 912 σανὶς
732 888 788 893 —
811 867 964 906 τίθεται
994 864 1036 905 δὲ

381 924 449 964 καὶ
469 923 533 963 ἐπὶ
552 925 624 962 τοῦ
645 925 837 974 σταυροῦ,
872 922 960 959 hinc
989 922 1036 959 de

382 994 481 1018 cruce
511 981 630 1030 accipi
657 992 765 1030 posse
794 977 868 1031 τήν
895 979 1036 1019 σανίδα

379 1044 465 1074 sunt
485 1038 551 1088 qui
566 1043 712 1087 putent.

414 1090 480 1161 ἱὃς
513 1092 585 1162 poci,
609 1091 648 1159 ἧς
683 1093 756 1130 τοῦ
779 1090 1034 1158 Πρωτεσίλεῳ

379 1220 495 1255 μενος
512 1206 730 1258 γυναῖκας]
761 1204 884 1240 Verba
905 1201 949 1249 ὃς
968 1202 1035 1242 καὶ

379 1263 506 1299 abesse
546 1262 627 1299 vult
670 1259 1034 1310 Schweighaeuser„

333 1326 336 1330 ’
380 1331 547 1370 quocum
557 1319 671 1355 etiam
685 1318 884 1354 articulum
897 1313 940 1356 τό
954 1323 1038 1367 post

380 1372 467 1425 ἵρόν
487 1376 663 1412 iteratum
683 1373 826 1422 delevi,
859 1381 900 1410 ut
921 1386 1037 1425 quem

379 1433 463 1467 libri
482 1433 609 1482 scripti
639 1433 829 1481 ignorant.
887 1431 1037 1467 Tuetur

379 1489 581 1524 articulum
602 1484 643 1527 τὸ
664 1489 868 1537 repetitum
889 1486 1036 1524 Sohae-

378 1545 446 1582 ser.
467 1545 608 1595 Appar.
629 1542 877 1581 Demosthen.
910 1544 962 1580 T.
985 1544 1036 1581 IV

377 1614 466 1650 pag.
500 1604 590 1641 119.
648 1602 706 1637 De
741 1600 921 1637 Elaeunte
941 1601 1034 1636 urbe

378 1657 528 1703 vid.VI‚
544 1656 633 1696 140.
646 1657 726 1703 VII,
748 1659 800 1697 2⁶2
818 1657 910 1707 ibiq.
932 1662 1029 1692 nott.

376 1714 433 1748 De
455 1712 642 1749 Protesilai
669 1713 782 1749 sacris
802 1713 880 1762 ipse
900 1714 1034 1748 Noster

376 1768 489 1806 tradit
518 1768 706 1820 quaedam
733 1770 801 1815 IX,
824 1771 915 1808 116.
958 1769 1033 1804 Ce-

376 1826 594 1862 tobei-rimus
606 1827 708 1861 enim
717 1826 778 1861 ille
790 1823 900 1861 heros
911 1823 1033 1861 idem-

376 1895 450 1932 que
488 1882 709 1919 fortissimus
760 1880 1033 1918 Thessalorum

374 1940 569 1989 princeps,
613 1939 679 1989 qui
707 1950 796 1974 cum
839 1939 1032 1989 quinqua-

372 1997 478 2044 ginta
508 1995 667 2031 navibus
689 1993 737 2031 ad
759 1995 919 2030 Troiam
939 2007 1032 2044 pro-

374 2053 491 2087 sectus
526 2058 626 2099 erat,
675 2051 849 2087 omnium
887 2050 1033 2100 primus

375 2108 421 2143 ab
445 2110 605 2143 Hectore
627 2108 782 2154 occisus,
810 2108 849 2143 in
869 2105 1033 2143 Cherso-

374 2176 464 2200 neso
506 2162 652 2200 divinos
681 2165 827 2213 accepit
868 2161 1033 2200 honores

375 2220 642 2270 hinnulumque
663 2219 924 2269 sepulcralem.
973 2220 1031 2254 De

371 2288 448 2326 qno
469 2282 616 2324 praeter
635 2277 791 2314 Homer.
813 2275 856 2310 Il.
875 2276 922 2319 Π,
947 2275 1028 2315 695

370 2344 474 2381 seqq.
499 2332 600 2376 Xlll,
632 2333 726 2371 681.
748 2331 831 2376 XV,
852 2329 932 2369 705
949 2342 1028 2380 seq.

372 2388 473 2431 xxi,
496 2389 576 2426 ‘206
599 2387 683 2422 coll.
706 2385 817 2422 Pind.
839 2384 971 2422 lsthm.
998 2387 1027 2432 Ι,

372 2446 424 2483 83
447 2443 616 2492 inprimis
654 2443 870 2479 consulatur
895 2440 1027 2478 Philo-

371 2504 472 2536 strat.
503 2499 674 2536 Heroicc.
703 2511 788 2548 pag.
811 2501 863 2538 38
888 2511 965 2549 seq.
996 2511 1026 2535 s.

372 2558 454 2595 672
479 2568 556 2606 seq.
560 2584 570 2601 ,
597 2555 660 2590 ubi
680 2553 899 2591 Boissonad.
921 2557 1027 2619 (pag.

374 2612 473 2658 368)
524 2612 776 2647 recentionum
808 2624 919 2660 pereg
926 2612 1026 2646 rina-

374 2674 431 2702 tm
435 2680 498 2702 nm
510 2668 630 2703 attulit
650 2668 836 2703 testimoni
841 2680 860 2702 ¹1
873 2666 919 2703 de
931 2669 980 2703 Pr
983 2681 1027 2704 o-

375 2724 464 2758 tesi!
468 2725 487 2758 ιῐ
523 2730 796 2770 monumento,
836 2724 940 2760 cuius
961 2737 1027 2759 ru—

372 2779 459 2815 ‹lvra
494 2778 680 2830 quaedam
714 2781 817 2816 iuxta
851 2793 939 2815 eum
968 2781 1027 2816 lo-

372 2849 482 2884 cuni,
515 2837 642 2888 inquo
664 2837 800 2874 Elaeus
815 2843 917 2874 vetus
937 2849 1027 2886 pro-

1092 755 1263 792 babiliter
1281 761 1470 792 exstincta
1497 756 1586 803 fuit,
1623 752 1747 792 adhuc

1092 812 1386 877 conspiciuntur.

1148 862 1319 917 α’θέμιτα
1341 867 1519 918 ἔρδεσκε]
1559 868 1603 902 Iu
1624 840 1748 903 Medi—

1092 936 1182 972 ceo,
1230 925 1469 970 Florentino
1504 924 1584 960 aliis
1605 918 1748 972 οἷθέμι-

1094 992 1174 1025 στα,
1202 981 1242 1015 in
1264 980 1453 1017 Saucrofti
1475 980 1569 1015 libro
1591 980 1748 1031 aliisque

1092 1032 1264 1085 οἶθέμιτα
1295 1035 1396 1087 ἔργα,
1418 1037 1483 1071 ubi
1506 1035 1596 1086 ἔργα
1617 1049 1665 1072 ex
1685 1037 1748 1072 iu-

1091 1099 1386 1142 terpretamento
1408 1091 1592 1128 adscitum
1612 1093 1748 1129 merito

1091 1148 1337 1199 repudiarunt
1368 1147 1526 1185 editores
1559 1149 1749 1184 recentio-

1091 1218 1160 1253 res,
1202 1206 1337 1256 quibus
1368 1204 1502 1241 iisdem
1534 1205 1675 1255 Ilacuit
1705 1200 1748 1243 οἷ-

1068 1298 1072 1300 ,
1090 1260 1256 1312 θέμιτα,
1286 1268 1491 1312 praeeunte
1511 1260 1748 1298 Valckenae-

1091 1319 1146 1355 rio
1169 1325 1205 1355 et
1225 1325 1468 1368 comparante
1491 1313 1654 1369 ἀχάριτα
1665 1319 1746 1366 VII,

1096 1374 1186 1415 156.
1242 1376 1375 1427 Itaque
1395 1373 1499 1411 haud
1521 1376 1597 1411 scio
1619 1386 1666 1410 an
1688 1382 1747 1412 et-

1090 1431 1169 1466 iam
1200 1432 1298 1479 vm,
1342 1429 1417 1471 143
1450 1432 1582 1482 reponi
1612 1429 1747 1468 debeat

1091 1483 1262 1537 ἀθέμιτα
1305 1500 1373 1537 pro
1405 1483 1611 1537 α’θέμιστα,
1643 1486 1746 1539 quod

1091 1556 1223 1582 omnes
1253 1543 1364 1582 codd.
1394 1543 1539 1592 ferunt,
1568 1556 1644 1580 uuo
1676 1557 1747 1580 ex-

1090 1607 1200 1650 cepto
1213 1630 1222 1648 ,
1245 1602 1310 1652 qui
1330 1599 1443 1636 habet
1463 1597 1656 1649 ἀθέμιτας
1675 1601 1746 1637 nisi

1089 1663 1289 1708 utramque
1311 1657 1475 1693 formam
1494 1658 1532 1692 in
1542 1670 1613 1693 usu
1633 1657 1746 1693 fuisse

1088 1724 1219 1763 ponas.
1279 1713 1403 1763 Supra
1442 1713 1487 1759 V,
1517 1715 1570 1752 72
1613 1725 1745 1750 omues

1089 1768 1200 1805 codd.
1222 1765 1403 1819 θεμιτόν.
1459 1770 1589 1818 Ipsum
1604 1770 1745 1820 Artay-

1090 1827 1156 1862 ctis
1192 1825 1339 1862 facinus
1372 1823 1583 1861 nefandum
1617 1825 1745 1862 decla-

1087 1889 1191 1919 ratur
1204 1883 1272 1929 IX,
1297 1883 1372 1921 116
1393 1881 1473 1928 flu„
1491 1894 1583 1917 nam
1602 1882 1640 1918 in
1663 1883 1745 1932 ipso

1086 1939 1219 1989 templi
1244 1939 1456 1976 sanctuario
1487 1937 1558 1988 (ἐν
1577 1941 1629 1992 τῷ
1647 1933 1745 1978 ‹2615-

1086 1998 1159 2050 τῳ)
1189 1993 1346 2048 γυναιξὶ
1361 1993 1551 2057 ἐμίσγετοξ

1274 2085 1366 2134 cap.
1390 2083 1569 2122 XXXIV.

1143 2160 1216 2212 τήν
1237 2160 1309 2212 μὲν
1332 2162 1573 2209 λευκολίνου,
1606 2163 1745 2201 Φοίνι-

1086 2232 1151 2264 κες
1167 2247 1177 2266 ,
1208 2216 1280 2268 τήν
1302 2213 1336 2257 δ’
1357 2216 1490 2267 ἑτέρην
1513 2215 1584 2268 τήν
1606 2219 1745 2268 βυβλί-

1086 2289 1161 2323 νην
1177 2303 1188 2317 ,
1220 2271 1458 2327 Αἰγύπτιοι]
1491 2275 1627 2324 Attigit
1648 2274 1743 2312 haec

1083 2329 1300 2367 Eustathius
1329 2329 1376 2366 ad
1405 2332 1562 2380 Dionys.
1593 2332 1743 2381 Perieg.

1083 2399 1136 2423 VS.
1168 2389 1262 2427 912.
1319 2387 1417 2423 Hinc
1444 2388 1557 2422 etiam
1587 2384 1743 2427 λινόδε-

1084 2454 1180 2492 σμος
1200 2442 1332 2492 σχεδία
1352 2441 1530 2494 Aeschyl.
1552 2445 1654 2480 Pers.
1672 2447 1739 2485 68.

1083 2497 1145 2534 Ad
1182 2496 1257 2547 τήν
1295 2496 1367 2549 μὲν
1407 2506 1444 2536 et
1472 2497 1547 2549 τήν
1579 2497 1621 2538 δὲ
1651 2513 1740 2536 cum

1082 2553 1444 2605 Schweighaeusero
1466 2569 1514 2592 ex
1535 2557 1614 2606 ipso
1631 2563 1740 2592 ante-

1083 2611 1232 2648 cedenti
1272 2607 1493 2662 ἐγεφύρουν
1536 2610 1740 2648 commode

1084 2669 1200 2718 repeti
1223 2681 1330 2718 posse
1362 2666 1434 2717 τήν
1454 2663 1636 2717 γεφύρην
1656 2669 1740 2703 exi-

1083 2726 1208 2772 stimo,
1220 2724 1416 2760 dubitante
1425 2725 1596 2775 quamvis
1620 2725 1738 2760 Kruse

1085 2781 1109 2816 l.
1160 2782 1184 2816 1.
1254 2793 1338 2830 pag.
1385 2779 1459 2826 84,
1519 2782 1739 2829 praesertim

1084 2849 1174 2874 cum
1221 2837 1356 2874 Tzetz.
1405 2835 1453 2873 ud
1495 2835 1738 2887 Lycophron.

1849 240 1852 249 ›

1849 258 1852 276 i

1750 364 1834 407 526
1851 368 1855 399 r

1851 506 1856 622 1

1856 809 1857 819 i

1856 937 1859 948 ι
