1897 3340
0 2820 23 3086 ’.ἔκιε-Ξ

0 3156 26 3293 ‘Ui

245 548 311 594 49

368 236 452 286 520
769 230 1226 271 ΗΕΒοοοΤι

343 343 629 397 2,,λείψεσθαι
657 344 736 385 τοῦ
758 341 962 384 ἐκείνων·
951 372 962 391 ,
991 339 1017 396 ἢ
1046 339 1119 383 καὶ
1140 336 1449 393 συναμφότερα
1468 339 1624 390 ταῦτα,

371 412 435 464 ,,εἰ
453 408 536 466 γάρ
566 426 635 452 τοι
663 408 797 465 ταύτῃ
829 409 1074 462 ἐνδεέστερα
1106 408 1308 462 φαί-νεται
1339 404 1451 448 εἶναι
1487 404 1540 448 τὰ
1577 403 1626 461 ἡ-

371 478 553 534 ,,μέτερα
581 476 822 532 πρήγματα,
853 479 1043 530 στρατοῦ
1071 474 1125 518 ἂν
1154 474 1288 518 ἄλλου
1319 490 1382 524 τις
1409 472 1489 528 τὴν
1516 473 1627 527 ταχί-

369 558 518 602 ,,στην.
532 544 709 599 ἄγερσιν
737 548 948 587 ποιοῖτο.“

1001 543 1056 586 ‘0
1086 541 1120 586 δ’
1143 542 1335 599 ἀμείβετο
1367 542 1516 596 λέγων·
1549 535 1653 592 „³521

371 615 595 670 ,,βασιλεῦ,
636 611 737 654 οὔτε
776 610 964 666 στρατὸν
1001 615 1161 654 τοῦτον
1202 609 1318 660 ὅστις
1362 625 1411 665 γε
1456 608 1630 652 σύνεσιν

372 683 480 736 ,,ἒ’χει
517 675 713 734 μέμφοιτ’
756 675 832 731 ἂν,
881 677 981 722 οὔτε
1010 682 1097 721 τῶν
1125 681 1238 721 νεῶν
1268 677 1316 721 τὸ
1345 681 1534 732 πλῆθος·
1575 676 1631 732 ἢν

374 748 420 792 δὲ
448 749 635 796 πλεῦνας
657 745 882 802 συλλέξῃς,
929 745 981 789 τοὶ
1014 748 1096 789 δύο
1130 762 1221 796 τοι,
1265 745 1318 788 τὰ
1345 745 1467 799 λέγω,
1526 749 1658 787 not-5

372 818 461 871 ,,λῷ
501 813 561 858 ἔτι
600 810 896 868 πολεμιώτερα
934 814 1108 868 γίνεται.

348 882 497 935 2,,ἕστι
526 884 579 936 γῆ
609 895 653 923 τε
674 879 748 923 καὶ
777 877 992 923 θάλασσα.

1166 811 1218 855 τὰ
1260 814 1306 855 δὲ
1357 811 1439 856 δύο
1480 816 1629 863 ταῦτα,

1053 877 1153 923 οὔτε
1181 879 1265 935 γαρ
1299 883 1375 936 τῆς
1411 878 1634 937 θαλάσσης

379 948 496 1002 »ἐστὶ
532 947 663 1003 λιμὴν
708 950 916 997 τοσοῦτος
961 945 1206 1002 οὐδαμόθι,
1253 945 1311 997 ὥς
1349 946 1432 1002 ἐγὼ
1469 947 1634 1001 εἰκάζω,

379 1015 524 1069 ,,ὅστις
553 1014 833 1070 ἐγειρομένου
862 1017 1094 1070 χειμῶνος,
1143 1013 1372 1069 δεξάμενός
1401 1024 1476 1056 σευ
1504 1019 1636 1059 τοῦτο

351 1083 459 1136 3,,τό
480 1082 712 1135 ναυτικὸν,
754 1081 995 1139 φερέγγυος
1025 1081 1141 1124 ἔσται
1171 1083 1384 1125 διασῶσαι
1417 1080 1495 1133 τοὶς
1523 1082 1635 1134 νέας.

379 1151 570 1203 „naiton
598 1149 697 1194 οὐκὶ
727 1150 805 1194 ἕνα
825 1150 960 1194 αὐτὸν
979 1151 1046 1193 δεῖ
1077 1147 1190 1193 εἶναι
1218 1149 1295 1193 τόν
1323 1148 1496 1204 λιμένα,
1535 1149 1641 1194 ἀλλὰ
1653 1159 1695 1192 10

380 1217 523 1272 ,παρὰ
564 1220 710 1261 πᾶσαν
749 1218 829 1273 τὴν
868 1216 1078 1274 ἤπειρον,

1133 1215 1234 1271 παρ’
1270 1215 1325 1272 ἣν
1364 1215 1417 1272 δή
1457 1219 1639 1273 κομίεαι.

337 1284 496 1338 Δ4.,,οὐκε
539 1286 603 1328 ὠν
634 1283 687 1341 δή
719 1284 883 1330 ἐόντων
910 1302 980 1330 τοι
1021 1283 1206 1342 λιμένων
1242 1283 1496 1338 ὑποδεξίων,
1526 1283 1642 1341 μάθε

525 1482 618 1533 Cap.
643 1482 784 1521 XLIX.

375 1534 487 1584 ,ὅστις
508 1553 550 1590 γε
580 1533 742 1578 σύνεσιν
775 1536 876 1589 ἔχει]
910 1538 986 1590 ἔχει

327 1607 416 1632 cum
429 1596 545 1632 Gaisf.
558 1595 706 1641 retinui,
715 1596 780 1631 ubi
791 1595 986 1647 Schwgh.,

328 1664 446 1703 quem
480 1652 650 1703 sequitur
687 1650 908 1700 Bekkerus,
938 1666 987 1689 ex

328 1708 408 1744 aliis
441 1708 544 1744 libris
575 1706 762 1745 dederat?
743 1722 842 1757 εχοι,
872 1710 986 1758 paulo

327 1771 412 1815 post
441 1764 570 1815 scripsi
598 1777 686 1800 cum
707 1762 915 1814 Mattl1.q”2¹11
946 1763 988 1804 δὲ

327 1822 521 1867 πλεῦνας,
543 1821 608 1856 ubi
623 1819 855 1870 Schweigh.,
878 1822 989 1858 Gais-

326 1875 425 1913 ford.
439 1883 475 1913 et
486 1875 654 1914 Bekker.
676 1889 697 1912 e
716 1876 863 1915 duobus
875 1876 987 1915 codd.

329 1931 581 1970 exhibuerant
619 1930 672 1983 ἤν
715 1947 754 1972 τε
800 1937 988 1981 πλεῦνας.

329 1991 386 2026 De
426 1990 557 2026 formis
596 1990 780 2036 πλεῦνας,
838 1993 990 2029 πλεῦνα

332 2046 381 2084 cf.
396 2045 561 2084 Fischer.
583 2045 632 2083 ad
646 2047 804 2084 Weller.
816 2048 882 2098 1·p.
897 2049 990 2088 129.

606 2136 643 2180 ξ.
679 2138 715 2175 1.

389 2209 479 2251 οὔτε
523 2209 599 2264 γὰρ
647 2215 718 2262 τῆς
755 2207 989 2262 θαλάσσης]

330 2270 417 2305 Non
466 2270 633 2319 sequitur
673 2269 833 2304 alterum
883 2266 992 2312 οὔτε,

332 2325 538 2362 verborum
557 2325 636 2360 scil.
649 2331 835 2360 structura
855 2324 893 2359 in
909 2337 993 2375 sqq.

334 2382 558 2427 immutata,
598 2393 696 2430 quae
733 2381 805 2423 sic,
847 2381 992 2429 opinor,

334 2435 540 2488 procedere
556 2435 736 2472 debebat:
761 2434 881 2484 Neque
893 2438 995 2472 enim

335 2506 432 2530 mare
459 2493 526 2529 tibi
548 2499 698 2542 portum
730 2491 993 2542 suppeditabit,

335 2562 443 2598 neque
481 2552 574 2585 terra
613 2547 822 2600 quidquam
863 2550 994 2585 auxilii

338 2606 405 2643 tibi
426 2605 640 2656 praebebit,
662 2604 727 2641 sed
756 2605 906 2640 inimica
928 2606 995 2642 tibi

341 2663 433 2708 erit3
463 2663 515 2712 γῆ
537 2658 578 2699 δὲ
624 2662 790 2711 πολεμίη
820 2660 914 2713 τῇδέ
935 2677 995 2700 τοι

336 2718 564 2757 κατίσταται
585 2718 621 2762 §.
652 2719 690 2755 2.
750 2717 858 2755 Cous.
882 2718 996 2754 etiam

337 2776 597 2811 Bornemann.
630 2771 763 2814 Schol.
793 2771 841 2810 ad
867 2775 998 2812 Evau-

339 2832 415 2882 gel.
449 2831 544 2868 Luc.
575 2842 664 2881 pag.
685 2831 776 2871 126.
834 2829 895 2867 Ad
929 2843 998 2868 vo-

1041 1495 1126 1520 cem
1159 1478 1376 1533 φερέγγυος
1417 1479 1495 1519 vid.
1526 1487 1621 1518 nott.
1650 1480 1699 1518 ad

1041 1540 1086 1587 V,
1109 1541 1174 1580 30.
1206 1538 1438 1588 Wesseliug.
1470 1539 1699 1575 excitaverat

1041 1593 1221 1645 Aeschyl.
1252 1595 1293 1631 S.
1317 1608 1346 1631 c.
1363 1593 1585 1634 Theb.402
1603 1593 1699 1643 (392

1043 1652 1204 1697 Blomf.)
1224 1649 1320 1691 455.
1339 1649 1432 1690 476.
1442 1652 1521 1691 803
1545 1649 1700 1701 (quibus

1042 1716 1172 1745 tamen
1192 1707 1283 1743 locis
1310 1718 1389 1741 non
1411 1705 1458 1742 de
1485 1707 1608 1753 rebus,
1630 1704 1700 1743 sed

1044 1763 1091 1801 de
1111 1763 1330 1800 homiuibus
1360 1762 1423 1798 illa
1443 1774 1520 1798 vox
1540 1761 1701 1798 adhibe-

1042 1823 1125 1865 tur)
1156 1817 1337 1870 Sophocl.
1357 1819 1496 1854 Electr.
1517 1817 1610 1858 948.

1100 1876 1167 1915 καί
1196 1890 1257 1914 τοι
1288 1870 1380 1913 ου’κὶ
1400 1873 1469 1913 ἕνα
1501 1870 1621 1913 αὔτὸν
1645 1874 1708 1914 δεῖ

1045 1947 1081 1971 κ.
1101 1947 1134 1970 τ.
1159 1932 1219 1980 λ.]
1252 1931 1276 1967 i.
1299 1943 1332 1967 e.
1353 1931 1472 1982 Atqui
1490 1943 1562 1968 nec
1583 1944 1706 1968 unum

1045 1988 1162 2025 modo
1184 2001 1261 2025 esse
1277 1994 1424 2038 oportet
1443 1994 1596 2038 portum
1609 2017 1618 2035 ,
1640 1985 1706 2024 sed

1045 2052 1195 2096 praeter
1232 2056 1389 2080 omnem
1424 2056 1552 2091 oram,
1589 2048 1707 2095 qua'm

1046 2099 1354 2152 praeterveheris,
1385 2098 1596 2136 istiusmodi
1617 2112 1707 2150 por-

1047 2165 1106 2194 tus
1154 2170 1232 2194 esse
1277 2155 1440 2192 debebit.
1485 2177 1541 2182 —
1614 2157 1708 2193 Mox

1048 2226 1117 2263 pro
1138 2213 1243 2262 vulg.
1275 2211 1462 2261 κομίζεαι,
1494 2210 1596 2262 quod
1619 2213 1709 2248 reti-

1048 2270 1129 2305 nuit
1149 2265 1342 2313 Matthiae,
1366 2280 1454 2303 cum
1475 2267 1710 2318 Schweigh.,

1050 2325 1166 2361 Gaiss.
1199 2331 1234 2360 et
1254 2322 1437 2369 Bekker„
1461 2324 1709 2374 probantibus

1050 2380 1325 2418 Valckenaerio
1358 2387 1393 2416 et
1425 2381 1596 2418 Porsouo
1625 2380 1710 2418 Ad-

1051 2450 1164 2474 verss.
1178 2438 1290 2487 p.39,
1314 2435 1413 2472 edidi
1428 2436 1597 2486 κομίεαι.
1619 2439 1710 2474 Flo-

1051 2495 1219 2530 rentinus
1240 2505 1328 2529 cum
1348 2505 1425 2529 uuo
1452 2494 1621 2530 Parisino
1641 2508 1712 2532 κο-

1051 2550 1208 2601 μίζεται.
1238 2550 1295 2585 De
1315 2550 1420 2586 verbi
1449 2547 1560 2586 huius
1580 2563 1650 2587 usu
1670 2551 1710 2586 iu

1049 2607 1248 2700 ivnaritimis
1280 2606 1474 2642 itineribus
1495 2605 1544 2644 cf.
1563 2606 1594 2654 1,
1619 2605 1710 2647 185.

1050 2662 1319 2710 V,108.V11‚
1351 2662 1417 2703 58.

1109 2713 1184 2757 οὐκ
1204 2712 1261 2756 ὦν
1280 2715 1330 2766 δη
1352 2714 1498 2756 ἐόντων
1524 2730 1585 2756 τοι
1590 2714 1711 2772 λιμέ-

1053 2790 1136 2813 νων
1165 2773 1415 2821 ὑποδεξίων]
1468 2766 1540 2811 ου’κ
1572 2787 1629 2810 ων
1660 2768 1710 2821 δη

1053 2832 1340 2883 optimiquique
1358 2827 1470 2867 codd.
1492 2827 1713 2865 afferebant.

1683 339 1763 380 533
