1897 3340
535 199 1007 237 POLYMNIA.
1067 198 1166 236 VIL

1403 209 1485 248 639

217 311 379 360 Βοῦλις
409 307 432 353 ὁ
453 307 666 362 Νικόλεω,
698 307 853 361 ἄνδρες
873 309 1160 363 Σπαρτιῆται,
1191 307 1322 362 φύσει
1351 327 1395 354 τε
1421 329 1484 366 γε-

216 377 395 434 γονότες
435 371 507 427 εὖ,
546 378 619 421 καὶ
661 376 849 432 χρήμασι
894 373 1130 431 ἀνήκοντες
1164 375 1206 426 ἐς
1234 374 1286 418 τοὶ
1325 382 1542 432 πρῶτα,4ο

219 445 444 489 ἐθελονταὶ
483 443 707 489 ὑπέδυσαν
749 443 909 500 ποινὴν
944 449 1060 486 τῖσαι
1097 442 1234 498 Ξέρξῃ
1273 447 1362 487 τῶν
1389 450 1486 488 Δα-

221 515 342 569 ρείου
372 512 580 569 κηρύκων
608 516 696 554 τῶν
725 511 772 554 ἐν
799 510 986 568 Σπάρτῃ
1019 511 1315 566 ἀπολομένων.
1369 512 1484 556 οὕτω

218 586 490 637 Σπαρτιῆται
533 579 740 630 τούτους,
771 577 830 630 ὥς
861 578 1268 635 ἀποθανευμένους,
1300 579 1344 631 ἐς
1374 579 1486 637 Μή-

51 647 148 694 135
216 652 323 701 δους
366 648 631 704 ἀπέπεμψαν.
690 648 812 705 Αὕτη
859 647 959 705 τεὴ
1009 647 1148 703 τόλμα
1190 649 1361 691 τούτων
1396 651 1487 692 τῶν

215 706 390 773 ἀνδρῶν
418 716 654 771 θωύματος
675 715 797 772 ἀξίη,
831 717 905 759 καὶ
932 715 1035 760 τάδε
1064 715 1177 770 πρός
1206 715 1402 759 τούτοισι
1431 715 1484 759 τοὶ

215 785 328 828 ἔπεα.
385 783 679 840 πορευόμενοι
707 785 790 839 γὰρ
822 785 864 836 ἐς
894 788 1061 836 Σοῦσα,
1093 783 1374 827 ἀπικνέονται
1402 800 1484 827 πα-

182 851 275 907 Ξροὶ
301 850 526 906 Ὑδάρνεα.
578 849 600 896 ὁ
633 852 679 896 δὲ
703 851 914 908 Ὑδάρνης
942 847 997 908 ἦν
1025 851 1102 907 μὲν
1138 852 1264 907 γένος
1295 851 1618 909 Πέρσης,45564

212 919 451 976 στρατηγὸς
482 921 527 964 δὲ
566 925 655 964 τῶν
693 921 1068 976 παραθαλασσίων
1101 918 1355 974 ἀνθρώπων
1395 925 1485 965 τῶν

182 986 262 1030 3ἐν
305 991 358 1044 τῇ
399 986 542 1045 Ἀσίῃ·
592 988 642 1040 ὅς
672 1001 819 1046 σφεας,
843 990 978 1042 ξείνια
1006 989 1303 1045 προθέμενος,
1335 991 1483 1035 εἱστία.

153 1162 267 1201 bach.
301 1161 585 1201 Animadverss.
616 1178 653 1214 p.
689 1165 819 1214 11993

152 1220 255 1272 apud
277 1221 487 1258 Stobaeum
508 1222 587 1268 vll,
609 1224 661 1261 70
693 1235 731 1271 p.
764 1224 816 1262 93

153 1277 210 1328 (p.
232 1280 314 1318 219
338 1279 406 1326 G.)
429 1273 587 1328 Βούλης
603 1276 669 1316 καὶ
685 1277 817 1328 Σπέρ-

151 1350 234 1385 χης.
293 1335 337 1370 In
370 1348 487 1386 quem
519 1334 623 1386 quod
660 1348 814 1372 carmen

148 1391 312 1442 lugubre
345 1404 367 1428 a
397 1390 592 1432 Theocrit,
631 1391 688 1429 Id.
728 1394 812 1441 XV,

149 1450 202 1489 98
224 1456 582 1497 commemoratum,
619 1450 703 1485 caui
723 1451 816 1486 soli-

148 1511 232 1542 tum
272 1519 352 1542 esse
388 1519 410 1542 a
450 1506 646 1556 Spartanis
684 1509 813 1545 statuit

151 1562 343 1613 Toupius‚
372 1563 594 1615 obloquitur
627 1563 812 1602 Vah-ken.

81 1628 89 1634 ’
148 1618 198 1656 ad
226 1618 424 1657 Theocrit.
455 1619 642 1659 AdoniaZ.
662 1635 699 1671 p.
729 1624 810 1663 386

146 1689 226 1727 seq.
248 1676 351 1728 quod
373 1676 420 1713 de
442 1676 619 1728 Sperthia
639 1675 811 1730 'eiusque

147 1732 279 1781 sodali,
301 1735 368 1785 qui
387 1740 548 1785 uterque
568 1734 721 1771 redierit
734 1736 811 1771 sal-

146 1803 236 1837 vus,
268 1803 348 1827 nou
380 1791 452 1827 nisi
479 1792 578 1828 laeta
599 1791 673 1828 dici
694 1805 812 1842 opor-

146 1847 217 1883 tuit
237 1860 404 1899 eumque
423 1848 540 1884 scolio
568 1861 598 1885 s.
620 1850 810 1885 convivali

145 1904 313 1940 carmine
341 1905 468 1955 potius
500 1917 618 1956 quam
656 1906 810 1955 lugubri

144 1961 314 1997 carmine
347 1975 375 1998 s.
407 1959 543 1998 threno
575 1962 808 1999 celebratum

144 2016 278 2055 videri.
302 2018 442 2055 Contra
459 2025 592 2055 monet
604 2017 809 2070 Schweig-

144 2072 362 2123 haeuserus,
384 2073 458 2111 hoc
469 2088 624 2112 carmen
645 2089 690 2113 eo
712 2089 808 2113 con-

144 2130 205 2168 fici
229 2133 392 2183 potuisse
403 2138 590 2183 tempore,
613 2146 689 2184 quo
702 2140 807 2179 uter-

144 2200 219 2239 que
241 2189 448 2239 Spartanus
476 2188 524 2226 ad
545 2191 805 2239 certissimam,

145 2251 186 2280 ut
207 2246 404 2295 putabant,
425 2253 590 2283 mortem
610 2247 807 2298 profectu-

144 2313 208 2338 rus
227 2301 349 2352 patria
380 2301 604 2341 discederet.

200 2365 321 2417 φύσει
346 2383 399 2426 τε.
420 2366 623 2420 γεγονότες
648 2365 711 2420 εὖ]
744 2370 806 2410 Ad

142 2426 322 2462 voculam
354 2426 396 2464 εὑ
429 2426 594 2474 faciunt,
625 2441 723 2478 quae
757 2428 806 2466 ad

141 2483 188 2529 V,
209 2481 263 2522 25
285 2483 405 2519 attuli.
450 2483 577 2532 Ipsam
599 2483 806 2522 dictionem

142 2539 329 2576 Aemilius
358 2540 494 2575 Portus
528 2540 580 2575 sic
617 2541 807 2590 interpre-

143 2602 266 2633 tatur:
298 2597 425 2634 eximio
443 2597 592 2644 ingenio,
615 2597 806 2646 praeclara

142 2652 257 2690 indole
276 2655 366 2701 vz‘rz’3
435 2650 657 2702 Schweigh.
701 2651 806 2691 haud

143 2710 220 2746 scio
241 2723 289 2746 an
309 2710 467 2747 rectius:
498 2709 609 2746 nobili
622 2709 694 2746 loco
713 2713 804 2758 nati,

143 2769 394 2814 generosiores,
472 2767 614 2818 quippe
654 2766 806 2804 oriundi

144 2834 165 2858 e
174 2823 408 2862 nobilissima
419 2822 699 2875 Spartanorum
707 2836 807 2875 gen-

874 1171 912 1201 te
942 1163 1110 1216 indeque
1152 1165 1265 1201 etiam
1290 1165 1468 1203 ditissima
1489 1180 1535 1217 Δε.

874 1218 1044 1272 χρήμασι
1068 1216 1285 1271 α’νήκοντες
1305 1222 1344 1269 ἐς
1355 1220 1402 1261 ta*
1424 1225 1536 1274 πρῶ-

873 1294 920 1317 τα
958 1280 984 1315 i.
1017 1292 1049 1316 e.
1080 1280 1200 1330 opibus
1233 1282 1418 1317 eminentes
1445 1283 1536 1317 iuter

868 1338 1020 1386 primos3
1060 1335 1107 1371 de
1143 1349 1219 1387 quo
1248 1336 1350 1377 conf,
1371 1344 1464 1374 nott.
1486 1335 1535 1374 ad

872 1394 916 1441 V,
938 1392 990 1433 49
1014 1393 1099 1429 coll.
1121 1400 1215 1431 nott.
1237 1393 1286 1430 ad
1308 1395 1369 1441 VI,
1392 1397 1458 1434 61.
1478 1416 1534 1422 ——

870 1452 913 1486 lu
930 1463 1037 1502 seqq.
1058 1451 1202 1487 restitui
1223 1455 1346 1494 τῖσαι,
1367 1450 1534 1496 duorum

870 1506 983 1545 codd.
1018 1509 1240 1544 auctoritate
1271 1521 1293 1544 a
1322 1507 1476 1546 Schaef.
1499 1516 1535 1545 et

868 1563 1001 1601 matth.
1017 1571 1209 1601 mutatum
1222 1566 1259 1600 in
1275 1565 1410 1614 τίσειν,
1430 1564 1534 1618 quod

867 1620 971 1658 idem
993 1620 1148 1659 exhibet
1176 1620 1347 1659 Bekker.

1048 1712 1142 1764 Cap.
1164 1712 1361 1750 CXXXV.

899 1787 1159 1842 wsswv'pwctog]
1208 1790 1252 1828 Id
1285 1792 1429 1828 restitui
1461 1805 1531 1843 pro

866 1843 1060 1897 ’θώματος
1089 1849 1260 1899 itemque
1286 1844 1440 1887 τούτων
1461 1861 1530 1899 pro

865 1903 1050 1943 τουτέων.
1130 1905 1203 1950 Qui
1248 1918 1343 1942 mox
1374 1912 1532 1942 vocatur

863 1957 1090 2012 ’Υδάρνης,
1133 1963 1164 1998 is
1199 1960 1407 1999 Plutarcho
1432 1964 1468 1998 II
1491 1976 1530 2014 p.

865 2020 946 2058 236
978 2019 1026 2054 A.
1060 2019 1273 2069 appellatur
1303 2014 1529 2070 'lvocipvnffi

866 2073 1196 2126 quemadmodum
1218 2089 1238 2111 e
1257 2082 1403 2126 septem
1434 2078 1531 2113 Per-

863 2144 991 2168 sarum
1020 2133 1223 2169 coniuratis
1255 2132 1440 2170 Herodoti
1466 2131 1532 2172 ‘Y-

865 2184 1016 2240 δάρνης
1028 2189 1174 2226 Ctesiae
1187 2191 1528 2240 (Excerptt.Perss.

864 2246 901 2291 ξ.
938 2246 987 2286 14
1009 2259 1097 2296 pag.
1123 2248 1232 2295 133)
1263 2254 1319 2284 est
1338 2243 1528 2298 Ἰδέρνης.

862 2303 1006 2340 Verum
1035 2304 1173 2340 Persae
1201 2317 1347 2340 nomen
1375 2306 1529 2341 inveni-

862 2366 925 2396 tur
959 2373 1115 2413 quoque
1146 2361 1226 2408 VII,
1256 2361 1322 2402 65.
1344 2363 1409 2402 83.
1428 2363 1523 2402 211.

860 2418 926 2465 III,
958 2420 1025 2458 70.
1056 2419 1118 2466 VI,
1155 2421 1248 2459 133.
1324 2417 1388 2454 Ad
1411 2431 1524 2455 voces

863 2470 1074 2526 στρατηγὸς
1124 2477 1204 2514 τῶν
1259 2478 1525 2528 παραθαλασ-

863 2530 961 2569 σίων
997 2529 1158 2584 ἆνδρῶν
1198 2532 1300 2570 conf.
1338 2539 1436 2569 nott.
1474 2530 1523 2567 ad

860 2586 906 2634 V,
928 2587 997 2628 25.

919 2654 1046 2701 ξείνια
1071 2654 1341 2707 προθέμενος]
1362 2657 1420 2690 De
1430 2667 1524 2691 voco

861 2710 1008 2760 ξείνια,
1062 2712 1138 2764 qu&
1182 2712 1368 2762 hospitales
1399 2710 1523 2760 epulae

862 2774 898 2805 et
927 2781 1179 2822 quaecunque
1211 2768 1259 2805 ad
1287 2767 1442 2818 hospitis
1463 2767 1521 2803 vi-

861 2832 967 2863 ctum
994 2827 1218 2879 cultumque
1245 2825 1447 2876 pertinent,
1467 2823 1520 2862 si-
