1897 3340
447 179 531 219 722

837 176 1296 216 HERODO'I'l

448 283 781 330 καλλιστεύοντα
817 284 1048 342 ἀγαγόντες
1084 286 1154 329 ἐπὶ
1188 287 1264 342 τῆς
1287 283 1465 342 πρώρης
1493 287 1568 342 τῆς
1591 284 1695 342 νηὸς

449 353 660 409 ἔσφαξαν,
701 353 917 405 διαδέξιον
956 353 1206 409 ποιεύμενοι
1243 352 1321 397 τὸν
1350 351 1467 397 εἷλον
1495 357 1582 396 τῶν
1608 352 1697 396 Ἑλ-

447 420 592 477 λήνων
619 424 792 475 πρῶτον
818 421 893 463 καὶ
919 421 1160 464 κάλλιστον.

446 487 586 545 τούτῳ
615 487 783 544 οὔνομα
810 482 868 543 ἦν
896 488 1043 531 Λέων·
1071 485 1176 543 τάχα
1205 488 1242 532 δ’
1267 486 1323 531 ἄν
1351 504 1391 531 τι
1419 488 1491 532 καὶ
1509 490 1590 531 τοῦ
1618 486 1693 531 οὖ-

392 691 466 721 ster
487 682 580 720 dixit
599 696 645 719 eo
673 694 805 729 sensu,
846 693 922 734 quo
952 682 1040 719 alias

393 738 626 786 κάλλιστον,
677 733 945 777 ευειδὲστατον
986 733 1044 776 εἶ-

392 811 458 834 ναι
482 794 627 846 (forma
641 798 846 844 praestare,
878 793 1042 845 pulcher-

391 854 536 900 rimum,
580 850 867 901 formosissimum
918 850 1043 900 esse),·

392 907 495 945 unde
533 908 593 946 vel
626 908 838 957 genitivum
873 905 1044 944 adsciscit

392 965 454 1012 VI,
476 966 541 1003 61.
585 963 685 1000 Add.
706 964 737 1011 I,
760 965 851 1003 196.
871 963 934 1010 IV,
949 965 1042 1003 163.

396 1023 487 1061 180.
517 1020 615 1066 VIII
655 1017 746 1059 124.
804 1021 847 1054 ln
867 1020 1041 1070 proxime

392 1089 498 1127 seqq.
521 1089 542 1111 e
563 1076 753 1113 Sanclofti
782 1075 877 1111 libro
894 1076 1044 1141 alioque

395 1130 590 1169 Schaefer.
623 1130 726 1168 dedit
756 1129 818 1169 ἐπὶ
839 1146 913 1182 την
933 1127 1044 1195 πρώ-

393 1203 482 1240 ρην,
511 1186 616 1240 quod
631 1200 719 1224 cum
733 1188 848 1225 verbo
870 1183 1044 1239 α’γαγόν-

392 1259 455 1291 τες
482 1245 618 1281 melius
644 1256 855 1294 congruere
875 1245 1043 1294 putabat.

392 1299 643 1339 Schaeferum
672 1300 840 1352 sequitur
875 1298 1043 1337 Bekker.

391 1356 584 1409 Equidem
616 1369 706 1394 cum
751 1355 970 1407 Schweigh.
1009 1362 1046 1393 et

393 1413 508 1452 Gaisf.
543 1414 740 1463 vulgatam
768 1414 929 1449 retinere
958 1425 1044 1448 ma-

392 1471 458 1518 lui,
475 1471 505 1507 si
521 1469 677 1521 quidem
698 1467 761 1508 ἕπὶ
790 1471 861 1519 τῆς
880 1465 1045 1520 πρῶρης

392 1526 451 1576 (in
477 1526 605 1576 prora)
637 1538 758 1577 aeque
788 1526 886 1562 bene
905 1526 1044 1562 referre

391 1582 518 1618 licebit
531 1581 578 1618 ad
591 1581 779 1631 ἔσφαξαν,
792 1580 1044 1629 distinctione,

392 1650 490 1690 quae
506 1639 545 1674 in
567 1638 762 1675 Schaeseri
783 1637 946 1674 editione
957 1644 1045 1674 ante

393 1693 570 1743 ἔσφαξαν
589 1695 765 1744 ponitur,
795 1692 927 1731 delet-1.
984 1692 1047 1730 Ad

392 1745 627 1817 ἀγαγόντες
658 1763 748 1787 cum
799 1751 915 1786 Porto
954 1751 1047 1786 sub-

392 1805 522 1844 audias
553 1802 655 1857 πρὸς
685 1803 850 1852 ἓαυτους
879 1807 904 1845 i.
928 1819 961 1842 e.
1000 1806 1048 1843 ad

391 1875 472 1900 suos
492 1876 522 1900 s.
552 1862 600 1899 ad
619 1875 719 1899 suam
744 1875 878 1900 navem.
927 1864 1047 1899 Nam-

392 1932 468 1970 que
489 1925 599 1970 capta
620 1920 765 1955 Graeca
783 1931 894 1966 nave,
914 1919 1045 1956 Leon-

391 1981 472 2012 tem
499 1976 637 2012 Persae
668 1988 689 2011 e
719 1976 862 2011 Graeca
886 1988 983 2012 nave
1004 1976 1044 2011 in

391 2044 501 2068 suam
521 2030 731 2068 adductum
750 2032 791 2067 in
813 2044 925 2082 prora
946 2029 1043 2083 (na-

391 2089 447 2125 vis
466 2089 666 2134 Persicae)
695 2088 930 2137 iugularunt.

449 2153 644 2201 διαδέξιον
692 2151 926 2205 ποιεύμενοι
973 2150 1043 2193 τόν

393 2204 500 2247 εἶλον
520 2225 556 2247 κ.
577 2224 611 2247 τ.
637 2210 690 2257 λ.]
722 2212 825 2247 Haec
845 2211 960 2247 verba
981 2221 1043 2245 co·-

392 2265 531 2314 piosius
579 2272 735 2301 tractata
784 2266 830 2301 ab
877 2265 1041 2300 Aemilio

391 2321 508 2356 Porto
529 2321 568 2356 in
599 2322 694 2358 Lex.
715 2321 795 2355 Ion.
817 2321 867 2355 ita
887 2319 1043 2356 reddere

391 2376 500 2413 licet:
539 2387 556 2412 e
579 2375 719 2425 formae
741 2378 966 2424 praestantia
996 2376 1040 2412 il-

394 2432 485 2479 lius,
526 2443 622 2481 quem
648 2433 799 2480 primum
834 2433 1041 2469 Graecorum

392 2490 578 2538 ceperant,
607 2487 737 2523 laecum
767 2499 861 2524 omen
891 2492 1040 2538 captan—

393 2548 454 2591 tes,
477 2544 538 2580 vel
558 2543 718 2580 dextrum
738 2544 779 2589 (i.
803 2557 835 2580 e.
857 2544 1040 2594 faustum)

392 2612 486 2637 omen
519 2601 756 2636 existimantes
784 2600 910 2647 illum,
942 2614 1040 2650 quem

393 2669 410 2694 e
428 2656 575 2694 Graecis
595 2656 881 2705 primianumque
905 2656 1040 2706 sormo-

392 2714 563 2750 sz‘ssimum
583 2715 751 2762 ceperant.
810 2714 851 2747 ln
874 2724 917 2749 eo
939 2714 1041 2749 enim

394 2769 511 2807 felicis
528 2780 656 2805 rerum
665 2768 785 2805 exitus
804 2770 1040 2820 praesagium

1217 424 1276 476 τῷ
1307 420 1353 464 δὲ
1383 420 1696 476 σφαγιασθέντι

1101 683 1172 720 sibi
1199 681 1326 720 videre
1355 681 1593 720 videbantur.
1621 679 1752 726 διαδέ-

1103 739 1189 786 ξιον
1214 740 1434 775 monstravit
1474 741 1609 776 Portus
1648 737 1752 775 idem

1105 808 1183 832 esse
1207 798 1318 846 atque
1340 793 1491 843 δέξιον,
1524 795 1666 842 αἴσιον,
1686 792 1754 833 εὖ·

1103 847 1226 901 τυχὲς,
1248 857 1291 887 ut
1311 851 1411 901 apud
1421 853 1573 889 Latinos
1593 851 1754 888 dextrum

1105 908 1258 958 ponitur
1292 919 1362 957 pro
1395 907 1533 957 fausto,
1581 908 1673 945 laeto
1711 918 1754 944 ac

1100 976 1272 1013 prospero.
1328 964 1460 1014 Itaque
1489 962 1618 1010 δέξιον
1662 977 1754 1002 ποι-

1108 1019 1244 1058 εῖσθαί
1272 1034 1308 1057 τι
1335 1017 1440 1055 idem
1466 1018 1543 1055 fere
1566 1019 1665 1056 valet
1695 1025 1754 1055 at-

1106 1089 1181 1128 que
1199 1075 1373 1126 νομίζειν
1393 1091 1430 1114 τι
1449 1072 1580 1114 αἴσιον
1599 1073 1665 1113 καὶ
1687 1070 1754 1114 εὕ-

1104 1129 1236 1182 τυχὲς,
1277 1138 1342 1167 aut
1373 1128 1514 1170 οἰωνόν
1543 1146 1580 1169 τι
1605 1129 1755 1169 θέσθαι

1103 1189 1165 1226 vel
1184 1190 1410 1235 ποιεῖσθαι,
1440 1194 1482 1223 ut
1507 1200 1555 1224 ex
1582 1185 1756 1237 Euripid.

1103 1242 1277 1294 Iphigen.
1300 1244 1387 1279 Aul.
1409 1245 1489 1284 607
1524 1242 1633 1280 affert
1662 1243 1756 1280 Val-

1103 1299 1340 1353 cisenaeriuQ
1362 1301 1422 1336 cui
1443 1300 1558 1336 etiam
1576 1299 1616 1336 in
1641 1312 1755 1336 men-

1103 1363 1183 1393 tem
1201 1363 1360 1394 venerat
1389 1355 1468 1394 Δία
1503 1354 1632 1404 δέξιον
1661 1357 1754 1394 scri-

1105 1413 1194 1450 bere
1214 1425 1281 1464 pro
1307 1411 1517 1460 διαδέξιον.

1158 1531 1256 1586 τάχα
1280 1530 1313 1575 δ’
1328 1532 1380 1574 ἄν
1400 1550 1437 1574 τι
1457 1533 1524 1574 καὶ
1541 1537 1615 1574 τοῦ
1634 1530 1756 1575 οὐνό-

1106 1606 1226 1642 ματος
1259 1587 1501 1642 ἒπαύροιτο]
1533 1593 1639 1628 Bene
1658 1592 1756 1628 Por-

1107 1655 1166 1684 tus
1186 1654 1223 1684 et
1242 1646 1489 1685 Valckenaer.
1513 1647 1670 1698 fortasse
1685 1660 1756 1684 au-

1107 1708 1174 1741 tem
1196 1706 1301 1742 etiam
1321 1703 1469 1753 aliquem
1479 1703 1641 1754 fructum
1661 1717 1678 1741 e
1692 1716 1756 1740 no-

1107 1763 1195 1797 mine
1217 1758 1420 1809 [Λέοντος
1438 1781 1484 1788 -
1502 1759 1648 1809 Leonis]
1674 1773 1757 1810 per-

1107 1818 1217 1866 cepit.-
1266 1822 1309 1852 ut
1346 1829 1486 1867 nempe
1524 1817 1630 1867 peius
1667 1828 1757 1853 cum

1106 1873 1187 1923 ipso
1225 1879 1419 1922 ageretur,
1466 1873 1645 1924 tristeque
1677 1873 1757 1923 ipse

1107 1930 1226 1966 obiret
1246 1929 1380 1967 fatum.
1437 1929 1511 1965 Ubi
1522 1927 1685 1978 fructum
1699 1929 1756 1964 in-

1105 1985 1251 2022 tellexit
1270 1985 1420 2022 caedem.
1467 1985 1541 2029 Qui
1561 1985 1663 2020 enim
1681 1982 1756 2020 Leo

1105 2039 1490 2092 (As'mvxvocabatur,
1505 2041 1553 2076 ob
1573 2038 1612 2076 id
1630 2040 1756 2089 ipsum

1109 2096 1236 2134 Leonis
1252 2108 1394 2133 nomen
1423 2096 1463 2131 in
1492 2093 1566 2131 hoc
1593 2095 1757 2132 infortu-

1102 2154 1212 2189 nium
1250 2150 1422 2187 incidisse
1460 2150 1648 2200 putandus
1687 2158 1756 2189 est.

1102 2209 1146 2243 ln
1168 2208 1262 2244 leone
1281 2213 1408 2242 nutem
1429 2207 1592 2244 Graecos
1613 2206 1756 2259 aliquid

1103 2262 1342 2299 reconditum
1409 2275 1452 2298 ac
1517 2265 1757 2301 tesserarium

1103 2320 1342 2370 quaesivisse,
1364 2319 1424 2355 vel
1446 2331 1493 2355 ex
1513 2319 1568 2367 iis,
1591 2332 1688 2371 quae
1707 2318 1756 2357 ad

1103 2377 1164 2422 VI,
1172 2379 1188 2415 1
1197 2378 1244 2415 31
1262 2376 1596 2426 attulimus,colligi
1606 2377 1756 2426 poterit.

1103 2431 1272 2469 Verbum
1304 2426 1550 2482 ἐπαύρεσθαι
1571 2432 1756 2482 (fructum

1098 2488 1300 2538 percipere)
1323 2489 1363 2523 iu
1384 2494 1583 2539 utramque
1606 2495 1755 2539 partem

1103 2551 1139 2581 et
1169 2545 1310 2581 bonam
1333 2551 1369 2580 et
1395 2544 1540 2590 malam
1567 2543 1753 2593 adhiberi,

1103 2601 1189 2637 satis
1208 2607 1357 2637 notum.
1413 2598 1535 2636 Affert
1565 2599 1753 2652 quaedam

1103 2656 1416 2701 Valckeiiaerius,
1447 2655 1493 2691 de
1522 2657 1650 2693 similis
1676 2669 1753 2693 no-

1102 2713 1213 2750 tionis
1241 2714 1356 2750 verbo
1388 2707 1604 2751 ἄπολοιύειν
1633 2714 1753 2749 citans

1104 2768 1360 2807 Hemsterhus.
1404 2766 1452 2804 ad
1494 2769 1648 2806 Lucian.
1679 2768 1753 2807 Ti-

1750 486 1831 528 590

1864 326 1891 373 181
