1897 3340
93 341 192 387 105

671 225 976 266 ERATO.
1033 226 1111 263 VI.

1445 231 1528 270 373

348 340 436 383 Καὶ
464 341 615 393 πρῶτα
633 335 734 392 μὲν,
764 333 908 385 ἐόντες
937 334 997 377 ἔτι
1028 333 1074 377 ἐν
1102 337 1163 390 τῷ
1193 331 1315 376 ἄστεϊ
1343 335 1386 376 οἱ
1406 347 1528 388 oma-
1587 349 1751 377 masuam,
1768 350 1857 377 mne-

1588 383 1740 410 uivn-ihu-
1767 386 1858 417 Spar-

259 407 405 462 τηγοὶ,
445 405 748 459 ἀποπέμπουσι
778 401 821 453 ἐς
850 402 1064 457 Σπάρτην
1097 399 1270 457 κήρυκα
1305 403 1529 445 Φειδιππί-
1588 417 1859 452 ιηηιιηηαῑρρῑιιω

1586 448 1842 484 hemerodromnu,

260 476 367 531 δην,
391 472 624 529 Ἀθηναῖον
652 471 731 525 μὲν
762 470 930 525 ἄνδρα,
974 469 1113 521 ἄλλως
1145 469 1191 514 ὁὲ
1219 467 1526 524 ἡμεροδρόμον
1542 479 1633 512 151ιιῑ
1652 484 1687 509 ad
1705 484 1842 517 'regem

230 547 307 584 Ξτε
336 541 409 584 καὶ
440 543 569 583 τοῦτο
599 542 854 594 μελετῶντα.
900 541 963 595 τῷ
993 535 1069 594 δή,
1102 534 1161 588 ὥς
1192 535 1324 587 αὐτός
1342 553 1386 580 τε
1417 537 1531 593 ἔλεγε

263 608 547 663 Φειδιππίδης
593 603 974 662 καὶ,Ἀθηναίοισι
1024 603 1283 661 ἀπήγγελλε,
1342 606 1441 659 περὶ
1479 605 1526 649 τὸ

260 673 514 729 Παρθένιον
555 670 710 729 οὖρος,
750 674 800 718 τὸ
840 674 948 727 ὑπὲρ
984 673 1161 730 Τεγέης,
1208 671 1232 716 ὁ
1270 673 1371 716 Ποὶν
1404 689 1528 728 περι-

226 747 247 782 3
257 743 412 799 πίπτει.

200 910 443 982 Χερσονῇξῳ
457 944 467 963 ,
507 920 546 952 et
563 926 652 966 pag.
686 914 793 955 1235
815 912 863 951 ad

197 986 335 1015 vocem
355 987 473 1013 ουτω.

437 1063 530 1114 Cap.
548 1062 627 1099 CV.

257 1141 545 1193 Φειδιππίδην]
566 1140 766 1191 Excerpsit
782 1141 864 1175 He·-

198 1199 357 1237 rodotea
385 1197 519 1236 Schol.
558 1200 793 1248 Hermogen.
822 1210 861 1247 p.

199 1256 295 1298 407.
352 1255 502 1292 Eadem
539 1253 694 1291 historia
729 1266 864 1289 narra-

199 1320 262 1350 tur
281 1314 319 1349 in
334 1311 496 1350 Scholiis
515 1310 670 1348 Aristid.
692 1323 779 1361 pag.
794 1310 860 1351 51.

199 1369 295 1411 215.
322 1369 530 1406 Frommel.
588 1370 632 1404 In
667 1365 862 1404 Herodoto

201 1426 277 1463 duo
309 1425 421 1463 codd.
443 1438 533 1463 cum
552 1426 682 1462 Valla:
721 1426 862 1462 Φιλιπ-

199 1483 343 1532 πίδην,
376 1484 488 1533 plane
517 1489 559 1518 ut
589 1480 690 1533 apud
712 1481 862 1517 Cornel.

199 1541 337 1590 Nepot.
365 1538 526 1576 Miltiad.
547 1537 594 1578 4:
636 1568 661 1587 „
675 1537 738 1575 Ph
754 1537 864 1587 ilip-

197 1598 250 1648 pi
260 1597 456 1647 demque
486 1608 656 1632 cursorem
696 1597 770 1631 eius
799 1607 862 1642 ge-

199 1655 314 1697 neris,
369 1654 432 1703 qui
463 1652 712 1689 lwmeroclromz·
737 1663 864 1687 vocan-

200 1712 301 1748 tur.“
358 1710 433 1746 Ubi
452 1717 582 1746 tamen
606 1707 718 1747 codd.
741 1720 863 1759 aeque

198 1767 406 1813 fluctuant,
445 1778 681 1818 quamquam
711 1771 864 1814 recepta

199 1822 351 1862 videtur
397 1823 600 1873 appellatio
633 1821 862 1872 ΡΙιίΖίΡΡίάιέ,

201 1881 331 1916 multis
352 1881 442 1916 locis
464 1893 485 1915 a
499 1879 732 1928 WVesseling.
757 1878 864 1914 exci-

201 1938 285 1974 tatis
306 1937 427 1974 obvia.
485 1937 544 1972 De
575 1948 650 1987 quo
683 1933 863 1986 equidem

201 2006 281 2030 non
302 1992 527 2031 discernam.
558 2015 610 2020 —
647 1986 865 2043 ἡμεροδρό-

201 2065 302 2101 μους
352 2049 412 2099 (ut
458 2050 558 2087 Livii
606 2055 690 2085 utar
737 2048 861 2084 verbis

200 2109 347 2155 XXXI,
390 2104 487 2153 24).
547 2107 683 2143 Graeci
721 2111 861 2141 vocant

199 2166 322 2213 ingens
353 2177 421 2200 uno
452 2164 507 2200 die
552 2175 657 2200 cursu
699 2164 860 2199 emetien-

201 2224 250 2258 tes
269 2222 443 2271 spatium5
481 2221 547 2272 qui
567 2219 685 2256 iidem
706 2226 743 2255 et
767 2219 861 2270 δρο-

202 2274 425 2329 μοκήρυκες
447 2284 632 2314 vocantur
653 2283 690 2313 et
710 2273 860 2325 ἥμερο-

201 2330 341 2373 σκὸποι
389 2333 466 2383 (cf.
502 2332 646 2370 Herod.
676 2334 760 2379 VII,
783 2334 864 2373 182

202 2390 269 2427 fin.
292 2391 382 2441 ibiq.
413 2391 536 2440 nott.)
567 2389 669 2441 apud
690 2391 863 2426 Aeneam

207 2447 354 2483 Tactic.
381 2447 545 2483 Poliorc.
566 2450 606 2487 6.
663 2449 762 2483 Nam
782 2447 863 2483 sin·-

208 2503 321 2553 gulae
342 2503 576 2539 Graecorum
595 2503 762 2540 civitates
780 2504 863 2539 isti-

209 2557 360 2596 usmodi
389 2571 557 2595 cursores
590 2560 760 2609 publicos
790 2557 863 2595 ha-

208 2616 332 2652 buisse
351 2613 541 2652 videntur.
585 2616 607 2649 1⁷
618 2615 701 2651 lura
721 2615 866 2652 dabunt

209 2673 430 2723 interpretes
452 2670 500 2708 ad
534 2670 685 2709 cornel.
711 2673 867 2722 Nepotis

210 2727 237 2763 l.
258 2728 283 2764 1.
300 2749 351 2755 —
372 2729 429 2764 De
444 2728 561 2765 verbo
583 2730 744 2779 μελετᾶν
765 2728 866 2765 cons.

211 2790 307 2820 nott.
330 2782 379 2821 ad
395 2785 468 2829 ΠΙ,
489 2785 581 2825 115.

267 2838 356 2891 περὶ
388 2836 431 2880 τὸ
469 2838 700 2893 Παρθένιον
720 2831 866 2891 οὖρος]

479 741 683 799 βώσαντα
722 740 767 786 δὲ
817 740 866 785 τὸ
905 740 1077 797 οὔνομα
1115 744 1196 785 τοῦ
1236 744 1527 786 Φειδιππίδεω

919 914 977 949 De
1003 914 1283 964 praepositione
1314 912 1402 963 περὶ
1435 915 1585 951 monuit

920 969 1058 1007 Matth.
1080 971 1147 1007 Gr.
1169 971 1234 1006 Gr.
1252 983 1340 1020 pag.
1365 975 1486 1011 1177.
1525 972 1584 1007 De

919 1028 1026 1063 Pane
1045 1041 1114 1078 per
1132 1027 1336 1063 Arcadiam
1365 1029 1466 1064 culto
1481 1057 1490 1075 ‚
1532 1029 1584 1065 sic

919 1085 1006 1121 satis
1027 1091 1186 1121 constat.
1228 1085 1382 1121 Consul.
1405 1085 1583 1121 Creuzer.

920 1141 1097 1192 Symbol.
1116 1142 1171 1176 ΙΙΙ
1192 1153 1279 1191 pag.
1298 1142 1379 1182 253
1400 1154 1479 1192 seq.
1511 1142 1584 1186 Qui

921 1199 1024 1234 enim
1046 1197 1138 1234 deus
1154 1210 1288 1247 greges
1309 1198 1488 1234 coelestes
1512 1211 1584 1247 pa-

919 1267 1023 1291 scere
1050 1255 1277 1305 putabatur,
1308 1267 1397 1290 eum
1429 1268 1583 1305 quoque

919 1312 1077 1348 terrenis
1113 1311 1313 1361 gregibus,
1348 1312 1484 1362 quibus
1507 1313 1583 1347 Ar-

920 1367 1069 1404 cadiam
1099 1369 1320 1404 excelluisse
1349 1375 1487 1403 notum
1517 1374 1584 1415 est,

919 1425 1179 1475 praepositum
1200 1437 1279 1461 esse
1301 1437 1370 1474 par
1392 1431 1482 1461 erat.
1505 1424 1585 1460 Cu-

920 1483 977 1518 ius
998 1482 1113 1531 ipsius
1146 1482 1226 1517 vim
1259 1480 1447 1517 sideream
1469 1488 1584 1531 atque

918 1538 1073 1588 igneam
1113 1536 1281 1589 indeque
1317 1539 1430 1573 etiam
1452 1538 1585 1573 saluti-

922 1596 1041 1631 ferum
1063 1593 1134 1630 hac
1155 1595 1234 1645 ipsa
1248 1595 1464 1630 narratione
1485 1601 1584 1630 tecte

920 1650 1080 1687 indicari
1106 1664 1195 1687 culn
1225 1651 1400 1689 Creuzer.
1422 1652 1475 1686 111
1494 1663 1582 1701 pag.

919 1710 999 1748 263
1022 1721 1128 1759 seqq.
1150 1714 1312 1744 statuere
1330 1708 1477 1758 placet3
1507 1721 1585 1743 un-

920 1764 967 1801 de
989 1778 1142 1816 quoque
1163 1765 1405 1815 intelligitur,
1429 1777 1496 1801 cur
1507 1765 1585 1800 Pa-

918 1835 1009 1857 nem
1030 1828 1066 1858 et
1085 1822 1196 1858 sacris
1224 1828 1260 1858 et
1281 1821 1483 1870 lampadum
1500 1834 1585 1857 cur-

917 1891 958 1914 su
981 1877 1210 1914 honoratum
1231 1879 1431 1924 voluerint,
1469 1878 1583 1928 quip-

919 1948 968 1985 pe
1005 1934 1123 1971 deum
1143 1935 1308 1971 solarem
1333 1936 1582 1985 igneumque,

920 1992 1019 2027 vitae
1050 1992 1195 2027 semina
1229 1992 1295 2042 qui
1324 1992 1516 2027 contineat
1546 1997 1584 2027 et

920 2061 1009 2084 cum
1041 2045 1273 2084 Prometheo
1315 2054 1581 2098 componatur,

917 2104 1054 2142 Lucida·
1083 2106 1314 2154 cognomine
1344 2105 1582 2154 insignitum.

916 2160 980 2198 Ad
1009 2161 1196 2198 Herodoti
1233 2162 1492 2197 narrationem
1535 2159 1582 2197 de

916 2219 1023 2254 Pane
1044 2218 1146 2255 conf.
1164 2220 1328 2254 Pausan.
1354 2219 1383 2264 I,
1406 2220 1459 2257 28
1482 2218 1518 2262 ξ.
1541 2217 1581 2257 4.

916 2276 1012 2323 V111,
1035 2274 1087 2316 54
1110 2276 1147 2320 ᾧ.
1169 2275 1207 2315 5.
1239 2273 1378 2312 Suidas
1398 2288 1426 2312 s.
1449 2272 1582 2312 v.‘I⁷z-

920 2332 1016 2379 πίας
1046 2333 1095 2368 Τ.
1127 2333 1144 2367 1
1174 2344 1261 2382 pag.
1300 2331 1391 2371 142.
1421 2331 1581 2367 Luc-ian.

919 2390 1032 2425 Diall.
1062 2390 1194 2424 Deorr.
1224 2390 1299 2434 22,
1322 2391 1346 2427 3
1368 2394 1404 2423 et
1423 2387 1486 2424 Bis
1502 2387 1582 2423 Ac—

920 2460 998 2484 cus.
1022 2447 1061 2485 9.
1100 2446 1158 2481 De
1183 2445 1329 2480 Pericle
1349 2445 1471 2480 simile
1489 2442 1582 2495 quid

920 2501 1022 2553 apud
1059 2503 1230 2539 Frontin.
1263 2501 1428 2551 Strateg.
1455 2501 1484 2547 1,
1520 2504 1581 2540 11.

923 2562 988 2600 10.

978 2608 1492 2666 βώσαντα-ἀπαγγεῖλαι]
1524 2611 1583 2646 De

923 2672 1100 2708 orationis
1130 2677 1317 2708 structura
1347 2669 1470 2705 subito
1491 2679 1581 2703 mu-

923 2734 999 2764 tata
1028 2727 1129 2764 conf.
1159 2725 1294 2762 Matth.
1318 2726 1383 2761 Gr.
1406 2725 1471 2760 Gr.
1491 2735 1579 2772 pag.

928 2785 1032 2824 1298
1055 2790 1090 2820 et
1102 2781 1149 2819 de
1161 2783 1283 2818 forma
1292 2777 1475 2830 βώσαντα
1485 2785 1581 2814 11011.

925 2838 974 2876 ad
992 2840 1022 2886 1,
1045 2841 1110 2880 10.
1158 2839 1234 2874 Pro
1255 2835 1374 2876 εὔνου
1395 2836 1517 2871 Koen.
1533 2833 1581 2870 ad

1590 516 1656 542 Pau
1680 517 1795 543 (1111111111
1815 517 1858 543 Γει-

1590 555 1670 582 crus,
1697 550 1842 577 amilium

1588 582 1819 610 Atheniensibus

1588 616 1762 651 pollicetur.
1800 616 1843 643 ob

1588 658 1654 676 eam
1680 659 1802 677 cansam

1587 683 1664 710 Pani
1694 685 1793 710 sanum
1814 692 1859 709 *21-

1587 726 1699 751 craque
1720 718 1843 745 Atheni.
1895 720 1897 725 ’

1587 751 1695 779 dicata.
1894 746 1897 760 ¹
