1897 3340
397 252 482 293 35⁰

798 250 1255 288 HERODOTI

479 357 591 402 ,,ου’δὲ
615 358 745 399 πόδες·
782 357 961 402 κραιπνὸς
985 357 1024 393 δὲ
1047 357 1275 402 μετέρχεται,
1307 356 1425 393 εἰσόκε
1447 358 1572 392 πᾶσαν

481 416 727 461 ,,συμμάρψας
752 414 867 451 ὀλέσει
889 415 1037 460 γενεὴν,
1060 415 1123 450 καὶ
1148 412 1250 449 οἶκον
1274 410 1432 448 ἅπαντα.

480 472 644 519 ,,Ἀνδρὸς
668 472 708 508 δ’
741 471 897 518 εὐόρκου
922 472 1023 517 γενεὴ
1049 471 1272 516 μετόπισθεν
1297 470 1465 515 ἀμείνων.

349 569 575 618 15,,Ταῦτα
614 563 804 615 ἀκούσας
845 563 868 606 ὁ
909 567 1107 614 Γλαῦκος
1146 562 1407 619 συγγνώμην
1437 563 1514 606 τὸν
1543 561 1650 604 θεὸν
1666 569 1708 601 65

400 632 676 688 ,,παραιτέετο
708 631 827 689 αὐτῷ
856 633 992 686 ἰ’σχειν
1020 636 1107 674 τῶν
1140 632 1376 686 ῥηθέντων.
1423 629 1450 685 ἡ
1484 629 1528 673 δὲ
1562 632 1653 672 Πυ-

400 703 503 757 „een
535 700 637 755 ἔφη,
668 699 716 741 τὸ
739 703 998 754 πειρηθῆναι
1019 703 1098 742 τοῦ
1126 701 1256 749 θεοῦ,
1284 698 1356 740 καὶ
1384 697 1433 740 τὸ
1463 702 1654 753 ποιῆσαι,

399 769 523 822 ,λόον
553 766 782 810 δύνασθαι.

848 769 1047 817 Γλαῦκος
1083 766 1162 821 μὲν
1193 765 1244 821 δὴ
1275 764 1655 822 μεταπεμψάμενος

403 837 532 890 „1059
570 834 819 888 Μιλησίους
858 833 1047 885 ξείνους,
1103 832 1308 876 ἀποδιδοῖ
1345 843 1425 888 σφι
1461 831 1513 875 τὰ
1556 832 1654 888 χρή-

351 900 389 933 16
401 913 550 950 ,,ματα.

346 1158 494 1197 iurandi
510 1160 615 1197 velut
630 1164 821 1197 exactorem
843 1166 879 1196 et
893 1172 1000 1210 prae-

343 1215 462 1252 sidem.
509 1212 665 1267 ΓὈρκου
706 1215 866 1267 proinde
907 1221 1000 1264 παῖς

343 1271 485 1323 aliquid
504 1280 698 1323 poster-iun
719 1280 755 1309 et
765 1285 999 1324 consequeus

344 1335 418 1376 est,
438 1329 620 1366 nimirum
641 1326 916 1366 animadversio
939 1329 997 1366 di-

338 1385 453 1432 vina,
495 1398 591 1437 quae
620 1399 690 1423 nec
722 1387 880 1437 opinatis
907 1400 997 1437 per-

342 1441 433 1478 iuris
452 1444 720 1493 superveniens
748 1443 887 1480 fractae
912 1442 1002 1480 fidei

342 1510 483 1548 poenas
503 1500 652 1550 infligit.
690 1498 798 1536 Idem
817 1499 1000 1551 loquendi

342 1567 462 1604 genus
511 1557 550 1591 in
590 1554 810 1606 Epicharmi
860 1557 999 1606 fragm.

342 1610 445 1661 apud
474 1612 595 1649 Clem.
635 1613 747 1649 Alex.
780 1613 922 1650 strom.
946 1614 996 1649 VI

343 1679 431 1717 pag.
454 1667 546 1708 749.
603 1669 653 1705 Et
670 1668 843 1705 Eustath.
863 1670 998 1708 Amor.

343 1725 484 1760 lsmen.
504 1737 543 1774 p.
563 1723 667 1772 426,
695 1726 760 1761 ubi
781 1722 903 1772 αι’δώς
924 1723 998 1778 γαρ

345 1784 438 1825 παῖς
472 1779 635 1832 ἐλέγχων
675 1781 766 1820 ἔστί.
847 1782 1001 1832 Excipit

346 1837 449 1872 enim
490 1835 560 1885 (ut
590 1836 693 1873 idem
716 1838 879 1874 Wessel.
903 1838 1000 1874 bene

345 1890 544 1942 admonet)
567 1900 603 1929 et
615 1895 784 1946 sequitur
793 1892 1002 1944 reprehen-

342 1949 489 1985 sionem
530 1948 665 2000 pudor.
730 1951 805 1987 Cr.
841 1951 1002 1987 conferri

345 2006 426 2042 vult
445 2004 656 2042 Huschke
646 2021 684 2043 ιιι
713 2005 895 2044 Matthiae
926 2008 1002 2043 Mi·

345 2062 447 2098 scell.
474 2061 681 2113 philologg.
704 2078 740 2114 p.
765 2066 832 2104 21.
853 2066 1000 2116 Heyne.

349 2117 398 2154 ad
427 2117 535 2155 Iliad.
557 2120 624 2166 IX,
655 2119 737 2160 498
757 2133 862 2172 seqq.

403 2171 592 2224 κραιπνὸς
621 2172 662 2213 δὲ
701 2174 942 2226 μετέρχεται]
974 2176 1000 2212 i.

350 2242 382 2265 e.
406 2230 507 2266 celere
535 2243 639 2267 cursu
667 2244 756 2280 pone
787 2234 941 2282 seqmtur
970 2244 999 2268 s.

347 2285 517 2323 adcurrit.
575 2287 660 2322 Vox
698 2302 891 2338 κραιπνος
920 2289 1002 2324 Ho-

349 2354 454 2377 mero
485 2343 682 2393 frequens,
734 2342 780 2379 de
815 2344 998 2394 procellis,

347 2399 467 2435 ventis
487 2399 565 2434 aliis
580 2411 729 2435 summa
750 2400 785 2435 vi
802 2407 913 2450 atque
935 2414 999 2434 ‹20-

348 2454 489 2491 leritate
515 2456 729 2503 ruentibus,
761 2469 796 2493 v.
820 2455 998 2506 c.0d)·ss.

348 2511 391 2557 V,
432 2513 525 2552 385.
565 2512 626 2558 Vl,
661 2514 733 2551 171
771 2519 842 2548 etc.
900 2514 998 2548 Hinc

350 2540 462 2616 vulgo
484 2566 653 2604 redditur
673 2568 779 2614 celer,
811 2568 942 2605 vehem(
937 2582 996 2605 ns

405 2619 648 2675 συμμάρψας
696 2620 819 2663 ὀλέσει
861 2639 998 2675 γενεην

347 2677 416 2717 καὶ
440 2675 552 2718 οἷκον
586 2676 772 2728 ἅπαντα]
816 2693 999 2732 συμμαρ-

349 2744 431 2784 ψας
446 2734 501 2784 (id
514 2742 566 2772 est
586 2737 790 2783 convellens,
809 2735 996 2788 conterens)

350 2790 398 2828 ad
433 2793 511 2828 vim
539 2793 643 2829 verbi
673 2788 794 2832 ὀλέσει
824 2793 968 2844 (quod'
962 2807 998 2829 ιιι

350 2849 632 2887 conjunctivum
653 2845 765 2903 ὀλέσῃ
786 2851 924 2887 mutari
944 2851 999 2885 iu-

612 903 702 943 Τοῦ
740 899 786 943 δὲ
825 901 967 943 εἵνεκα
1004 898 1027 943 ὁ
1057 899 1185 956 λόγος
1215 898 1310 951 ὅδε,
1349 895 1382 942 ὦ
1419 899 1712 956 Ἀθηναῖοι,70

400 962 614 1023 ,,ὦρμη’θη
649 968 851 1024 λέγεσθαι
880 966 923 1018 ἐς
963 966 1116 1023 ὑμέας,
1160 965 1384 1023 εἰρήσεται.

1451 967 1654 1010 Γλαύκου

1059 1161 1121 1198 bet
1150 1161 1318 1201 Werfer.
1348 1161 1449 1198 Actt.
1481 1159 1589 1212 phill.
1628 1162 1710 1198 Mo-

1055 1230 1164 1255 nacc.
1188 1219 1205 1254 1
1224 1232 1262 1268 p.
1284 1220 1387 1264 273)
1410 1217 1626 1268 augendam
1641 1217 1711 1255 ad-

1054 1275 1197 1311 iectum
1227 1282 1334 1325 puto.
1404 1275 1513 1311 Conf.
1553 1275 1711 1311 Homer.

1055 1330 1125 1371 Od.
1146 1333 1215 1379 IX,
1239 1333 1334 1372 289.
1355 1333 1449 1372 311.
1471 1329 1566 1371 344.
1595 1332 1639 1368 Il.
1660 1332 1711 1379 X,

1052 1387 1146 1427 467.
1205 1388 1407 1424 Caeterum
1446 1386 1494 1424 ad
1527 1385 1600 1423 hoc
1631 1389 1713 1440 Py-

1055 1442 1157 1480 thiae
1177 1445 1374 1481 oraculum
1403 1445 1603 1495 respiciens
1631 1446 1714 1496 Ly-

1057 1514 1193 1551 curgus
1213 1499 1370 1537 Advers.
1383 1501 1554 1538 Leocrat.
1576 1514 1615 1551 p.
1634 1501 1712 1542 157

1055 1570 1084 1593 s.
1119 1560 1199 1597 206
1221 1558 1334 1609 Tayl.
1366 1557 1428 1608 [p.
1454 1559 1532 1596 192
1552 1555 1711 1606 Reisk.]

1055 1615 1242 1650 maximas
1274 1615 1325 1660 ei,
1358 1615 1422 1665 qui
1450 1613 1714 1650 iusiurandum

1054 1668 1158 1705 hand
1178 1671 1354 1717 servarit,
1386 1681 1526 1720 poenas
1555 1669 1712 1706 luendas

1058 1727 1251 1774 enuntiat,
1281 1727 1450 1778 itemque
1469 1726 1590 1763 multo
1610 1727 1713 1777 prior

1056 1781 1242 1819 Hesiodus
1279 1783 1375 1833 Opp.
1407 1776 1443 1819 et
1483 1783 1583 1819 Dies.
1616 1783 1711 1829 258,

1059 1851 1173 1890 quem
1204 1840 1325 1876 attulit
1347 1836 1524 1875 Larcher.
1544 1860 1599 1865 -—
1634 1839 1712 1875 Pro

1057 1892 1299 1946 μετόπισθεν
1329 1896 1368 1931 ἰιι
1396 1895 1572 1946 proximo
1600 1907 1712 1932 versu

1057 1952 1119 1988 alii
1138 1947 1391 1991 κατόπισθεν.
1415 1974 1465 1979 —
1486 1949 1549 1988 Ad
1568 1966 1712 2002 παραι-

1056 2006 1160 2047 τέετο
1181 2008 1282 2045 conf.
1302 2009 1366 2055 111,
1401 2009 1479 2047 132
1499 2014 1535 2044 et
1555 2008 1600 2055 V,
1619 2009 1686 2048 33.

1113 2061 1154 2102 τὸ
1181 2067 1427 2115 πειρηθῆναι
1447 2085 1503 2092 —-
1525 2059 1612 2103 ἴσον
1639 2059 1713 2103 δύ-

1057 2120 1230 2167 νασθαι]
1278 2122 1352 2156 Pro
1380 2115 1581 2158 δύνασθαι
1610 2119 1712 2171 apud

1059 2177 1178 2212 Clem.
1203 2177 1314 2213 Alex.
1336 2176 1477 2213 Strom.
1499 2177 1549 2213 Vl
1569 2190 1606 2227 p.
1629 2177 1711 2217 719

1057 2231 1256 2284 γενέσθαι.
1287 2234 1335 2269 Et
1355 2232 1402 2269 ad
1421 2234 1542 2283 ipsam
1555 2239 1711 2268 senteu-

1057 2290 1149 2325 tiam
1180 2289 1279 2325 conf.
1309 2289 1429 2325 simile
1456 2289 1651 2325 oraculum
1680 2289 1710 2336 1,

1060 2346 1137 2386 159
1166 2345 1252 2382 coll.
1286 2343 1478 2382 Plutarch.
1506 2346 1564 2381 De
1593 2345 1635 2382 S.
1663 2346 1711 2382 N.

1055 2401 1099 2437 V.
1116 2415 1154 2452 p.
1176 2401 1256 2442 656
1268 2402 1314 2438 D.
1336 2400 1436 2438 Add.
1458 2400 1712 2438 Hoffmeister.

1055 2469 1142 2507 pag.
1160 2457 1228 2498 46.
1287 2459 1343 2494 Ac
1371 2471 1461 2495 sane
1480 2459 1601 2509 quivis
1622 2471 1710 2495 sen-

1056 2515 1140 2561 tiet,
1173 2521 1359 2565 qufflitum
1390 2514 1601 2551 istiusmodi
1622 2527 1710 2552 sen-

1054 2571 1193 2606 tentiae
1207 2569 1254 2606 ad
1266 2572 1411 2608 animos
1425 2569 1610 2608 humanos
1622 2583 1710 2622 per-

1055 2625 1264 2664 movendos
1295 2641 1337 2664 ac
1358 2626 1615 2679 percellendos
1640 2639 1709 2665 va—

1055 2683 1168 2720 leant.

1328 2739 1366 2784 §.
1397 2737 1437 2778 4.

1113 2789 1286 2845 ω’ρμήθη
1329 2793 1539 2847 λέγεσθαι]
1598 2793 1708 2832 conf.

1056 2857 1151 2892 nott,
1174 2851 1220 2887 ad
1241 2852 1306 2898 111,
1330 2851 1397 2892 56.
