1897 3340
421 242 504 282 252
811 243 1277 281 HERODOTI

422 347 667 400 διδάξαντι,
695 348 739 400 ές
759 349 931 403 δάκρυά
960 366 1004 394 τε
1033 351 1155 395 ἔπεσε
1184 352 1233 395 τὸ
1262 352 1463 408 θέητρον,
1493 353 1565 397 καὶ
1594 352 1680 411 ἐζη-

422 415 598 476 μίωσάν
621 432 719 471 μιν,
760 417 818 468 ὥς
849 416 1158 474 ἀναμνήσαντα
1188 419 1334 476 οἰκήϊα
1369 420 1495 472 κακοὶ,
1524 422 1682 478 χιλίῃσι

421 485 660 541 δραχμῇσι·
719 485 791 528 καὶ
841 485 1047 538 ἐπέταξαν
1095 488 1246 543 μηκέτι
1290 488 1455 545 μηδένα
1491 493 1684 544 χρᾶσθαι

416 550 558 608 τούτῳ
585 555 647 608 τῷ
676 549 875 607 δράματι.

504 620 701 675 Μίλητος
736 620 816 675 μέν
853 636 936 663 νυν
964 621 1198 677 Μιλησίων
1231 621 1438 678 ἐρήμωτο.
1496 623 1680 678 Σαμίων
1736 616 1819 660 448
1862 622 1866 661 '-

425 685 472 729 δὲ
501 688 615 730 τοῖσί
642 703 683 729 τι
716 687 862 742 ἔχουσι
890 686 940 730 τὸ
977 688 1057 743 μὲν
1086 687 1129 740 ἐς
1166 689 1272 740 τούς
1301 688 1487 745 Μήδους
1515 689 1562 732 ἐκ
1591 693 1679 733 τῶν
1693 695 1738 730 76

392 757 678 810 Ξστρατηγῶν
700 757 789 797 τῶν
818 754 1040 810 σφετέρων
1067 757 1252 812 ποιηθὲν
1281 755 1486 812 οὐδαμῶς
1513 757 1681 813 ἤρεσκε·

421 819 566 864 ἐδόκεε
605 821 651 864 δὲ
688 820 795 877 μετὰ
831 821 911 878 τήν
946 825 1190 881 ναυμαχίην
1230 822 1385 867 αὐτίκα
1422 824 1681 880 βουλευομέ-

420 898 557 936 νοισι,
587 889 693 943 πρὶν
721 887 751 945 ἤ
779 899 857 946 σφι
885 889 928 941 ἐς
957 889 1036 946 τήν
1063 890 1209 948 χώρην
1242 889 1476 935 ἀπικέσθαι
1501 890 1581 936 τόν
1609 889 1701 934 τύ·-

295 621 390 665 22-

90 683 167 711 Pars
179 684 350 712 Samiorum

88 717 116 744 iu
142 726 189 745 um
204 717 363 746 Persicum

87 751 124 779 ab
148 754 298 787 ostentes,

86 792 154 812 cum
173 773 363 813 Milesiorum

89 818 227 859 profugis
245 820 275 846 111
300 820 347 846 Si-

86 852 188 880 ciliam
213 853 311 881 coloni

87 886 212 922 abeunt,

419 971 586 1012 ραννον
616 953 802 1010 Αἰάκεα,
840 957 883 1010 ἐς
913 955 1116 1015 ἀποικίην
1144 958 1358 1013 ἐκπλέειν,
1395 959 1500 1015 μηδὲ
1529 958 1678 1014 μένον·
1690 965 1735 999 80

359 1162 450 1187 men
469 1151 510 1187 in
529 1152 704 1190 omnibus
724 1152 835 1190 rebus
864 1166 909 1191 eo
928 1166 1016 1205 spe—

359 1208 546 1245 ctantibus
576 1221 620 1246 ac
646 1211 867 1260 praesertim
895 1211 936 1246 iu
957 1210 1016 1246 af·-

356 1263 516 1301 fectibus
545 1265 745 1303 movendis
779 1273 817 1303 et
844 1268 1017 1304 excitan—

359 1318 416 1357 dis
446 1333 468 1356 a
496 1329 609 1372 poeta
629 1324 772 1373 tragico
792 1321 924 1360 haberi
943 1336 1016 1360 vo—

338 1413 341 1417 ,
357 1377 482 1422 luisse,
493 1379 545 1415 ita
565 1385 607 1415 ut
627 1381 693 1430 qui
711 1381 752 1415 in
771 1380 908 1417 talibus
927 1392 1015 1416 mo—

359 1432 452 1470 dum
473 1436 700 1483 excessisset,
722 1436 892 1488 finesque
903 1437 1019 1474 iustos

358 1491 574 1540 migrasset,
603 1493 823 1542 praesertim
840 1505 884 1529 ea
903 1494 942 1530 in
963 1506 1016 1541 re,

358 1559 458 1598 quae
477 1550 637 1584 minime
657 1547 792 1585 decora
814 1556 927 1601 atque
943 1547 1017 1586 ho-

360 1603 517 1640 norifica
528 1611 605 1641 erat
617 1602 910 1642 Atheniensium
921 1606 1016 1642 civi-

358 1660 446 1707 tati,
488 1661 518 1697 is
555 1662 636 1697 iure
663 1660 886 1711 plectendus
925 1663 1014 1712 ipsis

355 1714 558 1754 videretur.
634 1718 712 1754 Nec
754 1717 892 1754 iniuria
930 1719 1013 1754 talis

354 1773 498 1809 mulcta
553 1774 809 1811 memorabilis
863 1773 1015 1812 videtur

355 1828 674 1878 Wachsmuthio,
705 1832 856 1868 Hellen.
885 1831 1014 1868 Alter-

354 1882 526 1924 thumsk.
545 1887 574 1935 Ι,
595 1889 621 1926 2
641 1890 816 1938 pag-30,
844 1888 911 1924 ubi
935 1886 1013 1926 vid.

408 1998 453 2039 ἐκ
472 1995 630 2051 δάκρυά
650 2014 690 2038 τε
712 1997 823 2039 ἔπεσε
843 1997 886 2040 τὸ
916 1997 1010 2051 θέη·

353 2057 473 2108 τρον]
515 2058 613 2093 Hinc
642 2055 744 2107 apud
778 2057 925 2094 Aelian.
960 2058 1009 2093 N.

354 2113 401 2161 A,
421 2112 560 2160 1V‚42‚
579 2113 635 2159 εἰς
658 2109 813 2164 δάκρυα
830 2112 1009 2152 ἐκπεσεῖν

354 2176 511 2207 notante
537 2170 730 2216 Iacobsio,
762 2170 827 2221 qui
857 2168 904 2205 de
937 2168 1009 2206 hac

351 2227 544 2264 locutione
564 2227 653 2263 citat
679 2227 782 2263 Bast.
804 2232 840 2262 et
861 2224 1010 2263 Sohae-

352 2283 422 2322 fer.
443 2282 492 2321 ad
513 2284 670 2333 Gregor.
693 2280 865 2323 Corinth.
885 2295 923 2334 p.
936 2285 1005 2324 63.

570 2407 662 2459 Cap.
674 2407 802 2444 XXII.

410 2509 512 2550 τοῖσί
533 2525 569 2549 τι
589 2507 736 2558 ἔχουσι]
759 2509 834 2545 Pro
855 2522 891 2546 τι
911 2520 1008 2544 unus

352 2566 544 2605 Sancrofti
577 2566 671 2602 liber
717 2579 778 2612 τε,
838 2562 885 2600 de
932 2577 1009 2616 quo

354 2621 573 2673 Schweigh.
607 2622 753 2658 consuli
790 2622 871 2658 vult
910 2622 1008 2658 viros

352 2679 482 2718 doctos
502 2678 550 2716 ad
570 2681 663 2716 Luc.
685 2678 822 2724 XVIII,
845 2679 911 2717 24·
941 2679 1007 2713 In-

352 2736 524 2775 dicantur
552 2734 623 2772 hac
652 2735 816 2772 formula
849 2734 1003 2779 ditiores,

353 2794 554 2844 locupletes,
601 2794 804 2842 optimates,
854 2791 919 2842 qui
952 2792 1005 2843 τῷ

350 2847 463 2904 δήμῳ
482 2864 512 2888 s.
537 2850 633 2901 plebi
662 2854 926 2900 opponuntur,
965 2854 1002 2893 et

1072 1155 1208 1207 quibus
1240 1152 1342 1205 apud
1371 1153 1521 1192 Samios
1542 1148 1735 1206 Γαμόρων

1071 1224 1101 1248 s.
1116 1207 1336 1263 Γεωμόρων
1358 1224 1518 1259 nomen,
1541 1209 1646 1262 quod
1666 1223 1733 1247 ae-

1073 1280 1148 1319 que
1167 1274 1277 1304 sonat
1306 1267 1455 1316 divites,
1476 1279 1734 1317 agrorumpos-

1073 1337 1216 1361 sessores
1236 1323 1332 1374 (vid.
1361 1321 1556 1360 Plutarch.
1588 1325 1624 1359 H
1644 1335 1734 1374 pag.

1072 1383 1153 1421 303
1181 1382 1228 1417 E.
1259 1379 1440 1431 Thucyd.
1471 1380 1570 1427 VIII,
1590 1381 1657 1427 21,
1678 1382 1732 1420 73

1076 1443 1147 1474 etc.
1152 1437 1182 1485 ).
1214 1437 1270 1474 Ac
1290 1438 1438 1488 saepius
1457 1451 1551 1483 τους
1573 1434 1733 1485 ἔχοντας

1075 1490 1158 1543 (ubi
1178 1494 1317 1544 passim
1339 1506 1493 1545 quoque
1515 1491 1661 1529 addunt
1681 1507 1731 1530 τα

1072 1545 1264 1599 κτήματα,
1282 1565 1330 1588 τα
1348 1547 1527 1600 χρήματα
1537 1549 1600 1585 vel
1609 1549 1732 1585 simile

1073 1605 1195 1656 quid)
1218 1605 1292 1643 dici
1313 1606 1450 1653 devites,
1471 1611 1620 1655 praeter
1639 1605 1732 1642 alios

1072 1663 1139 1710 (in
1176 1663 1310 1714 quibus
1341 1661 1419 1700 vida
1457 1674 1579 1698 unum
1608 1661 1732 1710 Berg-

1069 1731 1174 1755 man.
1204 1718 1254 1756 ad
1280 1720 1432 1755 Isocrat.
1458 1719 1649 1767 Areopag.
1669 1730 1730 1767 cp.

1069 1777 1119 1815 21
1150 1771 1190 1825 ‘p-
1222 1774 1303 1815 314
1332 1775 1418 1811 coll.
1448 1775 1528 1814 383
1557 1773 1729 1821 Bensel.)

1070 1829 1117 1867 ad
1131 1829 1170 1868 h.
1184 1832 1210 1869 l.
1231 1830 1360 1868 docuit
1379 1828 1642 1878 Valckenaer„
1664 1830 1731 1881 qui

1069 1885 1110 1924 h.
1121 1888 1146 1926 l.
1159 1888 1271 1924 scribi
1291 1899 1400 1937 posse
1412 1886 1613 1924 arbitratur
1627 1889 1730 1925 τοῖσι

1070 1942 1229 1994 παχέεσι
1260 1942 1328 1993 (de
1349 1956 1424 1995 qua
1434 1955 1529 1981 voce
1542 1941 1620 1981 vid.
1629 1948 1727 1980 nott.

1069 1998 1118 2037 ad
1139 2001 1183 2048 V,
1209 2001 1306 2049 30),
1347 1999 1600 2051 adstipulante
1625 1999 1728 2035 Bor-

1065 2054 1180 2094 heck.
1218 2056 1318 2102 Quin
1337 2058 1455 2107 possis
1475 2057 1590 2093 etiam
1609 2053 1727 2092 eiecta

1064 2113 1201 2150 vocula
1220 2127 1257 2151 τι
1277 2114 1438 2150 scribere
1458 2115 1559 2152 τοῖσι
1581 2110 1727 2162 ἔχουσι,

1065 2176 1108 2206 ut
1128 2170 1278 2206 monuit
1290 2167 1514 2219 Schweigh.
1527 2169 1728 2206 conferens

1067 2238 1164 2277 quae
1202 2238 1223 2261 a
1264 2226 1480 2262 Wetstenio
1493 2254 1503 2272 ‚
1550 2226 1632 2262 aliis
1676 2223 1724 2262 ad

1064 2280 1199 2318 Matth.
1221 2282 1326 2329 XIII,
1351 2284 1402 2322 12
1423 2288 1602 2331 congesta
1622 2287 1724 2318 sunt.

1066 2338 1149 2384 Quo
1166 2345 1301 2375 neutro
1324 2351 1433 2388 opus.
1490 2339 1535 2374 In
1555 2336 1724 2374 iudicem

1063 2395 1288 2443 nominum,
1327 2395 1463 2446 quibus
1492 2392 1594 2444 apud
1616 2400 1723 2431 vete-

1066 2464 1124 2488 res
1145 2452 1308 2488 Graecos
1329 2454 1401 2488 viri
1411 2452 1594 2502 optimates
1603 2450 1724 2500 signi-

1065 2508 1227 2545 ficantur
1239 2538 1248 2556 ,
1278 2505 1371 2554 τούς
1393 2506 1549 2558 ἔχοντας
1563 2508 1646 2544 iure
1660 2519 1723 2543 re-

1065 2566 1151 2601 tulit
1170 2563 1441 2602 VVachsmuth.
1471 2564 1620 2600 Hellen.
1651 2563 1722 2599 Al-

1066 2619 1176 2660 terth.
1193 2623 1222 2669 Ι,
1245 2624 1270 2661 2
1290 2634 1376 2673 pag.
1398 2619 1492 2667 440,
1513 2633 1591 2656 non
1612 2620 1719 2656 aliter

1063 2685 1177 2729 atque
1198 2674 1290 2724 τούς
1306 2676 1534 2723 πλουσίους,
1555 2676 1720 2728 aliasque

1061 2736 1165 2771 istius
1187 2735 1334 2785 generis
1355 2734 1637 2785 appellationes.
1659 2733 1718 2769 De

1062 2792 1206 2843 reliquo
1217 2792 1291 2828 loci
1303 2796 1528 2841 argumento
1551 2789 1615 2827 Cr.
1628 2801 1721 2826 con-

1060 2848 1131 2885 fe1t
1151 2844 1719 2900 Wyttenbach.Aui1nadvenss.
