1897 3340
0 3047 11 3110 ·÷

374 254 459 295 18⁴1
769 250 1234 288 HERODOTI

372 359 423 413 „6
444 359 656 410 Κύψελος,
688 362 889 410 τοιοῦτος
920 358 973 414 δή
1005 375 1070 409 τις
1099 356 1209 411 α’νήρ
1228 357 1413 412 ἐγένετο·
1444 356 1634 416 πολλοὺς

374 427 480 484 »μὲν
492 427 746 480 Κορινθίων
759 427 916 478 ἐδίωξε,
939 423 1127 477 πολλοὺς
1148 427 1191 469 δὲ
1212 425 1441 481 χρημάτων
1463 422 1635 466 ἀπεστέ-

322 501 533 550 22,,ρησε,
566 496 713 550 πολλῷ
744 491 787 536 δ’
819 494 880 537 ἔτι
908 495 1134 545 πλείστους
1161 498 1235 550 τῆς
1263 496 1414 548 ψυχῆς.
1458 490 1635 545 ’Ἀρξαν-

319 653 605 693 Corinthiorum
615 653 765 690 civitate
776 653 976 690 usurum.“

317 714 445 763 Atque
466 709 539 747 hoc
562 710 630 746 erit
658 709 815 749 παίδων
837 723 880 761 γε
905 706 978 758 μὲν

320 764 451 809 ου’κέτι
490 766 679 812 παῖδες.“
756 767 802 801 In
842 765 979 816 quibus

320 823 418 861 mihi
458 835 612 875 quoque
659 820 980 873 acquiescendum

316 880 482 919 videtur.
548 880 682 929 Neque
720 879 823 914 enim
856 878 980 928 placet

321 937 450 974 Corais
470 936 710 972 coniectura:
755 934 912 973 παίδων
937 948 981 985 γε

321 991 412 1044 μὲν
443 985 538 1030 οὖν
559 990 639 1030 ἔτι
660 991 800 1037 παῖδες
831 990 981 1040 „etplus

321 1060 440 1086 encore
459 1047 507 1084 les
527 1046 666 1097 enfants
686 1046 728 1083 de
746 1060 798 1084 ses
815 1046 982 1096 ensants“

322 1117 441 1158 quam
454 1104 590 1155 quibus
603 1103 804 1154 probatam
814 1104 876 1139 ille
889 1116 982 1140 cen-

320 1169 377 1199 set
395 1161 486 1197 locis
505 1159 612 1197 Iliad.
624 1161 712 1206 XX,
735 1163 831 1200 307.
850 1160 984 1209 virgil.

321 1218 421 1255 Aen.
452 1217 518 1264 ΠΙ,
540 1218 607 1257 98.
638 1217 750 1267 Tyrt.
774 1217 883 1266 Eleg.
915 1217 982 1263 111,

325 1277 390 1315 30.
420 1273 518 1310 Plat.
553 1273 675 1324 Epist.
696 1273 767 1309 Vll
796 1273 848 1309 T.
872 1273 927 1308 III
945 1286 985 1323 p.

324 1329 406 1371 334
425 1331 487 1378 D.‚
517 1329 545 1366 ii
573 1330 734 1366 minime
762 1327 838 1366 huc
859 1329 985 1366 facere

323 1385 518 1424 videntur.

352 1469 355 1473 -
379 1439 552 1489 πολλοὺς
571 1437 643 1490 μὲν
655 1464 705 1469 —
722 1439 889 1490 ἐδίωξε]
912 1441 937 1478 ἰ.
951 1455 985 1479 e.

323 1499 452 1536 multos
474 1521 531 1525 —
560 1497 700 1549 expulit
723 1498 829 1542 urbe,
868 1501 983 1545 eiecit,

323 1562 367 1592 ut
386 1556 455 1602 IX,
478 1557 533 1595 77
553 1554 621 1590 fin.
660 1554 787 1605 Atque
801 1552 876 1590 huc
895 1568 985 1604 spe-

323 1617 402 1648 ctat
427 1611 612 1662 Polyaeni
639 1611 803 1646 narratio
832 1611 878 1657 V,
916 1612 983 1657 31,

325 1667 532 1718 Cypselum
566 1666 804 1703 nobilissimis
825 1667 984 1718 quibus-

325 1735 400 1775 que
424 1721 685 1773 (Bacchiadis,
707 1730 749 1759 ut
768 1723 880 1773 puto)
903 1724 983 1758 eie-

326 1781 393 1817 ctis
413 1793 543 1817 secure
564 1778 807 1831 tyrannidem
828 1780 983 1816 obtinu-

325 1836 409 1873 isse.
468 1835 570 1873 Add.
604 1835 741 1872 Suidas
774 1850 804 1872 s.
825 1850 862 1873 v.
896 1838 983 1873 Κυ-

326 1892 504 1941 ψελιδῶν
544 1887 741 1942 ἀνάθημα
781 1892 832 1929 Τ.
869 1893 905 1928 11
944 1905 983 1942 p.

327 1947 424 1989 406.
471 1949 540 1985 Illa
573 1961 728 2000 quoque
759 1955 880 1984 aetate
908 1949 989 1983 De-

328 2012 518 2041 maratum
557 2005 688 2052 illum,
746 2006 852 2041 cuius
891 2005 989 2041 lilius

328 2061 562 2112 Tarquinius
608 2063 871 2098 Romanorum
921 2074 991 2097 rex

328 2117 448 2154 factus
487 2124 560 2165 est,
604 2116 786 2155 Corintho
817 2119 857 2154 in
884 2119 991 2154 Itali-

329 2186 393 2210 am
413 2176 564 2210 cessisse
584 2181 752 2211 narrant.
801 2175 866 2210 Tu
887 2174 989 2210 conf.

330 2231 570 2280 potissimum
590 2231 748 2280 Dionys.
770 2231 892 2267 Halic.
916 2231 988 2273 ΙΙΙ,

331 2284 384 2326 46
411 2299 491 2338 seq.
520 2287 645 2323 strab.
676 2288 708 2323 V
737 2301 774 2337 p.
793 2289 872 2326 336
893 2287 938 2322 B.
958 2300 988 2323 s.

331 2354 418 2392 pag.
450 2345 543 2388 219,
576 2349 612 2379 et
641 2356 737 2393 quae
767 2342 839 2378 alia
867 2343 990 2379 attulit

331 2399 521 2448 Wagner.
551 2400 607 2434 De
638 2398 834 2435 Periandr.
856 2412 942 2449 pag.
965 2398 989 2438 5

331 2461 411 2491 not.
443 2455 510 2496 25.
539 2476 594 2482 -—
651 2454 712 2491 Ad
743 2467 880 2492 vocem
907 2464 991 2504 ψυ-

329 2512 402 2562 χῆς
423 2510 534 2560 (vita)
556 2512 656 2548 cons.
685 2512 751 2559 ΙΙΙ,
776 2514 868 2551 130.

619 2613 655 2657 ᾗ.
678 2614 716 2651 6.

379 2675 594 2728 ’Ἀρξαντος
642 2675 684 2716 δὲ
730 2673 871 2717 τούτου
927 2678 992 2718 ἐπὶ

336 2730 543 2785 τριήκοντα
564 2733 676 2782 ἔτεα]
708 2735 764 2770 De
785 2733 991 2771 chronolo-

335 2791 396 2841 gia
426 2803 560 2840 regum
592 2789 762 2827 Corinthi
791 2793 867 2841 “glt
897 2793 993 2828 Lar-

336 2845 441 2885 cher.
471 2847 570 2884 Tab.
597 2845 730 2884 chron.
761 2861 844 2899 cap.
884 2851 933 2890 18
953 2862 991 2900 p.

1035 653 1116 694 515
1147 667 1227 706 seq.
1257 660 1294 691 et
1338 655 1378 690 in
1407 659 1499 690 nota
1529 649 1577 688 ad
1607 649 1646 688 h.
1667 651 1692 690 Ι.

1034 708 1193 746 Diodori
1229 710 1444 760 fragmento
1487 708 1573 744 libri
1612 708 1696 755 vn,

1039 764 1143 817 quod
1166 765 1214 802 ad
1235 768 1272 811 ξ.
1302 769 1328 806 2
1358 766 1565 811 attulimus,
1595 765 1696 800 bene

1036 821 1212 862 confisus.
1229 822 1351 859 Aleten
1363 823 1426 858 iile
1438 823 1544 872 pouit
1557 821 1696 858 Corin-

1036 877 1092 915 thi
1104 891 1235 928 regem
1249 880 1355 918 1060
1365 891 1399 914 a.
1413 877 1557 924 Chr.n.,
1570 875 1696 927 (1074

1037 947 1072 972 a.
1087 933 1176 971 Chr.
1200 948 1253 981 n.,
1275 935 1304 970 si
1324 935 1570 984 VVagnerum
1588 933 1711 985 sequi.

1036 992 1145 1028 malis
1157 993 1195 1026 in
1211 991 1379 1040 Specim.
1391 987 1697 1040 rerr.Corinth.p.

1038 1050 1092 1087 82
1102 1047 1212 1099 seq.),
1230 1046 1473 1093 Bacchiadas,
1486 1052 1700 1097 postquam

1037 1104 1165 1141 Aletes
1187 1105 1343 1155 eiusque
1370 1115 1601 1140 successores
1631 1114 1700 1152 per

1040 1163 1121 1200 327
1143 1173 1262 1197 annos
1292 1172 1455 1210 regnum
1485 1164 1700 1206 tenuerant,

1039 1229 1168 1253 rerum
1188 1218 1325 1267 potitos
1346 1229 1447 1253 anno
1468 1218 1548 1256 833
1570 1228 1591 1251 a
1610 1213 1700 1252 Chr.

1039 1286 1079 1309 11.
1097 1302 1107 1320 ,
1129 1274 1267 1310 eiectos
1288 1285 1310 1308 a
1331 1272 1476 1323 Cypsela
1496 1284 1597 1308 anno
1619 1273 1700 1312 663

1041 1341 1075 1366 a.
1088 1327 1177 1366 Chr.
1191 1342 1244 1376 n.,
1267 1329 1333 1381 qui
1351 1336 1436 1379 post
1454 1328 1609 1378 triginta
1629 1340 1700 1364 an-

1041 1398 1180 1422 norum
1201 1398 1366 1436 regnum
1386 1386 1466 1436 ipse
1487 1385 1579 1421 obiit
1599 1396 1700 1421 anno

1042 1444 1121 1482 653
1145 1455 1166 1478 a
1186 1441 1300 1479 olm:
1333 1454 1410 1493 quo
1440 1439 1578 1478 eodem
1599 1452 1701 1477 anno

1040 1500 1218 1535 successit
1228 1497 1446 1545 Periander,
1465 1510 1581 1550 quem
1595 1510 1703 1534 mor-

1040 1561 1152 1591 tuum
1194 1555 1301 1605 ponit
1347 1553 1452 1591 idem
1490 1552 1702 1590 Larcherus

1040 1623 1142 1647 anno
1173 1611 1254 1652 563
1293 1623 1328 1647 a.
1351 1609 1441 1647 Chr.
1473 1610 1583 1646 Conf.
1603 1616 1701 1648 nott.

1039 1666 1089 1703 ad
1120 1668 1186 1714 Ill,
1216 1666 1284 1707 48.
1342 1665 1535 1718 Equidem
1566 1667 1701 1702 malim

1039 1736 1129 1760 oum
1152 1723 1194 1760 C.
1215 1723 1260 1760 Ο.
1281 1724 1441 1760 Misslero
1467 1723 1612 1769 facere,
1633 1722 1699 1774 qui

1038 1780 1188 1827 melius,
1215 1780 1363 1830 opinor,
1405 1781 1458 1816 ita
1481 1786 1702 1829 temporum

1039 1837 1202 1873 rationes
1214 1836 1418 1883 constituit,
1439 1836 1612 1888 quamvis
1622 1836 1703 1871 He-

1040 1891 1165 1929 rodoti
1184 1893 1441 1928 narrationem
1467 1891 1514 1928 de
1540 1892 1703 1944 Cypselo

1046 1950 1074 1985 C
1077 1948 1332 2001 ypselidisque
1344 1948 1393 1986 ad
1403 1955 1577 1986 exactam
1591 1947 1706 1985 chro-

1045 2007 1242 2056 nologiam
1273 2005 1403 2042 referri
1432 2018 1542 2056 posse
1577 2011 1706 2055 neget.

1045 2061 1131 2099 Vid.
1166 2063 1358 2111 Aeginen.
1397 2075 1486 2112 pag.
1518 2064 1586 2102 66.
1613 2062 1705 2099 Dor.

1046 2120 1063 2154 Ι
1085 2131 1171 2169 pag.
1187 2119 1264 2158 168
1286 2125 1333 2165 et,
1356 2120 1422 2170 qui
1434 2131 1525 2155 eum
1537 2119 1707 2170 sequitur

1045 2176 1233 2224 VVagner.
1254 2176 1311 2210 De
1323 2174 1518 2211 Periandr.
1539 2187 1626 2225 pag.
1640 2177 1705 2215 11.

1047 2231 1115 2271 24.
1151 2231 1219 2271 25.
1280 2233 1414 2282 ltaque
1454 2232 1606 2281 Cypseli
1644 2244 1706 2267 re—

1046 2300 1167 2337 gnum
1189 2286 1383 2323 exorditur
1403 2288 1449 2323 ab
1466 2289 1619 2338 Olymp.
1640 2289 1707 2334 30,

1047 2346 1070 2382 ὃ
1110 2344 1188 2379 sive
1225 2356 1326 2380 anno
1358 2345 1437 2383 658
1469 2356 1503 2380 a.
1535 2342 1623 2380 Chr.
1652 2356 1706 2390 n.,

1048 2397 1347 2450 (Jypselidaeque
1368 2413 1436 2449 per
1469 2400 1707 2449 septuaginta

1046 2469 1112 2492 sex
1135 2469 1253 2491 annos
1275 2455 1408 2492 additis
1429 2468 1496 2492 sex
1516 2456 1708 2492 mensibus

1048 2512 1251 2561 imperium
1281 2519 1505 2558 tenuerunt,
1546 2513 1707 2548 Perian-

1049 2568 1116 2605 der
1156 2581 1315 2618 regnare
1357 2569 1523 2619 incoepit
1553 2569 1708 2619 Olymp.

1049 2626 1115 2671 38,
1140 2627 1157 2663 1
1180 2639 1209 2661 s.
1233 2627 1313 2665 628
1335 2637 1368 2661 a.
1390 2623 1478 2661 Chr.
1495 2638 1534 2660 n.
1555 2633 1590 2662 et
1617 2626 1709 2661 obiit

1049 2681 1107 2716 01.
1130 2681 1195 2726 48,
1217 2680 1241 2719 4
1272 2694 1301 2717 s.
1323 2680 1405 2721 584
1434 2694 1466 2720 a.
1489 2679 1577 2720 Chr.
1600 2695 1639 2718 n.
1671 2688 1706 2718 et

1049 2735 1289 2773 Schultzium
1309 2738 1338 2774 si
1358 2750 1574 2788 sequamur,
1596 2738 1710 2788 Spec-

1049 2794 1230 2843 Apparat.
1253 2795 1334 2830 crit.
1350 2807 1387 2843 p.
1410 2796 1475 2840 37,
1503 2793 1710 2831 Periander

1050 2851 1127 2886 iani
1160 2862 1262 2886 anno
1297 2850 1376 2890 593
1408 2863 1443 2887 a.
1466 2849 1555 2888 Chr.
1577 2864 1617 2888 u.
1646 2857 1713 2888 aut
