1897 3340
369 219 451 259 114

368 327 436 371 ὑὲ,
487 323 784 378 τετραφύλους
831 323 979 374 ἐόντας
1018 322 1298 377 Ἀθηναίους,

367 393 537 447 ἐποίησε
549 407 558 415 ·

769 216 1225 252 HERODOT1

1346 320 1622 373 δεκαφύλους

606 395 692 433 τῶν
722 390 870 441 Ἴωνος
908 392 1099 438 παίδων,
1139 388 1368 436 Γελέοντος
1406 389 1477 428 καὶ.
1508 388 1623 441 Αἰγι-

369 460 523 512 κόρεος
562 459 632 500 καὶ
659 457 874 514 Ἀργάδεω
905 458 975 501 καὶ
1001 457 1239 511 “Οπλητος,
1270 454 1516 504 ἀπαλλάξας
1545 452 1622 503 τὰς

369 528 636 581 ἐπωνυμίας·
667 525 905 580 ἐπιχωρίων
934 523 978 566 δ’
1009 522 1165 577 ἑτέρων
1193 521 1348 578 ἡρώων
1376 522 1624 575 ἐπωνυμίας

368 594 575 648 ἐξευρών,
611 591 746 644 πάρεξ
768 593 975 640 Αἴαντος·
1015 594 1172 633 τοῦτον
1203 591 1272 641 ὁὲ,
1313 589 1385 632 ἅτε
1425 588 1679 643 datvm-35

313 789 463 825 Platon.
474 784 644 836 Euthyd.
656 797 742 835 pag.
752 782 845 825 344.
864 782 970 819 Idem

316 845 383 882 Cr.
407 843 480 880 huc
501 844 588 879 citat
601 838 968 878 Pseudo-Plutarch.

309 903 369 938 De
388 900 546 950 malign.
567 897 749 934 Herodot.
770 909 857 947 pag.
877 898 971 936 860.

315 979 366 985 ——-
398 955 460 993 Ad
493 955 652 991 verbum
685 954 974 1005 προσεταιρίζε-

315 1018 413 1052 ossac
429 1013 528 1049 conf.
550 1013 613 1047 111.
634 1013 700 1051 70.

371 1064 641 1119 tetpoetpiialovg·
680 1061 818 1112 ἐόντας
852 1060 972 1113 Ἀθη-

317 1126 478 1172 ναίους,
521 1118 771 1173 δεκαφυλους
792 1120 971 1170 ἐποίησε]

315 1182 425 1217 Conf.
447 1180 608 1225 infraV,
630 1181 681 1219 69
703 1185 762 1225 et,
794 1176 973 1229 quiliunc

313 1238 442 1274 locum
453 1237 675 1288 respiciunt,
689 1236 852 1270 Pausan.
864 1233 921 1280 l‚5
938 1234 975 1278 ξ.

317 1295 356 1333 1.
386 1292 518 1330 Schol.
539 1290 692 1329 Aristid.
714 1292 894 1340 pag.110
916 1288 976 1325 ed.

314 1349 522 1386 Frommel.
541 1350 648 1385 Bene
667 1346 886 1383 Aristoteles
898 1346 978 1381 Po-

313 1407 426 1443 litice.
466 1406 543 1452 111,
591 1408 626 1445 1.
666 1404 739 1450 Vl,
778 1405 804 1442 2
854 1403 891 1447 ξ.
927 1404 973 1441 11

314 1460 560 1511 (Schneid.)
601 1459 701 1497 hanc
749 1458 976 1508 reipublicae

316 1519 595 1564 mutationem,
650 1528 748 1567 quae
786 1515 827 1550 in
865 1520 976 1550 aucto

317 1573 521 1626 pliylarum
542 1573 710 1610 consistit
731 1583 904 1616 numero,
928 1569 976 1606 ad

319 1643 364 1667 ea
407 1630 542 1676 refert,
585 1629 722 1681 quibus
766 1627 977 1677 respublica

318 1688 440 1737 magis
470 1685 519 1722 ad
551 1685 734 1736 populare
755 1681 978 1720 detrudatur

318 1743 544 1793 imperium:
586 1742 648 1778 cui
675 1740 815 1778 scilicet
835 1751 978 1775 conve-

318 1801 400 1836 niat
414 1828 423 1846 ,
452 1806 495 1835 ut
514 1798 700 1850 prioribus
722 1797 862 1833 civium
881 1795 979 1831 clas-

320 1856 422 1892 sibus
461 1856 591 1891 solutis
631 1865 763 1891 omnes
803 1852 978 1888 omnium

321 1912 496 1962 gentium
528 1912 628 1947 cives
655 1922 772 1961 quam
810 1909 980 1945 maxime

321 1969 619 2019 permisceantur
647 1979 717 2002 nec
757 1972 836 2001 tam
877 1971 978 2001 arcto

320 2024 473 2061 vinculo
515 2023 654 2073 singuli
698 2034 787 2058 cum
825 2021 980 2070 singulis

325 2080 487 2130 amplius
527 2085 814 2115 connectantur.
883 2079 981 2113 Nam

324 2136 474 2173 videtur
513 2137 644 2187 utique
685 2133 758 2170 hoc
797 2141 982 2184 spectasse

327 2190 553 2237 Clisthenes,
595 2198 637 2227 ut
665 2192 770 2227 omni
800 2191 984 2240 reipubli-

328 2261 393 2285 cae
415 2248 664 2298 descriptione
685 2254 851 2293 mutata,
883 2247 983 2296 opti-

328 2306 488 2341 matium
516 2311 630 2355 atque
659 2304 844 2339 nobilium
873 2310 984 2353 pote-

329 2368 403 2398 stas
434 2361 669 2410 frangeretur
693 2373 735 2396 ac
756 2361 875 2409 magis
900 2372 985 2395 ina—

329 2418 462 2468 gisque
483 2415 785 2460 deminueretur‚
815 2428 859 2452 eo
882 2414 985 2466 quod

331 2475 397 2524 qui
436 2486 502 2524 per
541 2479 703 2524 quatuor
736 2472 853 2508 tribus
894 2473 986 2508 olim

332 2529 518 2566 distributi
543 2535 665 2565 essent
694 2529 859 2574 nobiles,
896 2529 987 2564 viri-

334 2587 402 2623 bus
442 2586 554 2636 igitur
592 2585 712 2633 magis
761 2585 983 2631 coniunctis,

331 2644 408 2679 iam
426 2654 492 2692 per
503 2640 635 2677 decem
645 2641 759 2676 tribus
769 2641 896 2691 sparsi,
908 2643 984 2676 mi-

332 2698 513 2735 noremin
525 2698 686 2749 reliquos
697 2698 795 2733 cives
808 2709 985 2732 omnem-

334 2767 408 2807 que
419 2754 692 2804 rempublicam
710 2766 885 2789 exercere
896 2765 985 2802 pos-

333 2817 418 2848 sent
434 2811 532 2859 vim,
576 2811 695 2861 plebis
714 2821 804 2846 vero
823 2815 985 2860 potestas

1029 784 1268 835 aliquantum
1284 789 1487 832 augeretur
1516 782 1577 818 vel
1597 793 1683 817 ma-

1028 841 1084 890 gis
1113 852 1229 891 quam
1257 852 1277 875 e
1308 839 1458 876 Solonis
1499 839 1682 884 instituto,

1030 897 1095 947 qui
1113 902 1362 946 temperatam
1381 895 1553 931 voluerat
1579 906 1683 929 rem-

1029 953 1222 1003 publicam
1241 959 1277 988 et
1296 953 1478 997 mixtam,
1500 950 1684 986 conveni-

1028 1015 1097 1045 ret.
1154 1008 1377 1045 Adscribere
1397 1009 1501 1043 iuvat
1518 1004 1685 1043 Wacbs-

1028 1063 1168 1101 muthii
1188 1064 1370 1101 iudicium
1392 1063 1439 1099 de
1463 1062 1534 1100 hac
1555 1063 1686 1112 reipu-

1030 1122 1149 1158 blicae
1168 1122 1316 1158 Atticae
1340 1121 1564 1166 mutatione,
1585 1118 1685 1155 Hell.

1032 1176 1311 1214 Alterthumsk.
1349 1178 1378 1223 I,
1410 1179 1429 1215 1
1463 1188 1550 1226 pag·
1577 1177 1683 1215 269:

1033 1234 1260 1280 „Demnach
1280 1235 1325 1270 ist
1344 1230 1450 1269 nicht
1469 1230 1614 1269 sowohl
1625 1230 1687 1267 die

1034 1288 1296 1339 Vermehrung
1312 1289 1378 1326 der
1387 1286 1484 1324 Zahl
1504 1287 1570 1324 der
1578 1286 1687 1337 Phy-

1033 1347 1125 1391 len,
1167 1347 1219 1383 als
1247 1345 1308 1382 die
1341 1343 1578 1393 Aufhebung
1610 1355 1688 1380 von

1032 1404 1252 1450 Instituten,
1294 1401 1355 1438 die
1386 1402 1457 1437 mit
1483 1399 1558 1438 den
1588 1400 1689 1436 alten

1033 1458 1183 1509 Phylen
1211 1456 1440 1508 verkniipft,
1481 1458 1571 1493 aber
1599 1455 1689 1492 dem

1033 1513 1230 1552 Gedeihen
1253 1514 1320 1550 der
1339 1514 1578 1561 Democratie
1600 1511 1690 1548 hin-

1034 1570 1177 1607 derlich
1216 1583 1345 1606 waren
1367 1599 1376 1615 ,
1415 1570 1466 1605 als
1496 1568 1561 1605 das
1587 1570 1690 1605 We-

1031 1626 1213 1664 sentliclie
1243 1640 1318 1663 von
1350 1624 1562 1662 Klisthenes
1582 1625 1690 1661 Aen-

1033 1684 1181 1734 derung
1219 1685 1276 1719 ins
1305 1683 1416 1732 Auge
1447 1694 1496 1717 zu
1526 1681 1689 1718 sassen.“

1032 1739 1136 1777 Add.
1171 1740 1214 1776 C.
1249 1741 1291 1776 F.
1330 1741 1540 1774 Hermann.
1565 1735 1685 1774 Lehr-

1032 1795 1136 1833 buch
1158 1803 1229 1832 etc.
1246 1802 1317 1832 etc.
1339 1796 1376 1840 ᾗ.
1403 1797 1493 1834 111.

1090 1868 1169 1892 των
1177 1846 1691 1898 ’Ἵωνοςπαὶδων-οῗπαλ-

1034 1904 1155 1956 λείξας
1176 1905 1243 1954 τοὶς
1264 1907 1508 1957 ἐπωνυμίας]
1535 1905 1692 1945 ἐπωνυ-

1037 1967 1127 2016 μίας
1155 1965 1250 2002 dixit
1281 1977 1441 2010 ηωηῑηα,
1472 1958 1688 2012 ου’νόμοιτα,

1036 2023 1134 2068 utI,
1168 2021 1231 2061 14.
1264 2021 1309 2068 V,
1342 2020 1407 2061 55.
1441 2020 1520 2067 Vll,
1551 2018 1604 2060 74
1642 2031 1691 2055 ne

1037 2079 1159 2129 plura.
1217 2078 1322 2122 Quae
1352 2089 1442 2112 vero
1469 2077 1508 2112 in
1530 2082 1692 2127 quatuor

1037 2136 1229 2185 primum,
1266 2146 1425 2186 quarum
1446 2133 1603 2169 nomina
1630 2128 1690 2168 ffic

1037 2164 1272 2238 iudicauttir,
1318 2191 1447 2226 locum
1483 2201 1694 2226 successere

1039 2247 1173 2284 decem
1193 2220 1314 2284 nov'ae
1327 2247 1455 2292 tribus,
1473 2257 1604 2281 earum
1618 2256 1694 2281 no-

1038 2305 1142 2340 mina
1173 2317 1260 2339 cum
1288 2310 1409 2339 taceat
1437 2303 1592 2347 Noster,
1632 2299 1694 2337 hic

1041 2360 1250 2396 adscribere
1292 2361 1417 2395 iuvat:
1476 2357 1692 2404 Erechtheis,

1041 2417 1167 2465 Aegeis
1190 2445 1201 2463 ‚
1251 2415 1445 2453 Pandionis
1465 2443 1477 2463 ,
1536 2413 1694 2460 Leontis,

1043 2474 1266 2519 Acamantis,
1322 2472 1466 2517 ommis,
1521 2469 1692 2519 Cecropis,

1043 2529 1336 2580 Hoppothoouto's‚
1375 2528 1520 2564 Aeantis
1555 2532 1592 2562 et
1620 2526 1694 2562 An-

1043 2586 1190 2630 tiocln's‚·
1221 2584 1268 2621 de
1288 2585 1424 2636 quibus
1446 2582 1553 2633 plura
1577 2580 1696 2618 disse-

1041 2643 1114 2678 ruit
1131 2642 1275 2678 Corsini
1294 2643 1333 2676 in
1354 2641 1451 2675 Fast.
1472 2639 1585 2675 Attio.
1608 2639 1651 2674 P.
1664 2638 1695 2674 1.

1040 2699 1205 2734 Dissertt.
1237 2700 1261 2737 3
1293 2710 1330 2746 p.
1358 2695 1430 2735 114
1468 2707 1573 2745 seqq.
1606 2701 1642 2730 et
1670 2691 1697 2732 4

1041 2766 1127 2803 pag.
1143 2752 1218 2794 154
1234 2752 1340 2804 seqq.
1362 2750 1459 2786 Add.
1482 2752 1699 2787 Tittmann.

1041 2808 1192 2846 Griech.
1221 2808 1440 2846 staatsverf.
1475 2820 1563 2858 pag.
1603 2808 1700 2847 302.
