1897 3340
531 157 1008 197 POLYMNIA.
1068 157 1174 195 VII.

196 280 381 325 ,,σχομαι
429 266 520 320 οἷός
565 284 611 311 τε
661 266 773 311 εἶναι
821 264 1063 321 μάχεσθαι,

1373 164 1455 204 591

1127 264 1229 310 οὔτε
1286 269 1431 312 δυοῖσι
1443 284 1453 293 ·

167 336 342 389 4,,ἓκῶν
371 353 414 380 τε
439 335 550 380 εἶναι
581 334 676 380 οὐδ’
704 334 760 378 ἂν
786 332 1146 389 μουνομαχέοιμι.
1203 334 1241 376 εἰ
1279 335 1325 377 δὲ
1355 333 1458 377 οἶνοι-

194 407 353 462 ,,γκαίη
384 407 460 462 εἴη,
493 403 519 458 ἢ
548 404 678 458 μέγας
706 419 770 453 τις
799 400 822 445 ὁ
854 401 1110 456 ἐποτρύνων
1146 399 1279 457 ἀγών,
1310 404 1454 457 μαχοί-
1468 410 1511 443 55

196 490 308 530 ,,μην
351 473 406 517 ἄν
451 471 627 516 πάντων
662 468 820 526 ἥδιστα
848 469 912 513 ἑνὶ
951 469 1120 513 τούτων
1147 473 1238 512 τῶν
1268 467 1458 525 ἀνδρῶν,

196 544 266 593 ,,οἳ
301 538 519 596 Ἑλλήνων
558 536 738 590 ἕκαστός
767 549 876 595 φησι
904 540 1043 593 τριῶν
1073 537 1193 590 ἄξιος
1215 535 1338 582 εἶναι.
1399 537 1460 589 ὥς

194 610 266 661 υδὲ
306 609 376 652 καὶ
414 604 781 660 Λακεδαιμόνιοι,
823 605 934 649 κατὰ
966 606 1047 662 μὲν
1077 606 1154 650 ἕνα
1183 606 1455 662 μαχεόμενοι,

194 676 428 730 ,,ούδαμσ5ν
457 674 537 718 εἰσὶ
566 675 766 724 κακίονες
796 673 993 728 ἀνδρῶν·
1034 673 1153 725 ἁλέες
1183 675 1255 727 δὲ,
1287 674 1459 729 ἄριστοι

164 743 404 796 5,,οἷνδρῶν
435 740 651 785 ἁπάντων.
680 739 934 797 Ἐλεύθεροι
961 741 1045 797 γάρ
1077 741 1232 794 ἐόντες,
1265 741 1320 785 οὐ
1350 740 1457 785 ποίν-

191 827 270 863 ,,τα
299 809 523 864 ἐλεύθεροί
551 811 656 854 εἶσι·
715 809 856 854 ἔπεστι
884 809 969 866 γάρ
1000 819 1080 865 σφι
1108 809 1339 866 δεσπότης,
1377 807 1456 852 ‘vo‘-
1469 813 1514 849 60

189 895 308 934 ,,μος,
341 875 420 921 τόν
459 877 823 933 ὑποδειμαίνουσι
860 880 1007 936 πολλῷ
1037 877 1096 920 ἔτι
1126 881 1314 933 μᾶλλον,
1354 876 1384 933 ἦ
1415 876 1459 919 οἱ

161 946 291 998 6,,σοὶ
321 945 380 989 σέ.
439 948 613 989 ποιεῦσι
641 949 733 1001 γῶν
762 946 816 990 τὰ
847 946 903 990 ἂν
933 945 1098 996 ἐκεῖνος
1127 945 1299 1002 ἀνώγῃ·
1333 942 1456 988 οἰνώ-

187 1029 279 1069 ,,γει
309 1012 522 1057 δὲτῶυτό
555 1014 651 1066 αἰεὶ,
681 1013 765 1058 οὐκ
795 1016 879 1058 ἐῶν
908 1011 1088 1071 φεύγειν
1118 1013 1250 1057 οὐδὲν
1287 1016 1457 1068 πλῆθος

188 1079 468 1138 ,,οἷνθρω’πων
505 1082 552 1126 ἐκ
594 1082 754 1139 μάχης,
792 1080 899 1126 ἀλλὰ
928 1081 1141 1139 μένοντας
1170 1082 1218 1126 ἐν
1245 1086 1298 1140 τῇ
1327 1080 1456 1134 τάξει,

162 1149 485 1206 7,,ἐπικροιτέειν
532 1148 562 1207 ἢ
609 1149 897 1195 ἀπόλλυσθαι.
956 1151 1027 1194 σοὶ
1079 1153 1126 1195 δὲ
1163 1151 1201 1194 εἰ
1241 1151 1511 1208 φαίνομαι65

191 1359 230 1398 οἳ
270 1354 470 1410 Ἑλλήνων
508 1355 665 1407 ἕκαστός
693 1370 794 1410 φησι

132 1418 251 1467 τριῶν
276 1412 387 1463 ἄξιος
416 1412 544 1464 εἶναι]
577 1416 680 1454 Cave
699 1417 795 1453 scri-

133 1472 198 1509 bas
245 1473 347 1521 φασί
393 1485 462 1523 pro
502 1472 615 1523 φησί.
705 1471 794 1511 Vid.

131 1527 267 1566 Matth.
290 1529 356 1566 Gr.
378 1531 444 1569 Gr.
473 1530 510 1575 ξ.
533 1532 613 1569 802
636 1542 674 1579 p.
696 1531 793 1578 602,

132 1587 198 1638 qui
216 1584 321 1622 idem
340 1599 428 1637 pag.
452 1587 557 1626 1228
588 1586 794 1623 consulen-

131 1642 202 1680 dus
222 1641 270 1679 ad
290 1655 402 1680 voces
424 1639 534 1689 ἄξιος
555 1640 793 1693 (quodidem

130 1697 171 1736 h.
193 1700 219 1736 l.
238 1699 340 1738 valet
361 1706 474 1751 atque
497 1694 709 1749 ἀντάξιος)
735 1696 793 1738 εἷ-

132 1771 199 1795 ναι
219 1754 354 1807 et'pag.
379 1754 485 1796 1154
502 1757 539 1801 ξ.
557 1756 636 1797 581
660 1755 708 1792 ad
718 1769 794 1793 VO·-

132 1825 193 1850 ces
214 1809 335 1851 κατοὶ
357 1809 428 1863 μὲν
451 1810 520 1850 ἕνα
540 1807 791 1863 μαχεόμενοι.

129 1867 193 1906 Ad
212 1867 312 1906 hanc
332 1881 422 1907 vero
441 1869 580 1905 Xerxis
598 1869 790 1919 magnilo-

131 1926 328 1977 quentiam
347 1932 434 1976 apte
449 1925 596 1962 confert
605 1924 792 1963 Valcken.

129 1983 339 2019 Pausaniae
365 1983 428 2029 VI,
450 1981 475 2023 5
498 1983 534 2027 ξ.
557 1984 581 2021 3
603 1983 792 2019 narratio-

129 2051 222 2076 nem
271 2037 320 2076 de
360 2037 641 2090 Polydamante
663 2068 674 2087 ‚
724 2040 791 2090 qui

128 2108 227 2133 unus
247 2108 337 2132 cum
355 2096 475 2133 tribus
494 2095 618 2132 Persis
639 2108 688 2132 ex
707 2097 790 2132 lm-

128 2153 349 2190 mortalium
369 2150 526 2191 cohorte
538 2158 683 2190 certans
695 2165 788 2204 pro-

131 2210 262 2248 stravit
277 2209 373 2248 illos.

189 2318 322 2360 ἔπεστι
330 2315 406 2372 γάρ
418 2331 492 2370 σφι
502 2318 707 2372 δεσπότης,
719 2318 790 2362 νό-

133 2377 225 2428 μος]
237 2377 452 2414 Articulum
463 2375 499 2424 ὁ,
515 2390 630 2429 quem
641 2377 789 2416 Sohae-

132 2434 202 2473 ser.
222 2434 309 2471 voci
319 2429 442 2484 νόμος
456 2435 683 2485 praeposuit,
703 2436 791 2472 libri

132 2490 271 2542 scripti,
293 2502 387 2542 quos
405 2496 553 2527 secutus
561 2503 658 2538 sum,
678 2491 794 2541 igno-

132 2553 232 2585 rant.
307 2545 370 2583 Ad
409 2546 531 2597 ipsam
567 2548 795 2584 sententiam

133 2602 209 2643 vid.
231 2609 327 2641 nott.
351 2601 400 2639 ad
417 2603 483 2651 ΠΙ,
503 2605 570 2644 38.
589 2604 671 2650 Vn,
699 2606 794 2644 102.

137 2660 232 2699 209.
281 2659 560 2709 Wesselingius
595 2657 690 2696 haec
721 2658 794 2696 ad-

134 2715 351 2766 scripscrat:
383 2718 634 2766 „Demaratus
649 2710 793 2755 δεσπό-

136 2785 222 2823 την,
243 2771 430 2824 dominum,
441 2772 590 2823 maluit,
601 2772 650 2812 ob
659 2784 791 2825 aspera

849 1359 944 1410 legis
974 1359 1136 1411 imperia
1156 1366 1195 1397 et
1213 1361 1451 1398 sancfionem
1470 1361 1513 1397 in

849 1416 1060 1467 τρέσαντας
1091 1429 1181 1454 sane
1202 1430 1341 1466 acrem,
1361 1418 1429 1454 inf.
1441 1418 1511 1466 IX,

851 1473 903 1514 55
927 1481 963 1511 et
979 1477 1046 1514 71.
1070 1473 1180 1512 conf.
1195 1474 1378 1525 Cragium
1396 1476 1511 1525 Resp.

849 1530 1079 1568 Lacedaem.
1099 1532 1153 1566 III
1172 1544 1260 1581 pag.
1283 1532 1410 1571 3615ι
1465 1532 1512 1568 In

849 1588 1026 1638 proxime
1045 1600 1150 1639 seqq.
1174 1601 1264 1624 cum
1284 1586 1451 1625 dictione
1473 1587 1516 1627 οἵ

849 1643 913 1684 σοὶ
944 1644 1058 1695 (tui)
1088 1657 1256 1696 compar.
1283 1645 1365 1693 VH,
1398 1648 1463 1692 10,
1485 1646 1512 1686 8

849 1700 942 1748 (ubi
976 1701 1018 1741 οἱ
1049 1699 1138 1752 ἐμοὶ
1170 1702 1310 1748 παῖδες
1340 1708 1377 1739 et
1395 1702 1512 1752 paulo

848 1764 933 1808 post
954 1758 995 1798 οἷ
1014 1758 1120 1807 σοι’).
1177 1759 1230 1796 At
1257 1759 1338 1806 VII,
1363 1760 1442 1798 193
1474 1762 1512 1795 et

847 1815 948 1861 VIII,
981 1816 1046 1854 16.
1077 1815 1146 1861 ΙΧ,
1181 1816 1246 1855 68.
1276 1817 1329 1855 99
1352 1813 1394 1854 οἷ
1414 1812 1512 1866 Ξέρ-

849 1871 938 1918 ξεω.
996 1869 1076 1908 Sed
1105 1871 1215 1920 VIII,
1248 1873 1330 1912 102
1368 1870 1411 1910 οἱ
1446 1869 1512 1911 σοὶ

850 1927 1002 1968 δοῦλοι.

904 2035 981 2079 ov’n
999 2037 1078 2079 ε’ὦν
1094 2035 1260 2091 φεύγειν
1277 2034 1399 2079 ου’ὃὲν
1424 2054 1461 2079 κ.
1474 2054 1508 2080 τ.

845 2096 899 2145 λ.]
929 2098 987 2133 De
997 2103 1185 2134 structura
1200 2097 1275 2133 loci
1283 2095 1360 2136 vid.
1371 2095 1511 2134 Matth.

845 2154 912 2190 Gr.
943 2155 1009 2191 Gr.
1037 2155 1075 2199 ξ.
1112 2152 1207 2201 634,
1229 2155 1252 2192 3
1273 2166 1362 2204 pag.
1387 2155 1510 2194 1306.

843 2208 1140 2248 Valckenaerius
1170 2211 1309 2247 similia
1346 2209 1396 2247 ad
1421 2208 1462 2248 h.
1481 2211 1510 2248 l.

845 2267 970 2304 attulit
1013 2279 1063 2303 ex
1092 2268 1199 2304 Isaeo
1228 2279 1317 2317 pag.
1347 2269 1414 2315 80,
1453 2264 1509 2307 44

845 2324 911 2374 [p.
931 2325 1010 2364 261
1034 2325 1108 2373 R.}]
1138 2322 1389 2360 Demosthen.
1418 2335 1509 2373 pag.

848 2378 926 2420 143
946 2381 990 2418 F.
1020 2379 1202 2431 Xenoph.
1233 2381 1385 2419 Hellen.
1416 2380 1449 2417 V
1467 2393 1508 2430 p.

850 2438 946 2483 230,
969 2437 1022 2478 35
1044 2438 1110 2486 [v,
1135 2441 1153 2477 1
1179 2439 1217 2483 ς.
1244 2438 1315 2486 18]
1332 2435 1508 2487 Euripid.

849 2490 1045 2530 Phoeniss.
1068 2496 1174 2535 1223
1196 2494 1282 2531 coll.
1309 2496 1509 2531 Hemster-

848 2546 933 2585 hus.
957 2547 1006 2586 ad
1033 2550 1193 2588 Lucian.
1221 2551 1437 2601 Contempl.
1465 2551 1507 2589 2.

850 2603 926 2652 (Τ.
953 2606 989 2641 11
1007 2618 1046 2656 p.
1069 2609 1150 2647 376
1175 2620 1255 2660 seq.
1281 2607 1420 2658 Rip),
1441 2605 1507 2641 ubi

850 2660 965 2698 etiam
985 2660 1032 2698 de
1049 2663 1276 2702 Latinorum
1295 2676 1367 2700 usu
1394 2663 1434 2698 in
1445 2667 1507 2697 ta·-

847 2716 945 2755 libus
962 2725 1155 2758 monetur.
1208 2722 1274 2759 Tu
1292 2718 1370 2759 vid.
1391 2717 1506 2755 etiam

847 2773 1031 2816 Herodot.
1050 2777 1121 2826 IX,
1145 2779 1183 2818 1.
