1897 3340
456 189 492 224 T
522 189 552 222 ιι
583 187 615 222 R
646 186 676 220 p
708 184 735 220 5
767 185 781 218 1
814 183 843 219 c
874 184 908 218 ιι
941 184 970 217 ο
1003 185 1033 219 Ρ.
1064 185 1108 219 κ).
1171 186 1213 221 v.
1387 190 1463 227 101.

214 295 570 350 ὑπολειφθέντες,
601 291 790 345 ὕστερον
819 291 907 333 ὑπό
928 295 1135 335 Βοιωτῶν
1165 290 1467 346 ἀναχωρέουσι

206 364 249 415 ἒς
278 364 471 418 Ἀθήνας·
503 363 576 404 καί
606 373 684 415 σφι
717 358 790 415 ἱρά
820 360 908 402 ἐστι
931 359 978 401 ἐν
1003 358 1214 415 Ἀθήνῃσι
1244 361 1524 415 ἵδρυμένα,35

204 435 291 474 τῶν
322 428 451 473 οὐδὲν
479 428 584 484 μέτα
613 433 728 471 τοῖσι
757 433 947 472 λοιποῖσι
969 426 1253 482 Ἀθηναίοισι,
1287 427 1395 471 ἄλλα
1425 445 1467 471 τε

204 495 492 554 κεχωρισμένα
521 500 610 539 τῶν
641 496 786 539 ἄλλων
817 498 953 550 ἱρῶν,
985 496 1058 539 καὶ
1089 494 1142 551 δὴ
1176 495 1250 538 καὶ
1276 493 1467 552 Ἀχαιίης

205 565 435 621 Δήμητρος
465 562 565 616 ἱρόν
593 579 636 606 τε
667 565 738 606 καὶ
769 565 909 619 ὄργια.

280 631 337 673 Ἡ
360 632 439 687 μὲν
470 631 522 687 δή
554 631 654 683 ὄψις
689 634 771 673 τοῦ
797 629 1032 686 Ἱππάρχου
1062 630 1288 683 ἐνυπνίου,
1320 633 1392 675 καὶ
1425 633 1467 675 οἱ

204 703 447 755 Γεφυραῖοι
487 698 592 743 ὅθεν
631 697 907 755 ἐγεγόνεσαν,
953 702 1038 742 τῶν
1070 694 1184 755 ἦσαν
1214 701 1258 742 οἱ
1295 697 1521 754 Ἱπποὲρ-ζ)
1478 702 1521 739 40

1525 628 1611 655 occis
1599 637 1630 656 ο
1648 630 1700 664 Hi,
1694 639 1739 666 W
1734 641 1778 658 ιτ

1524 662 1579 689 clu)
1600 664 1639 696 [c.
1649 666 1736 700 ·.'›5.]‚1
1730 665 1797 692 duni

1526 696 1626 731 Hippi.
1622 706 1653 723 is
1676 702 1702 733 t)
1712 707 1755 724 ra
1749 709 1778 725 1

1524 738 1578 756 nus
1599 730 1761 759 Atheniesn
1748 742 1798 759 cs

1523 772 1555 789 as
1561 765 1662 798 petius
1694 770 1794 798 wxat

1522 797 1756 827 Alcmacouidae

58 634 142 678 ⁷62

141 930 181 965 in
203 942 279 981 quo
309 930 468 966 minime
497 927 654 966 haerere
685 928 804 966 debe.-
862 927 1149 981 quodammodo
1188 928 1387 966 referenda
1432 938 1520 968 sunt

139 987 232 1023 bant
251 987 484 1038 interpretes.
523 988 588 1024 Tu
607 986 685 1024 vid.
716 1000 804 1023 mo-
859 984 954 1022 haec
984 985 1163 1023 Achaeae
1197 987 1341 1024 Cereris
1387 999 1518 1025 sacra:

142 1042 191 1079 do
215 1045 244 1089 I,
266 1044 332 1084 56.
860 1042 963 1095 quod
995 1056 1039 1080 eo
1068 1044 1189 1093 magis
1227 1042 1520 1094 respiciendum,

196 1097 528 1147 ὑπολειφθέντες]
551 1098 705 1149 Virgulsz
726 1098 799 1136 hoc

141 1168 163 1192 a
210 1157 454 1208 sequentibus
503 1155 798 1206 seiungendum.

140 1214 239 1249 Nam
269 1227 398 1250 sensus
430 1219 506 1249 est:
551 1213 678 1260 relicti,
714 1215 737 1249 i.
762 1228 795 1250 e.

141 1271 207 1321 qui
226 1271 266 1305 in
285 1270 435 1306 sedibus
457 1270 532 1305 suis
567 1277 796 1318 manserant,

140 1340 212 1362 nec
233 1327 279 1362 ab
300 1327 450 1376 Argivis
481 1333 587 1362 erant
607 1327 727 1362 eiecti.
741 1348 797 1353 ——

141 1383 214 1427 Qui
243 1357 378 1433 pauloo
388 1389 475 1418 ante
504 1389 689 1419 vocantur
718 1382 796 1419 En-

141 1429 289 1486 εΙισίὣε,
329 1451 405 1475 una
426 1452 515 1475 cum
534 1440 602 1489 111)
606 1440 667 1475 riis
688 1452 797 1475 com-

139 1503 401 1532 memorantur
437 1497 512 1540 IX,
558 1494 626 1534 42.
698 1496 796 1531 Hinc

139 1553 343 1588 Pausanias
381 1553 450 1598 IX,
488 1550 512 1591 5
548 1554 584 1598 ᾗ.
616 1553 641 1591 7
669 1552 797 1588 scribit

140 1608 444 1645 Laodamantem
473 1608 519 1643 ab
547 1608 697 1657 Argivis
728 1607 797 1645 de-

138 1667 281 1703 victum
314 1665 361 1702 ad
384 1664 528 1715 Illyrios
558 1665 712 1701 abiisse:
749 1663 797 1701 ad

139 1736 233 1774 quos
247 1721 413 1769 eosdem,
436 1720 572 1758 eodem
584 1728 676 1757 teste
692 1722 797 1757 Pau-

138 1793 232 1817 sana
248 1780 273 1815 l.
294 1779 319 1816 l.
345 1780 381 1824 ξ.
408 1781 442 1825 1,
465 1779 556 1814 olim
575 1779 794 1829 profugerat

139 1835 318 1872 Cadmus.
368 1834 483 1885 Apud
503 1835 673 1870 Plinium
694 1848 793 1886 quo-

138 1905 212 1944 que
231 1894 280 1928 H.
292 1893 412 1939 N.111,
431 1894 478 1931 21
499 1905 527 1927 s.
546 1890 597 1930 25
619 1892 676 1939 (ξ.
696 1892 792 1942 139)

137 1951 235 1986 inter
253 1949 463 1999 Illyricas,D
443 1954 571 1983 <rentes
591 1961 794 1984 recensen—

138 2012 199 2043 tur
242 2005 462 2051 Encheleae3
519 2003 607 2040 add.
659 2003 793 2054 steph.

136 2064 230 2114 Byz.
252 2076 281 2099 5.
301 2075 338 2099 v.
368 2069 403 2098 et
431 2061 602 2111 Scylax'
592 2074 631 2096 m
652 2062 793 2111 Peripl.

138 2120 174 2165 §.
196 2119 249 2159 25
270 2131 358 2169 pag.
375 2121 413 2158 9.
434 2116 554 2154 Huds.
559 2118 645 2165 ,ubi
665 2113 794 2169 Ἐγχε-

137 2179 230 2222 λεῖς.
288 2174 406 2213 Sedes
434 2175 555 2224 gentis
586 2175 794 2211 accuratius

138 2232 294 2270 definire
312 2233 377 2269 vix
395 2232 495 2268 licet.
524 2252 580 2257 —
623 2232 666 2266 In
687 2244 794 2282 seqq.

139 2288 232 2340 μέτα
270 2301 338 2340 p10
369 2286 537 2338 μέτεστι,
575 2294 617 2323 ut
644 2287 689 2335 V,
715 2290 793 2329 106

137 2361 244 2396 παρα
269 2358 337 2396 pro
366 2356 541 2395 παρεστι.
599 2344 664 2380 Tu
693 2343 793 2381 conf.

139 2402 276 2440 Suuve
297 2402 408 2452 Spec.
430 2402 446 2436 I
469 2413 554 2450 pag.
576 2403 643 2440 36.

192 2457 258 2497 καὶ
283 2455 334 2509 δη
359 2455 427 2496 καὶ
453 2453 622 2507 Ἀχαιίης
646 2452 794 2507 Δημη-

142 2528 228 2564 τρος
249 2511 336 2565 ἱρόν
366 2528 404 2552 τε
425 2529 492 2552 και
514 2510 646 2564 οργια]
667 2514 793 2557 Quum

143 2567 406 2607 adiiciantur''
383 2585 509 2620 οργια,
550 2570 676 2605 arcani
697 2568 791 2620 quid

142 2622 198 2661 his
217 2628 327 2664 sacris
347 2626 508 2663 adfuisse
527 2626 721 2676 probabile
737 2632 791 2662 est

142 2679 311 2733 adeoque
329 2683 496 2720 furorem
517 2682 709 2733 quendam
728 2683 790 2717 in—

143 2735 257 2773 dicari
277 2752 430 2786 eorum,
471 2740 537 2791 qui
561 2737 656 2775 haec
686 2750 789 2775 sacra

141 2801 332 2844 peragant.
390 2793 452 2832 Ad
479 2796 656 2846 mysteria
676 2796 789 2846 igitur

858 1101 1042 1151 quoniam
1072 1107 1109 1136 et
1138 1099 1355 1152 Gephyraei
1388 1107 1424 1136 et
1444 1101 1519 1137 Ce-

855 1170 914 1193 res
954 1155 1193 1208 Gephyraea,
1222 1170 1319 1209 quae
1348 1164 1517 1204 vocatur,

854 1212 902 1249 ad
922 1214 1115 1250 Eleusinia
1142 1214 1287 1250 maiora
1313 1215 1517 1264 pertinent,

854 1277 1036 1306 monente
1068 1271 1515 1321 Creuzer.inS)1nbol

852 1327 905 1363 IV
926 1339 1014 1376 pag.
1037 1326 1119 1367 530
1140 1339 1220 1378 seq.
1252 1328 1381 1377 Ipsam
1402 1326 1516 1363 deam

853 1397 882 1419 5.
914 1383 1092 1419 Cererem
1122 1383 1301 1420 Achaeum
1331 1378 1414 1426 dno
1444 1384 1518 1422 τοῦ

855 1435 976 1489 ἅχους
1007 1452 1036 1475 5.
1057 1454 1165 1489 παρα
1188 1437 1229 1478 τὸ
1250 1436 1344 1489 ἄχος
1360 1441 1409 1489 τῆ
1413 1455 1431 1485 ς
1449 1435 1516 1478 λύ-

853 1510 932 1544 πης
950 1502 1128 1532 vocatam
1161 1508 1240 1532 esse
1270 1471 1425 1532 tradulit
1444 1509 1514 1532 ve-

853 1557 951 1588 teres
990 1552 1231 1601 grammatici
1280 1552 1327 1588 ab
1376 1551 1514 1589 eodem

854 1608 1042 1644 Creuzero
1071 1609 1097 1645 l.
1128 1610 1154 1645 l.
1180 1609 1233 1645 IV
1253 1622 1292 1658 p.
1322 1610 1404 1649 280
1426 1609 1512 1646 coll.

852 1678 892 1715 p.
913 1663 965 1704 85
988 1665 1109 1713 allati,
1130 1659 1163 1701 ¹a
1194 1666 1300 1701 luctu
1327 1665 1443 1715 igitur
1464 1665 1513 1702 ob

852 1722 1122 1772 Proserpinam
1156 1729 1305 1772 raptam
1325 1722 1514 1758 multum-

855 1791 929 1829 que
966 1779 1199 1828 quaesitam:
1259 1791 1335 1829 quo
1375 1777 1513 1815 eodem

848 1835 937 1871 facit
957 1835 1062 1871 locus
1082 1833 1218 1886 hjmni
1236 1836 1393 1871 Homer.
1415 1848 1512 1872 vers.

850 1892 932 1931 480
960 1903 1039 1942 seq.
1071 1892 1308 1942 quamquam
1338 1892 1453 1927 etiam
1471 1892 1512 1927 in

849 1945 907 1984 his
940 1946 1043 1983 aliud
1074 1946 1166 1999 quid
1194 1948 1311 1984 latere
1342 1948 1425 1999 quis
1455 1955 1510 1985 est

851 2005 917 2055 qui
938 2001 1083 2054 neget?>
1110 2005 1175 2041 Tu
1195 2003 1272 2042 vid.
1295 2003 1508 2042 Creuzer.

849 2061 875 2097 l.
916 2060 954 2107 l.,
995 2061 1061 2112 qui
1099 2073 1202 2097 nunc
1241 2059 1337 2097 haec
1378 2059 1506 2097 addit:

850 2117 1157 2165 „Grammaticus
1187 2118 1225 2152 in
1256 2115 1426 2153 Bekkeri
1450 2118 1508 2152 A-

849 2172 1017 2210 necdott.
1046 2175 1064 2209 I
1094 2187 1132 2224 p.
1153 2172 1233 2213 473
1256 2180 1291 2210 et
1318 2175 1358 2209 iu
1378 2171 1507 2209 Bach-

849 2230 983 2266 manni
1001 2229 1203 2266 Anecdott.
1224 2231 1242 2264 I
1256 2244 1295 2280 p.
1319 2229 1398 2270 175
1421 2242 1507 2265 am-

850 2287 1074 2336 biguitatem
1094 2287 1258 2323 nominis
1283 2287 1406 2335 arguit
1418 2299 1506 2323 cum

852 2342 964 2380 dicit:
996 2336 1154 2393 Ἀχαία·
1201 2341 1390 2381 ἐπίθετον
1422 2337 1507 2392 Δή-

851 2414 1008 2467 μητρος.
1030 2400 1190 2450 βραχεῖα
1209 2397 1238 2449 ἦ
1257 2413 1406 2448 πρωτη,
1426 2394 1506 2438 οἷπὸ

850 2458 922 2495 τοῦ
943 2453 1062 2506 α’χους
1092 2457 1240 2506 μᾶλλον
1273 2451 1302 2505 ἦ
1329 2451 1411 2493 ἄπο
1432 2456 1506 2494 τοῦ

850 2509 964 2563 ἤχου.
969 2513 991 2530 “
1034 2513 1248 2549 Tittmann.
1285 2509 1429 2559 (Bund.
1464 2510 1501 2547 d.

848 2567 1121 2619 Amphictyon.
1138 2580 1225 2618 pag.
1249 2567 1327 2608 104
1339 2574 1418 2604 not.
1429 2566 1501 2615 22)

848 2623 948 2661 hanc
978 2623 1163 2661 Herodoti
1193 2625 1370 2660 Cererem
1410 2635 1497 2659 cum

848 2695 892 2718 ea
923 2680 1137 2729 contendit,
1177 2693 1275 2732 quae
1311 2680 1497 2729 templum

844 2737 977 2774 habuit
997 2738 1119 2788 Aegii,
1139 2743 1233 2774 teste
1244 2734 1496 2778 Pausan.v11‚

846 2793 898 2836 24
916 2795 953 2840 ξ.
975 2797 1013 2834 2.
