1897 3340
31 375 36 442 l

529 171 1163 212 POLYMNIA.V11.
1403 180 1486 219 599

194 287 280 340 ὗτῇ
312 283 357 327 δὲ
392 283 494 327 πόλι
523 281 657 339 ταύτῃ
688 279 858 335 οὔνομά
890 279 979 322 ἐστι
1019 280 1256 332 Πίστυρος.

1319 282 1488 336 Ταύτας

220 352 300 405 μὲν
334 350 386 408 δή
427 351 503 403 τοὶς
542 351 689 400 πόλις,
728 348 803 398 τὰς
843 348 1207 400 παραθαλασσίας
1236 363 1280 391 τε
1300 349 1372 391 καὶ
1397 348 1485 393 Ἑλ.-

221 421 424 474 ληνίδας,
474 420 516 471 ἐξ
555 415 786 470 εὐωνύμου
811 414 976 484 ,χειρός
1024 414 1228 471 ἀπέργων
1272 415 1542 473 παρεξήϊε.35

218 554 386 599 τοσάδε

217 748 446 801 Πίστυρος]
487 750 544 786 Ita
591 750 815 797 Florentin„

157 808 345 845 Sancrofti
367 808 460 843 liber
486 819 575 843 cum
596 807 714 843 tribus
735 807 814 843 aliis

154 863 266 901 codd.
323 865 366 900 In
401 863 574 900 Mediceo
596 864 746 915 alioque
767 864 816 899 li-

154 922 221 957 bro
250 921 389 971 legitur
419 922 635 971 Πίστιρος,
673 923 710 956 in
734 921 814 957 aliis

155 977 362 1028 Πίσσυρος
383 984 419 1014 et
453 977 644 1029 Πίσυρος.
684 975 814 1014 Thra-

152 1035 233 1071 ciae
263 1036 480 1085 emporium
517 1036 708 1084 Πίστιρον
729 1047 815 1070 me-

153 1098 275 1128 morat
292 1090 509 1142 Stephanus
530 1092 762 1141 Byzantinus
781 1105 812 1128 S.

152 1161 188 1184 v.
210 1160 297 1198 pag.
320 1147 414 1188 640.
458 1147 669 1184 Larcherus
689 1149 814 1198 suspi—

152 1211 259 1241 catur
300 1201 486 1255 Τόπιρις,
522 1217 732 1255 provocans
764 1203 812 1241 ad

150 1262 295 1298 Anton.
325 1262 454 1298 Itiner.
490 1274 526 1311 p.
550 1263 628 1301 321
652 1267 689 1297 et
710 1262 810 1298 Plin.

149 1319 198 1356 H.
221 1319 268 1354 N.
289 1318 351 1365 IV,
377 1321 423 1357 11
451 1316 539 1365 (18)
562 1319 598 1362 §.
619 1317 685 1358 42.
708 1317 809 1354 Add.

148 1376 325 1411 Manuert
344 1375 369 1411 l.
391 1375 416 1410 l.
438 1387 525 1424 pag.
555 1376 632 1413 221
658 1381 694 1411 et
715 1376 811 1412 Gat-

148 1438 260 1468 terer.
290 1429 477 1468 Herodots
509 1428 651 1468 Thrac.
682 1445 720 1481 p.
755 1434 808 1472 63

150 1490 215 1540 qui
248 1486 352 1524 idem
382 1486 511 1538 oppidi
543 1488 658 1524 situm
688 1489 808 1524 incer-

148 1552 232 1581 tum
262 1558 341 1582 esse
381 1543 488 1581 dixit.
546 1543 608 1580 Ad
647 1546 809 1581 verbum

147 1598 332 1654 ἀπέργων
360 1602 399 1637 in
423 1601 499 1637 fine
521 1613 602 1651 cap.
637 1602 738 1638 conf.
759 1603 806 1649 Π,

146 1659 214 1698 99.
241 1659 306 1706 IV,
336 1657 389 1698 55
424 1659 517 1709 ibiq.
547 1659 658 1694 allata
687 1659 718 1703 I,
740 1661 806 1698 72.

149 1713 241 1754 174.
302 1715 374 1750 Ubi
395 1714 441 1750 de
462 1715 605 1762 fluviis,
626 1716 805 1762 maribus,

144 1772 351 1817 montibus,
371 1772 505 1822 quibus
535 1770 725 1822 quaedam
745 1784 808 1807 re—

145 1828 209 1877 gio
239 1828 464 1864 terminatur
493 1841 536 1864 ac
567 1828 707 1874 finitur,
734 1826 807 1864 hoc

147 1884 308 1920 verbum
327 1883 539 1931 adhibetur,
561 1883 665 1936 qnod
678 1885 738 1920 vel
759 1884 806 1921 de

144 1938 363 1977 hominibus
383 1942 470 1991 ipsis
505 1948 729 1991 usurpatum
744 1943 807 1977 in—

146 1999 276 2035 venies
295 1999 375 2045 vll,
397 1998 464 2037 43.
500 2000 590 2038 112.
615 1998 714 2045 VIII,
737 1997 803 2038 35.

372 2121 465 2172 Cap.
487 2120 570 2158 CX.

203 2223 363 2270 Παῖτοι]
385 2224 488 2259 Haec
506 2236 598 2273 gens
617 2229 803 2273 asepten-

145 2279 266 2315 trione
298 2285 334 2314 et
363 2279 559 2316 occidente
578 2278 803 2330 Apsinthio-

146 2348 233 2371 rum
255 2333 321 2381 (de
341 2336 475 2385 quibus
496 2336 544 2372 cf.
559 2337 622 2383 Vl,
639 2335 710 2385 34)
732 2335 803 2372 ha-

150 2392 279 2427 bitavit
320 2390 367 2427 ad
406 2391 600 2439 Hebrum,
650 2400 803 2429 auctore

147 2449 335 2484 i'rIannert.
358 2448 426 2484 Vn
446 2461 483 2497 p.
506 2449 571 2487 39.
620 2449 676 2483 De
698 2449 805 2485 Cico-

147 2505 250 2541 m‘bus
283 2503 359 2540 vid.
388 2504 498 2540 allata
535 2502 583 2540 ad
622 2505 702 2551 VH,
735 2505 803 2543 59.

148 2561 331 2605 Bistones,
361 2560 464 2596 lacus
485 2559 685 2596 Bistonidis
707 2560 805 2607 (VII,

151 2618 246 2665 109)
257 2617 407 2654 accolae
419 2615 522 2667 quod
541 2623 689 2666 postero
711 2628 804 2652 aevo

147 2684 266 2723 aeque
287 2680 400 2725 atque
421 2674 578 2710 Cicones
591 2701 600 2719 ,
623 2673 714 2709 olim
734 2684 804 2709 va-

148 2727 327 2776 lidissimi,
348 2743 426 2766 non
449 2730 610 2779 amplius
629 2740 803 2765 comme-

147 2792 362 2832 morentur,
398 2785 437 2822 id
467 2785 556 2822 inde
576 2785 693 2835 repeti
722 2785 802 2821 vult

56 494 153 539 110
214 486 375 530 ’Ἐθνεα
405 488 450 531 δὲ
473 486 686 540 Θρηίκων,
709 481 761 526 δι’
793 485 855 526 ὠν
875 487 952 540 τῆς
980 483 1124 540 χώρης
1153 482 1261 528 ὁδόν
1283 484 1485 540 ἐποιέετο,
1543 490 1697 521 Thraciae
1717 503 1811 531 roru-

445 558 614 605 Παῖτοι,
646 553 842 606 Κίκονες,
872 553 1105 603 Βίστονες,
1133 556 1343 605 Σαπαῖοι,
1372 557 1483 608 Δερ-

872 748 975 786 idem
1004 750 1193 788 Mannert.
1224 750 1251 787 l.
1272 751 1297 787 1.
1328 749 1454 803 quod,
1489 765 1539 789 ex

874 819 950 858 quo
980 812 1154 857 tempore
1184 808 1318 844 Graeci
1348 815 1384 845 et
1404 809 1537 845 Mace-

873 862 990 899 dones
1022 876 1087 899 ora
1118 861 1307 900 Thraciae
1344 866 1535 902 maritima

870 921 1074 971 potitisint,
1096 918 1309 971 haegentes
1330 921 1534 972 indigenae

870 978 931 1013 vel
972 989 1106 1013 eorum
1135 978 1271 1027 iugum
1308 979 1433 1014 subire
1472 979 1534 1016 vel

870 1032 918 1070 ad
940 1034 1137 1070 interiores
1166 1035 1296 1084 plagas
1306 1036 1371 1071 vix
1392 1036 1529 1085 cogui-

868 1097 925 1126 tas
962 1090 1139 1127 recedere
1186 1098 1340 1127 coactae
1378 1091 1533 1130 fuerint.

872 1146 1011 1197 Sapaei
1043 1154 1173 1197 postea
1204 1161 1359 1199 quoque
1380 1161 1531 1185 memo-

868 1211 999 1239 rantur
1018 1217 1137 1254 prope
1157 1203 1353 1254 Philippos
1367 1205 1415 1241 ad
1427 1207 1532 1241 Pan—

867 1272 1007 1309 gaeum
1028 1267 1201 1297 montem
1218 1259 1450 1309 habitantes,
1482 1260 1532 1298 ad

868 1317 1080 1354 Sintiomm
1118 1318 1286 1368 stirpem,
1325 1325 1369 1354 ut
1407 1319 1532 1369 placet

866 1374 1068 1411 Mannerto
1089 1374 1158 1411 Vll
1184 1388 1221 1424 p.
1244 1374 1310 1420 40,
1332 1377 1530 1425 pertinen-

865 1437 933 1468 tes.
992 1432 1027 1467 A
1048 1432 1240 1468 nonnullis
1267 1430 1385 1467 iidem
1406 1430 1527 1468 habiti

865 1494 975 1535 sunt,
1001 1489 1068 1539 qui
1090 1489 1203 1524 etiam
1225 1488 1304 1524 Saii
1326 1485 1446 1527 Σείϊοι
1466 1489 1529 1524 vel

866 1545 980 1580 etiam
1007 1540 1139 1595 Σάβοι
1159 1545 1406 1582 vocabantur.
1441 1544 1528 1582 vid.

864 1599 1036 1638 Boeckh.
1050 1603 1164 1651 Corp.
1175 1602 1527 1652 Inscriptt.Graecc.
1582 1613 1585 1621 ¹

863 1659 910 1704 Π,
936 1660 954 1697 1
979 1671 1067 1708 pag.
1090 1658 1154 1699 84.
1215 1659 1251 1693 A
1270 1660 1527 1708 septentrione

863 1715 1104 1764 Sapaeorum
1130 1714 1316 1751 habitasse
1347 1714 1526 1752 videntur

863 1770 1035 1818 Dersaez',
1066 1778 1222 1807 notante
1244 1772 1429 1808 Gatterer.
1450 1772 1476 1810 l.
1498 1772 1524 1810 l.

862 1839 951 1877 pag.
973 1830 1038 1874 66,
1061 1829 1126 1878 qui
1147 1826 1248 1863 idem
1265 1840 1351 1878 pag.
1377 1830 1454 1868 103
1484 1828 1527 1863 in

864 1883 1105 1934 Thucydidis
1134 1884 1217 1920 loco
1247 1885 1295 1930 ΙΙ,
1328 1886 1402 1923 101
1420 1913 1429 1930 ,
1458 1884 1525 1920 ubi

863 1939 1015 1977 Dersaei
1033 1947 1219 1977 vocantur
1239 1948 1275 1977 et
1295 1940 1406 1977 Droes
1425 1941 1525 1977 inter

864 1995 1053 2033 Thraciae
1083 2004 1216 2047 gentes
1241 1998 1376 2034 liberas
1398 1996 1525 2048 Odry-

861 2054 910 2090 sis
938 2066 1016 2089 uon
1055 2053 1247 2102 subditas,
1297 2066 1395 2105 quae
1425 2054 1524 2090 ultra

862 2111 1112 2161 Strymonem
1147 2109 1195 2147 ad
1227 2111 1523 2161 septentrionem

860 2167 992 2217 planos
1014 2180 1170 2217 campos
1190 2168 1428 2212 incoluerint,
1452 2179 1521 2217 pro

860 2225 995 2273 Δρῶοι
1005 2225 1228 2274 rescriptum
1239 2223 1523 2274 νυΙῖΔεῤῥαῖοι,

861 2281 925 2331 qui
944 2279 1062 2316 iidem
1090 2281 1164 2317 sint
1193 2287 1307 2332 atque
1338 2279 1523 2317 Herodoti

859 2340 1070 2387 Δερσαῖοις
1100 2338 1152 2373 ita
1179 2344 1222 2374 ut
1243 2351 1264 2374 e
1285 2335 1519 2388 Thucydide

859 2395 1029 2430 eiiciatur
1048 2397 1249 2444 Δερσαῖοι.
1285 2394 1425 2430 Contra
1441 2394 1521 2430 aliis

859 2450 900 2485 in
951 2449 1182 2501 Thucydide
1221 2451 1356 2486 eiicere
1396 2451 1521 2500 placet

861 2503 927 2543 καὶ
948 2509 1096 2554 ΔροΞοι.
1144 2508 1348 2543 Klausenio
1369 2506 1418 2542 ad
1438 2508 1520 2542 He-

862 2567 934 2600 cat.
964 2563 1086 2599 Miles.
1121 2562 1298 2613 fragmm.
1338 2575 1425 2613 pag.
1465 2563 1518 2601 80

860 2621 1048 2666 Δερσαῖοι
1077 2617 1194 2656 iidem
1235 2632 1314 2656 esse
1344 2618 1519 2654 videntur

859 2680 972 2724 atque
991 2670 1171 2723 Δᾶρσιοι,
1194 2689 1287 2727 quos
1308 2680 1417 2710 vocat
1438 2673 1518 2707 He-

858 2736 1006 2767 cataeus
1026 2732 1205 2768 Milesius.
1229 2753 1278 2758 —-
1305 2732 1362 2765 De
1381 2728 1519 2765 Edoni—

858 2786 921 2823 bus
950 2788 1050 2824 conf.
1071 2788 1116 2834 V,
1142 2790 1205 2826 11.

1543 525 1564 552 li
1583 526 1661 553 hunc
1684 532 1811 556 tractum

1539 559 1720 588 accolentes:
1737 563 1812 589 Pae-

1538 591 1581 627 ti,
1601 593 1742 630 Cicones,
1763 596 1812 623 Bi-
