1897 3340
615 187 917 225 ERATO.
977 188 1050 225 vl.
1382 194 1465 235 203

177 303 360 340 ὅσονται
388 302 450 355 τῷ
467 296 698 352 πρήγματι.
731 294 810 352 τήν
831 295 876 339 δὲ
903 297 1084 353 Πυθίην
1110 296 1299 343 κελεύειν
1328 301 1464 356 σφέας

204 365 430 420 ἀμφότερα
458 364 510 407 τά
540 364 694 406 παιδία
725 361 973 420 ἡγήσασθαι
1001 365 1222 421 βασιλέας,
1257 372 1387 424 τιμᾶν
1417 370 1464 412 δὲ

174 435 372 488 ὓμᾶλλον
400 431 478 474 τὸν
504 432 770 486 γεραίτερον.
814 430 894 486 την
921 431 1002 487 μὲν
1032 432 1084 489 δὴ
1118 436 1296 491 Πυθίην
1329 436 1465 479 ταῦτά

199 511 280 554 σφι
308 498 493 541 ἀνελεῖν·
537 503 651 541 τοῖσι
691 497 738 540 δὲ
777 499 1183 554 Λακεδαιμονίοισι,
1220 501 1462 556 ἀπορέουσι

197 564 327 610 οὐδὲν
345 559 484 620 ἧσσον
502 565 614 616 ὅκως
644 564 849 619 ἐξεύρωσι
879 564 1026 610 αὐτῶν
1054 567 1132 610 τόν
1152 570 1460 626 πρεσβύτερον,
1473 577 1518 613 95

193 632 443 677 ὑποθέσθαι
465 631 606 687 ἄνδρα
621 632 900 688 Μεσσήνιον,
921 638 982 690 τῷ
1003 632 1177 690 οὕνομα
1197 634 1308 680 εἶναι
1322 640 1462 681 Πανί-

193 715 291 756 την·
313 699 567 744 ὑποθέσθαι
586 699 632 743 δὲ
652 704 810 744 τοῦτον
820 700 900 745 τόν
918 703 1117 757 Πανίτην
1129 702 1230 746 τάδε
1244 710 1359 748 τοῖσι
1370 709 1456 747 Λα-
1514 721 1592 763 451

190 769 519 823 κεδαιμονίοισι,
540 768 733 824 φυλάξαι
752 769 832 825 τήν
849 769 1122 825 γειναμένην,
1145 768 1353 827 ὁκότερον
1371 776 1461 816 τῶν

191 838 361 880 παίδων
409 836 627 890 πρότερον
673 834 795 879 λούει
845 837 921 878 καὶ
957 838 1124 889 σιτίζει·
1175 838 1249 882 καὶ
1288 839 1343 895 ἢν
1382 841 1461 896 μὲν

188 902 299 947 κατὰ
339 902 392 947 τοὶ
421 903 533 947 αὐτοὶ
564 904 772 959 φαίνηται
803 903 886 945 αιέὶ
915 907 1123 956 ποιεῦσα,
1162 905 1266 958 τούς
1296 907 1341 951 δὲ
1370 912 1459 951 πᾶν

191 969 300 1021 ἕξειν
328 969 438 1013 ὅσον
466 988 507 1014 τι
533 971 607 1015 καὶ
637 973 827 1026 δίζηνται
857 971 930 1014 καὶ
950 972 1131 1016 θέλουσι
1160 973 1367 1029 ἐξευρεῖν
1397 975 1486 1031 ἢυι

189 1038 236 1082 δὲ
270 1043 487 1082 πλανᾶται
526 1038 601 1081 καὶ
650 1038 814 1094 ἐκείνη,

867 1039 1050 1092 ἐναλλάξ
1086 1045 1273 1085 ποιεῦσα
1286 1075 1296 1092 ,
1347 1044 1457 1098 δῆλά

188 1117 268 1161 σφι
298 1106 475 1149 ἔσεσθαι
505 1104 563 1157 ὥς
594 1103 698 1149 οὐδὲ
728 1106 868 1162 ἐκείνη
898 1107 1032 1150 πλέον
1068 1106 1198 1151 οὐδὲν
1227 1108 1342 1153 οἶδε·
1383 1110 1453 1154 ἐπ’

162 1173 333 1230 Ἱᾶλλην
381 1173 426 1217 τέ
473 1185 608 1230 σφεας
655 1174 899 1228 τραπέσθαι
945 1171 1067 1218 ὁδόν.
1133 1174 1351 1220 Ἐνθαῦτα
1402 1177 1457 1234 δή

192 1242 295 1292 τοὺς
334 1241 635 1298 Σπαρτιήτας,
673 1240 784 1284 κατὰ
817 1241 893 1291 τὰς
930 1244 1010 1284 τοῦ
1049 1246 1308 1299 Μεσσηνίου
1348 1243 1455 1288 ὑπο-

191 1306 353 1362 θήκας,
392 1309 667 1365 φυλάξαντας
703 1308 781 1364 τὴν
817 1308 981 1364 μητέρα
1014 1312 1111 1352 ’τῶν
1139 1308 1483 1368 Ἀριστοδήμου5

193 1377 387 1429 παίδων,
427 1380 576 1432 λαβεῖν
604 1376 714 1419 κατὰ
750 1374 802 1418 τὰ
834 1374 945 1419 αὐτὰ
976 1381 1171 1432 τιμῶσαν
1199 1379 1277 1423 τόν
1305 1379 1457 1433 πρότε-

193 1459 275 1498 ρον
304 1444 378 1487 καὶ
408 1446 564 1487 σίτοισι
591 1444 662 1487 καὶ
693 1448 941 1498 λουτροῖσι,
973 1443 1056 1488 οὐκ
1087 1447 1255 1489 εἰδυῖαν
1283 1451 1372 1490 τῶν
1397 1449 1454 1491 εἴ·

163 1516 316 1554 8νεκεν
333 1510 612 1566 ἐφυλάσσετο.
653 1509 867 1567 λαβόντας
887 1510 932 1554 δὲ
962 1511 1012 1554 τὸ
1043 1514 1221 1555 παιδίον
1249 1514 1298 1557 τὸ
1328 1514 1454 1570 τιμώ-

189 1594 324 1634 μενον
354 1579 463 1635 πρὸς
491 1583 567 1634 τῆς
586 1579 858 1635 γειναμένης,
897 1576 957 1628 ὥς
987 1577 1061 1621 ἐὸν
1090 1579 1324 1636 πρότερον,
1363 1580 1451 1636 τρέ-

191 1662 291 1703 φειν
320 1646 366 1690 έν
394 1651 456 1705 τῷ
482 1649 695 1706 δημοσίῳ·
722 1649 797 1693 καί
825 1648 869 1695 οἱ
898 1645 1070 1703 οὕνομα
1098 1650 1281 1706 τεθῆναι
1309 1646 1451 1705 Εὖρυ-
1465 1654 1509 1689 10

132 1827 349 1885 ἀμφότεροι
397 1832 576 1885 γενοίατο
615 1830 791 1882 βασιλέες
846 1828 1012 1872 αὖτὲων.
1061 1833 1119 1870 De
1138 1834 1253 1870 verbo
1274 1830 1508 1872 ὑποθέσθαι

131 1889 294 1927 breviter
327 1889 471 1927 dictum
500 1902 568 1941 pro
599 1888 792 1940 βουλομέ-

130 1959 208 1996 νην
229 1941 478 1999 οἷμφοτέρους
502 1944 690 1998 γενέσθαι
720 1947 790 1997 βα-

131 1999 274 2051 σιλέας,
296 2002 334 2041 εἷ’
349 2019 434 2050 πως
451 2006 568 2042 τοῦτο
582 2003 788 2055 γίγνεσθαι

131 2053 308 2098 δύναιτο.
326 2059 354 2082 “
420 2058 520 2096 Add.
552 2058 719 2096 eundem
747 2061 788 2096 in

132 2115 198 2153 Gr.
223 2116 287 2153 Gr.
303 2128 392 2167 pag.
419 2119 540 2157 1037.
596 2115 659 2152 Ad
678 2117 788 2152 locu-

73 2216 76 2217 7
129 2170 276 2208 tionem
305 2170 348 2211 τό
389 2169 513 2223 κάρτα
543 2172 602 2210 vel
638 2175 788 2210 maxime

131 2227 468 2278 Sclnveigh.affert
485 2231 515 2278 I,
526 2233 592 2269 71.
612 2231 678 2278 ΙΙΙ,
694 2227 786 2270 104.

131 2284 212 2331 Vn,
229 2287 293 2325 16.
307 2307 356 2312 --
379 2285 441 2323 Ad
461 2286 575 2323 verba
595 2281 616 2325 ’ὅ
636 2301 672 2325 τι
688 2281 787 2336 χρή·-

132 2352 268 2380 σονται
326 2344 381 2395 τῷ
435 2338 633 2395 πρήγματι
685 2343 789 2380 conf.

133 2396 178 2444 v,
202 2399 266 2436 12.

188 2455 309 2502 τιμᾶν
338 2449 381 2491 δὲ
401 2454 550 2503 μᾶλλον
568 2450 635 2493 τὸν
653 2453 788 2505 γεραί-

133 2509 271 2559 τερον]
317 2509 361 2544 In
400 2510 552 2546 oraculo
579 2512 787 2559 suspicatur

135 2564 178 2600 C.
199 2565 244 2602 O.
262 2565 410 2604 Mffller.
436 2565 464 2602 l.
489 2565 516 2602 l.
536 2567 554 2601 I
573 2579 612 2615 p.
633 2568 687 2606 90
707 2568 787 2616 pri-

131 2620 245 2657 mitus
256 2620 385 2657 fuisse:
403 2623 551 2671 μᾶλλον
564 2619 605 2660 δὲ
615 2622 788 2672 γεραίτε-

135 2689 206 2722 ρον
229 2675 531 2731 ἕστιργεραίρειν.
544 2699 591 2705 --
609 2679 654 2713 ln
675 2690 782 2728 seqq.

134 2732 284 2786 tepus-ui
297 2732 420 2779 ἡσσον
445 2746 515 2783 pro
545 2732 660 2772 ἕσσον
681 2732 787 2782 (vid.

134 2786 181 2835 V,
201 2788 255 2829 72
274 2787 365 2840 ibiq.
382 2789 498 2839 nott.)
520 2795 557 2826 et
575 2784 707 2829 αὐτῶν
716 2802 786 2840 pro

847 1890 948 1927 conf.
969 1896 1064 1927 nott.
1086 1889 1134 1926 ad
1154 1890 1198 1937 V,
1221 1892 1274 1931 92
1304 1891 1340 1935 §.
1364 1891 1402 1929 6.

902 1943 1051 1992 τοῦςδὲ
1068 1948 1149 1984 πᾶν
1161 1945 1287 1994 ἕξειν]
1319 1945 1380 1982 Ad
1392 1958 1504 1982 usum

846 2003 1005 2040 voculae
1016 2000 1058 2041 δὲ
1071 2003 1172 2040 conf.
1187 2003 1248 2051 VI,
1262 2005 1328 2043 50.
1343 2005 1379 2042 3.
1401 2001 1504 2040 Add.

845 2060 1070 2096 Buttmann.
1098 2061 1260 2096 Excurs.
1289 2058 1337 2095 ad
1356 2060 1504 2095 Demo-

844 2114 967 2153 sthen.
988 2115 1081 2153 mid.
1115 2128 1204 2167 pag.
1228 2115 1306 2156 155
1338 2114 1396 2154 ed.
1426 2129 1501 2154 sec.

842 2171 907 2209 Ad
935 2185 1072 2212 vocem
1101 2169 1265 2220 ἐναλλὰξ
1298 2172 1399 2211 conf.
1435 2173 1502 2221 111,

899 2285 1035 2337 λαβεῖν
1059 2281 1158 2324 nocto}
1181 2279 1304 2323 ταῦτοέ
1331 2299 1368 2322 κ.
1392 2298 1423 2322 τ.
1444 2283 1502 2333 λ.]

843 2343 981 2392 λαβεῖν
1003 2340 1065 2378 hic
1088 2341 1156 2391 (ut
1175 2353 1270 2377 mox
1289 2335 1499 2391 λαβόντας)

842 2399 945 2436 valet
981 2397 1265 2448 deprehendisse,
1311 2398 1500 2444 iuvenisse3

843 2462 886 2492 ut
905 2456 952 2501 Π,
974 2457 1042 2495 89.
1109 2454 1193 2500 Quo
1225 2451 1363 2490 eodem
1390 2465 1502 2506 seusss

842 2505 1163 2563 καταλαμβάνειν
1191 2510 1412 2562 frequenter
1445 2507 1501 2546 di-

843 2569 953 2606 citur.

901 2623 945 2663 εἶν
965 2625 1022 2676 τῷ
1040 2621 1247 2674 δημοσίῳ]
1272 2620 1344 2669 ,,Ῑη
1356 2621 1500 2670 locopu-

845 2678 962 2716 blico“
990 2680 1106 2728 vulgo
1131 2677 1308 2715 reddunt.
1376 2676 1500 2725 Equi-

844 2733 935 2772 dem
952 2735 1106 2782 malim‚
1137 2736 1174 2771 in
1194 2734 1293 2770 domo
1307 2732 1449 2781 pubh'ca
1467 2743 1499 2767 s.

845 2793 958 2838 curia,
987 2796 1116 2843 mente
1136 2788 1362 2827 subaudiens
1383 2781 1499 2838 οἰκή-
