1897 3340
504 185 976 227 POLYMNIA.
1035 186 1133 223 VII.

159 302 182 337 3
195 297 502 349 συνεστεῶτας,
516 295 806 346 ἀπολιπόντας
825 294 1030 349 οἴχεσθαι.
1054 291 1113 344 ὡς
1128 292 1173 336 δὲ
1187 296 1295 339 κατὰ
1316 296 1449 354 Ἰηπυ.
1507 306 1588 348 585

1363 194 1447 234 705

188 366 290 420 γίην
317 365 518 421 γενέσθαι
547 363 784 412 πλώοντας,
813 359 1096 417 ὑπολαβόντα
1130 361 1267 416 σφέας
1298 369 1502 418 mausz-fio

161 436 249 476 4να
284 434 420 490 μέγαν
447 432 665 490 ἐκβαλὲειν
693 429 735 480 ἐς
764 427 844 484 τὴν
871 431 966 484 γῆν.
1015 431 1381 484 συναραχθέντων
1403 433 1448 474 δὲ

188 504 277 544 τῶν
294 504 472 551 πλοίων,
504 498 712 553 οὐδεμίαν
739 495 825 552 γάρ
857 507 936 552 σφι
961 496 1022 540 ἔτι
1051 496 1237 553 κομιδήν
1264 497 1308 548 ἐς
1331 497 1447 553 Κρή-

185 584 266 623 την
296 570 545 623 φαίνεσθαι,
557 564 766 609 ’ἐνθαῦτα
780 562 928 619 Ὑρίην
948 563 1077 608 πόλιν
1098 567 1343 617 κτίσαντας,
1371 581 1448 609 κα-

186 626 385 691 ταμεῖναί
411 651 469 690 τε,
499 634 572 679 καὶ
599 631 922 689 μεταβαλόντας
952 631 1049 675 ἀντὶ
1069 634 1147 688 μὲν
1162 636 1346 690 Κρητῶν
1373 649 1447 689 γε-
1459 639 1503 674 25

186 703 340 748 νέσθαι
366 702 567 761 Ἰήπυγας
596 702 903 752 ΝΙεσσαπίους,
935 697 1032 744 ἀντὶ
1061 701 1107 745 δὲ
1146 698 1259 745 εἶναι
1288 699 1444 758 νησιώ-

128 874 222 911 bum
254 871 511 928 ὑπολαβόντα
541 875 674 924 (cuius
700 876 785 912 loco

126 931 168 967 in
187 931 408 970 Florentino
420 933 612 971 invenitur
633 929 787 971 ἀπολα-

125 983 267 1039 βόντα)
288 990 352 1037 IV,
377 991 468 1030 179.
491 991 591 1037 VIII,
612 990 783 1035 96.118,

126 1044 194 1080 ubi
220 1046 391 1082 similiter
421 1045 469 1082 de
502 1053 617 1083 vento
648 1044 785 1081 dicitur

126 1101 250 1138 subito
271 1102 462 1152 abripiente
486 1115 530 1139 ac
552 1101 738 1152 deferente.

183 1157 515 1209 συναραχθέντων
529 1158 571 1198 δὲ
581 1161 660 1198 τῶν
669 1157 784 1197 πλοί-

127 1214 208 1261 ων]
237 1216 318 1255 scil.
347 1217 403 1266 τῷ
433 1218 615 1266 χειμῶνι,
656 1218 784 1264 tempe-

125 1273 216 1307 state
236 1272 383 1308 navibus
405 1272 535 1309 collisis
548 1302 558 1320 ,
590 1270 783 1321 confractis

125 1327 216 1375 sive,
234 1334 277 1364 ut
304 1327 411 1365 Valla
433 1327 611 1366 dederat:
643 1329 784 1366 lacera-

125 1384 173 1420 tis
189 1384 349 1421 navibus.
409 1385 519 1423 Conf.
540 1387 593 1430 ΙΙ,
616 1387 668 1425 63
687 1384 752 1422 fin.

181 1437 324 1492 ‘Yolnv
346 1436 488 1490 πόλιν]
519 1443 564 1478 In
585 1442 687 1478 urbis
706 1454 780 1478 no-

123 1496 230 1533 mine
278 1497 477 1535 scribendo
514 1498 624 1536 codd.
667 1497 779 1535 valde

123 1552 322 1591 fluctuant.
400 1556 602 1606 Vulgatam
647 1561 779 1592 tenent

123 1608 309 1660 Stephan.
338 1612 434 1662 Byz.
455 1625 485 1649 s.
514 1626 551 1649 v.
573 1625 659 1662 pag.
683 1614 776 1652 729.

121 1667 295 1706 Eustath.
308 1667 355 1704 ad
367 1669 526 1720 DionyS.
540 1671 636 1710 378.
660 1667 778 1719 Apud

121 1723 353 1761 Strabonem
384 1726 416 1762 V
437 1738 524 1776 pag.
547 1728 629 1767 282
645 1738 675 1762 s-
695 1723 774 1766 431

121 1779 227 1831 quod
256 1781 418 1831 legimus
455 1778 628 1832 Ου’ρίαν,
664 1794 779 1817 men-

123 1835 261 1873 dosum
279 1835 423 1874 habent
435 1866 444 1884 ,
465 1839 537 1875 nisi
549 1868 558 1885 ,
589 1844 632 1874 ut
651 1839 780 1875 statuit

120 1892 271 1930 Hoeck.
288 1894 388 1930 Cret.
409 1896 444 1930 ΙΙ
468 1908 507 1944 p.
527 1896 605 1934 383
618 1923 628 1941 ‚
662 1907 779 1945 quam

121 1949 258 1986 Graeci
279 1951 503 2000 appellarint
512 1950 556 1988 H
551 1952 667 2001 yriam
686 1952 777 1999 sive,

120 2013 164 2044 ut
184 2005 286 2057 apud
299 2008 402 2056 alios,
421 2007 592 2057 Hyriam,
605 2007 688 2043 Itali
698 2007 780 2058 pri-

120 2064 174 2100 sci
193 2065 365 2100 vocarint
407 2063 556 2110 Uriam,
588 2065 694 2100 cuius
715 2065 779 2100 in-

124 2120 230 2156 colae
246 2119 394 2157 Urz'tanz'
421 2119 524 2170 apud
550 2121 779 2157 Frontinum

121 2182 159 2212 et
177 2176 315 2225 Hyrim'
333 2176 434 2227 apud
454 2178 636 2214 Plinium.
677 2177 777 2222 Quin

120 2231 319 2282 oppidum,
340 2233 444 2284 quod
462 2247 566 2272 nunc
586 2235 626 2270 in
642 2235 777 2272 veteris

120 2289 264 2339 Hyriae
288 2289 417 2325 locum
445 2297 681 2327 exstructum
709 2298 776 2340 est,

119 2352 279 2382 vocatur
313 2345 415 2382 Oria.
471 2345 557 2387 Vid.
586 2348 778 2390 Mmmert.

120 2402 189 2451 IX,
211 2404 237 2442 2
257 2414 295 2452 p.
318 2403 384 2442 66.
421 2399 490 2439 Cr.
516 2403 678 2439 conferri
697 2405 779 2441 vult

121 2457 279 2496 Comitis
311 2456 357 2494 de
379 2456 584 2507 Stollberg.
609 2459 719 2494 Reise
738 2460 778 2496 in

120 2515 255 2551 Italien
275 2515 360 2551 Vol.
378 2514 432 2549 ΙΙΙ
452 2514 547 2563 epist
569 2516 617 2554 81
642 2527 678 2563 p.
697 2516 778 2554 238

123 2583 204 2622 seq.
224 2584 310 2608 nov.
332 2569 420 2608 edit.
445 2570 542 2621 Opp.
574 2570 779 2614 Quemau-

121 2633 201 2664 tem
220 2639 334 2678 supra
363 2627 474 2663 citavi
503 2624 718 2673 Hoeckius,
746 2627 777 2663 is

122 2683 149 2720 l.
164 2684 190 2721 l.
211 2697 250 2735 p-
285 2683 366 2724 384
394 2683 555 2734 Hyriam
576 2694 596 2718 a
617 2683 777 2719 Creten-

121 2740 223 2777 sibus
244 2740 375 2791 primis
401 2738 595 2776 conditam
617 2752 695 2775 esse
705 2752 777 2775 ne-

121 2802 186 2846 gat
205 2795 465 2847 Herodotique
492 2795 707 2833 testimonio
737 2793 777 2832 id

175 2854 399 2892 Hmtono‘r.
419 2854 486 2889 111.

842 886 965 910 unum
985 874 1101 910 tribui
1119 875 1213 923 vult,
1230 880 1285 920 ut,
1307 887 1396 910 cum
1417 875 1501 926 Hy-

841 931 895 967 ria
915 931 993 967 iam
1012 931 1127 981 longe
1151 938 1239 968 ante
1261 931 1503 968 Cretensium

841 986 1051 1024 adventum
1088 989 1129 1023 in
1169 988 1277 1024 Italia
1317 988 1502 1024 exstiterit

840 1044 1029 1091 omnium,
1051 1057 1145 1096 quas
1165 1045 1342 1095 Messapii
1361 1051 1502 1081 tenue-

840 1101 927 1147 rint,
950 1101 1037 1137 urbs
1054 1102 1329 1152 antiquissima,
1342 1101 1503 1137 Creten-

839 1170 896 1194 ses
918 1164 1049 1207 postea
1069 1158 1121 1194 ibi
1133 1156 1346 1195 consedisse
1356 1163 1501 1199 statua-

838 1226 936 1261 mus,
961 1214 1026 1265 qui
1045 1221 1175 1250 tamen
1197 1227 1286 1251 cum
1315 1214 1417 1250 Italis
1437 1215 1502 1250 iu-

840 1271 930 1307 colis
960 1283 1055 1307 mox
1083 1272 1134 1307 ita
1169 1271 1408 1318 coaluerint,
1458 1277 1500 1308 ut

838 1328 900 1364 vel
919 1327 1158 1364 Cretensium
1178 1340 1322 1364 nomen
1342 1328 1499 1363 interie-

838 1385 896 1421 rit.
955 1385 1014 1420 De
1049 1396 1125 1436 quo
1155 1385 1272 1421 velim
1301 1384 1497 1435 peritiores

836 1439 1020 1477 iudicent.
1078 1440 1275 1477 Herodoto
1307 1447 1436 1477 autem
1456 1441 1498 1477 in
1542 1486 1548 1491 ·

835 1498 973 1535 talibus
998 1497 1219 1534 enarrandis
1241 1510 1286 1534 eo
1306 1498 1499 1533 maiorem

836 1553 1019 1606 equidem
1041 1553 1158 1591 fidem
1179 1553 1400 1591 habendam
1417 1566 1498 1590 esse

835 1624 996 1658 censeo,
1036 1624 1112 1663 quo
1146 1612 1298 1661 propior
1319 1611 1394 1657 kille
1424 1610 1498 1647 fuit

833 1666 892 1705 his
931 1668 1020 1719 ipsis
1059 1668 1151 1705 locis
1164 1697 1175 1716 ‚
1212 1666 1368 1704 Thuriis
1402 1666 1497 1703 dum

836 1725 1146 1762 commorabatur
1162 1753 1172 1771 ‚
1194 1723 1295 1760 unde
1320 1725 1361 1760 in
1382 1721 1496 1761 hasce

834 1782 966 1833 plagas
1004 1782 1194 1832 urbesque
1231 1793 1321 1816 eum
1359 1781 1495 1816 itinera

834 1839 966 1875 fecisse
996 1850 1184 1889 perquam
1213 1836 1255 1873 fit
1283 1837 1495 1888 probabile.

890 1892 1080 1946 γενέσθαι
1099 1889 1293 1944 Ἰήπυγας
1329 1895 1498 1931 Μεσσα-

834 1950 983 1999 πίους]
1013 1951 1139 2001 Vulgo
1171 1951 1289 1987 oratio
1319 1950 1452 2000 incipit
1473 1962 1495 1986 a

834 2020 929 2044 voce
943 2002 1153 2059 Ἰήπυγας,
1171 2006 1233 2044 cui
1254 2004 1359 2059 quod
1383 2005 1495 2042 addi-

834 2069 896 2100 tur
915 2062 954 2104 h.
972 2064 999 2100 l·
1026 2063 1300 2109 Μεσσαπίους,
1322 2061 1361 2099 id
1378 2075 1495 2099 accu-

835 2127 962 2157 ratum
981 2119 1123 2157 indicat
1143 2121 1386 2170 scriptorem3
1403 2131 1497 2155 nam

835 2178 993 2227 Iapygia
1014 2178 1118 2227 regio
1138 2177 1178 2213 in
1200 2183 1273 2213 tres
1297 2175 1412 2226 vulgo
1440 2175 1496 2212 di-

834 2233 975 2270 viditur
985 2241 1108 2284 partes
1113 2246 1301 2285 ,quarum
1318 2245 1374 2279 ea,
1397 2245 1495 2284 quae

835 2289 884 2326 ad
903 2292 1201 2341 septentrionem
1215 2290 1386 2326 maxime
1406 2302 1496 2326 ver-

834 2348 916 2397 git,
959 2347 1127 2385 Dauniae
1165 2345 1298 2383 habuit
1335 2359 1494 2392 nomen,

837 2415 955 2454 quam
986 2404 1110 2455 ipsam
1143 2404 1293 2453 excepit
1327 2402 1495 2440 Peucetia

837 2466 875 2496 et
893 2461 1004 2497 tertia
1025 2473 1110 2510 pars
1132 2459 1180 2497 ad
1202 2461 1388 2497 orientem
1409 2471 1494 2495 ma-

835 2515 942 2551 xime
971 2523 1144 2566 spectans
1175 2516 1383 2565 Messapia,
1430 2526 1494 2550 re-

836 2572 968 2620 giones
989 2573 1216 2609 Tarentinas
1228 2571 1494 2623 peninsulam-

836 2640 911 2677 que
960 2628 1160 2679 Iapygiam
1220 2627 1492 2676 complectens.

831 2682 919 2720 Vid.
957 2685 1148 2722 Manuert.
1188 2686 1256 2730 IX,
1290 2686 1315 2721 2
1345 2695 1431 2731 pag.
1464 2683 1490 2720 2

831 2752 938 2792 seqq.
959 2762 1015 2768 —-
1043 2741 1107 2779 Ad
1126 2742 1241 2779 verba
1263 2732 1351 2776 α’ντὶ
1371 2735 1412 2775 ὸὲ
1435 2732 1492 2774 εἷ-

833 2811 901 2836 ναι
922 2794 1122 2849 νησιώτας
1140 2795 1218 2890 vig
1241 2800 1337 2831 nott.
1359 2791 1407 2830 ad
1427 2793 1491 2840 VI,
