1897 3340
276 506 342 551 16

65 578 193 607 quorum
220 577 292 606 pars

66 604 198 632 navibus
216 603 256 630 ad
274 604 343 639 My-

64 638 152 665 calen
169 637 289 672 adlisis,

64 671 134 698 dum
152 671 306 706 Ephesum

64 705 211 739 tendunt,
231 706 268 732 ab

66 738 210 774 Ephesiis
228 739 273 765 rei

65 771 179 808 ignaris
199 776 288 800 noctu

66 805 253 834 occiduntur.

398 261 484 303 246

801 260 1261 298 HERODOTI

397 367 425 412 ὃ
451 371 541 412 τῶν
570 370 787 425 πολεμίων
817 365 986 418 ἑλόντες
1013 368 1115 419 νέας
1135 368 1309 423 συχνὰς,
1339 367 1556 424 ἀπέβαλον
1575 371 1664 411 τῶν

399 437 621 493 σφετέρων
649 440 762 479 νεῶν
791 435 869 485 τὰς
897 439 1098 487 πλεῦνας.
1156 440 1258 479 Χῖοι
1284 435 1361 491 μὲν
1383 435 1435 491 δὴ
1458 439 1556 493 τῇσι
1574 441 1662 479 λοι·

399 509 507 561 ’πῇσι
528 509 617 548 τῶν
637 507 751 546 νεών
770 501 1072 558 ἀποφεύγουσι
1096 503 1137 554 ἐς
1160 503 1240 558 τὴν
1257 503 1444 546 ἑωυτῶν.
1489 502 1664 546 ’Όσοισι

401 573 448 616 δὲ
477 579 567 616 τῶν
585 572 706 614 Χίων
727 569 938 614 ἀδύνατοι
967 565 1079 626 ἦσαν
1110 572 1156 614 αἱ
1183 570 1274 622 νέες
1292 570 1379 614 ὑπὸ
1410 569 1662 625 τρωμάτων,
1677 577 1719 610 10

399 637 522 698 οὗτοι
555 639 623 690 δὲ,
656 638 715 689 ὥς
744 637 1001 689 ἐδιώκοντο,
1028 639 1418 695 καταφυγγάνουσι
1444 637 1555 693 πρὸς
1582 636 1663 694 τήν

399 706 634 763 Μυκάλην.
692 706 793 757 νέας
821 706 900 762 μὲν
937 704 991 762 δὴ
1024 704 1164 749 αὐτοῦ
1201 705 1338 763 ταύτῃ
1369 706 1662 757 ἐποκείλαντες

399 774 655 822 κατέλιπον,
697 774 743 817 οἱ
771 772 818 816 δὲ
845 776 951 831 πεζῇ
979 772 1232 830 ἐκομίζοντο
1263 773 1337 817 διὰ
1364 777 1439 829 τῆς
1465 771 1661 831 ἠπείρου.

369 841 492 885 Ξέπεὶ
533 842 580 885 δὲ
618 839 828 898 ἐσέβαλον
861 841 905 892 ἐς
940 840 1023 898 τήν
1063 839 1264 898 Ἐφεσίην
1301 841 1580 898 κομιζόμενοι
1619 842 1663 884 οἱ

398 912 523 960 Χῖοι,
575 908 734 960 νυκτός
768 924 814 952 τε
852 906 1057 952 ἀπικέατο
1106 908 1149 960 ἐς
1187 909 1346 966 αὐτὴν,
1387 910 1461 952 καὶ
1499 907 1662 953 ἐόντων
1677 915 1718 950 15

396 980 497 1032 τῇσι
533 977 707 1033 γυναιξὶ
743 975 903 1021 αὐτόθι
928 978 1261 1033 θεσμοφορίων·
1313 977 1508 1020 ἐνθαῦτα
1538 977 1592 1033 δὴ
1618 978 1663 1020 οἱ

394 1042 613 1100 Ἐφέσιοι,
672 1043 774 1088 οὕτε
827 1044 1150 1100 προακηκοότες
1195 1044 1253 1095 ὥς
1301 1043 1384 1101 εἶχε
1427 1044 1524 1099 περὶ
1571 1047 1663 1087 τῶν

397 1113 532 1163 Χίων,
563 1111 730 1165 ἰδόντες
757 1128 804 1156 τε
841 1111 1030 1167 στρατόν
1059 1112 1102 1163 ἐς
1129 1112 1209 1168 τήν
1239 1110 1386 1170 χώρην
1406 1110 1662 1169 ἐσβεβληκό-

397 1195 472 1232 τα,
509 1180 654 1237 πάγχυ
692 1180 828 1236 σφέας
867 1180 1181 1232 καταδόξαντες
1210 1177 1323 1223 εἶναι
1351 1183 1547 1231 κλῶπας,
1587 1179 1717 1223 καὶΞο

338 1395 562 1450 Thucydid.
583 1399 647 1445 VI,
679 1400 772 1446 101,
801 1398 889 1436 ubi:
929 1413 999 1450 μο-

339 1453 489 1501 νωθεὶς
519 1450 598 1506 μετ’
627 1450 774 1506 ὀλίγων
802 1456 884 1494 τῶν
910 1455 1000 1503 ξυν-

340 1507 588 1561 διαβᾶντων,
637 1512 808 1563 itemque
847 1510 999 1563 Ioseph,

339 1568 434 1605 Hist.
457 1568 533 1604 vit.
557 1570 608 1609 18
629 1569 716 1604 coll.
736 1567 921 1605 Abresoh.
951 1567 1000 1604 ad

339 1621 519 1674 Aeschyl.
541 1624 644 1660 Pers.
666 1626 762 1663 736.
796 1623 856 1660 Ad
883 1625 999 1661 verba

340 1677 380 1725 ἐς
397 1675 477 1730 τήν
491 1677 651 1718 ἕωυτῶν
670 1680 772 1716 conf.
783 1679 918 1718 Matth.
931 1682 997 1717 Gr.

339 1735 406 1773 Gr.
419 1748 507 1786 pag.
528 1736 624 1777 571.

559 1836 651 1887 cap.
674 1836 779 1875 XVI.

382 1899 541 1942 ''Oo‘oun
561 1903 603 1944 δὲ
621 1906 702 1943 τῶν
714 1904 826 1943 Χίων
847 1918 883 1943 κ.
897 1919 930 1942 τ.
943 1904 997 1952 L]

338 1960 475 1996 Attulit
495 1958 533 1997 h.
545 1960 570 1999 l.
592 1961 874 1998 werfer.Actt.
888 1959 998 2011 phin.

337 2016 512 2053 Monacc.
540 2018 558 2053 1
573 2024 667 2068 pag.
690 2019 758 2065 93,
791 2017 838 2054 de
859 2030 904 2054 eo
926 2031 998 2054 usu

339 2074 610 2123 particularum
642 2071 715 2124 μὲν
745 2080 781 2110 et
812 2071 855 2112 δὲ
875 2087 997 2125 expo-

339 2142 445 2176 nens,
469 2142 544 2181 qno
559 2143 679 2181 quum
699 2136 860 2181 utraque
881 2131 1001 2180 parti-

338 2185 423 2222 cula
443 2185 483 2220 in
511 2192 672 2238 utraque
693 2187 872 2223 orationis
894 2193 998 2237 parte

342 2248 529 2291 ponatur,
589 2241 750 2279 subinde
789 2249 918 2278 tamen
958 2243 998 2278 in

342 2298 456 2348 priori
477 2300 733 2348 propositione
753 2311 810 2334 res
831 2311 908 2335 nno
926 2297 998 2348 μὲν

339 2354 567 2390 absolvatur.
636 2356 769 2406 Itaque
806 2352 880 2391 hoc
914 2355 998 2391 loco

337 2411 388 2446 ita
409 2408 711 2460 distinguaslicet
721 2412 888 2462 priorem
907 2424 1000 2461 pro-

338 2467 586 2517 positionem:
632 2464 762 2507 ὅσοισι
793 2463 883 2518 μὲν
918 2469 999 2506 τῶν

340 2522 452 2560 Χίων
503 2522 638 2562 λοιπαὶ
676 2517 779 2574 ἦσαν
818 2522 862 2561 αῖ
899 2521 996 2571 νέες,

339 2573 449 2617 οὗτοι
489 2576 580 2630 μὲν
618 2575 910 2631 α’ποφεύγουσι.
940 2601 995 2606 —

338 2635 430 2671 Mox
451 2628 556 2686 ἦσαν
578 2635 665 2672 dedi
687 2649 754 2687 pro
787 2634 890 2674 ἕσαν.
938 2637 994 2672 De

338 2704 432 2727 voce
452 2693 590 2742 τρῶμα
611 2692 689 2730 dixi
721 2691 770 2729 ad
789 2693 834 2739 V,
862 2695 934 2733 121
961 2699 996 2729 et

339 2746 386 2783 de
408 2748 599 2785 locutione
629 2744 757 2788 αὐτοῦ
777 2745 898 2800 ταύτῃ
920 2748 995 2786 vid.

338 2809 432 2842 nott.
456 2803 505 2841 ad
524 2805 587 2853 IV,
610 2806 702 2847 135.
725 2803 823 2844 Add.
846 2805 907 2852 VI,
929 2808 994 2846 30.

337 2860 419 2905 Vll,
442 2863 536 2902 227.

1114 1397 1415 1447 ἐποκείλαντες]
1457 1397 1484 1434 i.
1504 1410 1538 1433 e.
1568 1396 1718 1434 ηαυῶιιο

1056 1455 1107 1493 ad
1142 1455 1228 1492 litus
1266 1455 1385 1491 eiectis
1400 1483 1410 1502 ,
1450 1455 1636 1504 impactis,
1675 1459 1719 1490 ut

1055 1513 1136 1559 VII,
1171 1513 1263 1552 182.
1300 1509 1386 1548 Vid.
1407 1511 1639 1560 Wesseling.
1669 1508 1718 1547 ad

1055 1567 1214 1604 Diodor.
1235 1567 1313 1604 Sic.
1334 1568 1363 1614 I,
1386 1570 1452 1607 31.
1472 1588 1528 1593 —
1556 1568 1717 1618 Inseqq.

1055 1625 1153 1676 πεζῇ
1175 1623 1347 1659 consulto
1368 1621 1518 1659 videtur
1528 1622 1717 1660 addidisse

1055 1681 1213 1725 Noster,
1255 1691 1345 1715 cuin
1374 1679 1535 1715 verbum
1563 1679 1718 1729 κομί-ζε-

1057 1739 1155 1776 σθαι
1176 1735 1224 1772 de
1242 1735 1409 1771 terrestri
1439 1748 1560 1787 aeque
1591 1746 1634 1772 ac
1668 1734 1717 1771 de

1055 1793 1248 1829 maritimo
1297 1793 1432 1828 itinere
1476 1790 1716 1828 adhibeatur.

1058 1848 1170 1886 Cous.
1190 1854 1286 1884 nott.
1309 1847 1357 1884 ad
1376 1847 1512 1895 1‚1185,
1532 1860 1581 1884 ne
1592 1848 1717 1899 plura.

1113 1904 1426 1955 θεσμοφορίων]
1462 1904 1561 1941 Satis
1581 1905 1717 1955 cogni--

1055 1968 1140 1998 tum
1160 1967 1235 2008 est,
1264 1974 1333 2011 per
1352 1973 1485 1997 omnes
1502 1960 1584 1997 fere
1595 1961 1718 1998 Grae-

1055 2019 1135 2056 ciae
1164 2019 1352 2064 civitates,
1381 2018 1528 2054 Ionicus
1548 2029 1720 2068 praeser-

1056 2076 1146 2121 tim,
1194 2071 1504 2124 Thesmophoria
1539 2073 1720 2111 celebrari

1055 2131 1164 2167 solita
1193 2129 1328 2176 fuisse,
1367 2136 1409 2166 ut
1439 2143 1530 2167 sane
1558 2131 1721 2167 minime

1055 2187 1199 2222 mirum
1220 2186 1266 2222 ab
1286 2184 1458 2236 Ephesiis
1470 2199 1636 2238 quoque,
1651 2187 1718 2239 qui

1054 2244 1193 2279 Ionum
1223 2249 1329 2278 eraut
1358 2243 1494 2293 stirpis,
1526 2256 1570 2279 ea
1591 2255 1714 2295 aeque

1057 2299 1239 2335 celebrari
1269 2305 1382 2349 atque
1403 2300 1449 2334 ab
1472 2297 1718 2336 Atheniensi-

1056 2355 1139 2392 bus.
1179 2356 1236 2391 De
1259 2353 1329 2391 hoc
1349 2355 1446 2391 'festo
1468 2356 1575 2405 plura
1595 2356 1718 2392 Creu-

1055 2425 1130 2448 zer.
1153 2412 1289 2462 Symb.
1317 2412 1365 2447 lv
1386 2411 1509 2462 p.441
1535 2424 1615 2463 seq.
1644 2412 1718 2449 At-

1055 2480 1130 2519 que
1160 2469 1236 2503 iam
1263 2469 1449 2504 Meursius
1479 2469 1517 2504 in
1554 2469 1717 2506 Graecia

1055 2525 1185 2560 seriata
1203 2523 1368 2561 iudicem
1384 2523 1606 2561 exhibuerat
1619 2538 1716 2574 gen-

1054 2582 1149 2617 tium
1163 2610 1172 2626 ,
1209 2580 1310 2631 apud
1332 2594 1424 2632 (pias
1445 2579 1717 2632 Thesmopho-

1055 2638 1107 2673 rifi
1129 2638 1317 2674 celebrata
1338 2651 1416 2674 esse
1432 2645 1655 2684 narrantur3
1675 2639 1715 2674 in

1057 2706 1132 2745 quo
1150 2701 1276 2730 tamen
1308 2693 1432 2731 iudice
1460 2701 1497 2730 et
1516 2693 1715 2745 Ephesios,

1054 2749 1101 2786 de
1132 2751 1268 2802 quibus
1298 2749 1513 2787 Herodotus
1550 2750 1589 2789 h.
1621 2751 1647 2787 1.
1677 2757 1712 2787 et

1054 2807 1347 2857 Agrigentinos,
1397 2806 1444 2842 de
1477 2807 1612 2859 quibus
1633 2808 1712 2844 Po-

1054 2864 1179 2913 lyaen.
1200 2864 1244 2909 V,
1271 2866 1304 2908 1,
1331 2867 1344 2903 1
1374 2865 1529 2901 omissos
1550 2875 1711 2901 esseno-
