<?xml version="1.0" encoding="UTF-8"?>
<!DOCTYPE html PUBLIC "-//W3C//DTD XHTML 1.0 Transitional//EN"
    "http://www.w3.org/TR/xhtml1/DTD/xhtml1-transitional.dtd">
<html xmlns="http://www.w3.org/1999/xhtml" xml:lang="en" lang="en">
 <head>
  <title>
</title>
<meta http-equiv="Content-Type" content="text/html;charset=utf-8" />
  <meta name='ocr-system' content='tesseract 3.04.00' />
  <meta name='ocr-capabilities' content='ocr_page ocr_carea ocr_par ocr_line ocrx_word'/>
</head>
<body>
  <div class='ocr_page' id='page_1' title='image "./musaeher03hero_0737.png"; bbox 0 0 1897 3340; ppageno 0'>
   <div class='ocr_carea' id='block_1_1' title="bbox 469 199 1098 240">
    <p class='ocr_par' dir='ltr' id='par_1_1' title="bbox 469 199 1098 240">
     <span class='ocr_line' id='line_1_1' title="bbox 469 199 1098 240; baseline -0.003 -2"><span class='ocrx_word' id='word_1_1' title='bbox 469 199 938 240; x_wconf 86' lang='lat' dir='ltr'><strong>POLYMNIA.</strong></span> <span class='ocrx_word' id='word_1_2' title='bbox 995 199 1098 237; x_wconf 90' lang='lat' dir='ltr'><em>VII.</em></span> 
     </span>
    </p>
   </div>
   <div class='ocr_carea' id='block_1_2' title="bbox 1331 207 1413 247">
    <p class='ocr_par' dir='ltr' id='par_1_2' title="bbox 1331 207 1413 247">
     <span class='ocr_line' id='line_1_2' title="bbox 1331 207 1413 247; baseline 0.012 -1"><span class='ocrx_word' id='word_1_3' title='bbox 1331 207 1413 247; x_wconf 72' lang='lat'><em>723</em></span> 
     </span>
    </p>
   </div>
   <div class='ocr_carea' id='block_1_3' title="bbox 0 307 1467 1041">
    <p class='ocr_par' dir='ltr' id='par_1_3' title="bbox 0 307 1467 634">
     <span class='ocr_line' id='line_1_3' title="bbox 0 307 1467 368; baseline 0.001 -18"><span class='ocrx_word' id='word_1_4' title='bbox 0 320 87 368; x_wconf 75' lang='lat'><em>181</em></span> <span class='ocrx_word' id='word_1_5' title='bbox 157 321 346 360; x_wconf 83' lang='grc' dir='ltr'><em>νοματος</em></span> <span class='ocrx_word' id='word_1_6' title='bbox 374 307 620 364; x_wconf 80' lang='grc' dir='ltr'><em>ἐπαύροιτο.</em></span> <span class='ocrx_word' id='word_1_7' title='bbox 674 308 731 351; x_wconf 94' lang='grc' dir='ltr'><em>Ἡ</em></span> <span class='ocrx_word' id='word_1_8' title='bbox 759 307 805 351; x_wconf 80' lang='grc' dir='ltr'><em>δὲ</em></span> <span class='ocrx_word' id='word_1_9' title='bbox 836 308 1049 363; x_wconf 78' lang='grc' dir='ltr'><em>Αἰγιναίη,</em></span> <span class='ocrx_word' id='word_1_10' title='bbox 1081 308 1157 362; x_wconf 80' lang='grc' dir='ltr'><em>τῆς</em></span> <span class='ocrx_word' id='word_1_11' title='bbox 1191 307 1467 368; x_wconf 58' lang='lat' dir='ltr'><em>{vetum-80</em></span> 
     </span>
     <span class='ocr_line' id='line_1_4' title="bbox 154 372 1410 433; baseline 0.003 -16"><span class='ocrx_word' id='word_1_12' title='bbox 154 390 221 430; x_wconf 82' lang='grc' dir='ltr'><em>χεε</em></span> <span class='ocrx_word' id='word_1_13' title='bbox 247 372 493 433; x_wconf 78' lang='grc' dir='ltr'><strong><em>Ἀσωνίδης,</em></strong></span> <span class='ocrx_word' id='word_1_14' title='bbox 523 378 596 426; x_wconf 79' lang='grc' dir='ltr'><em>καί</em></span> <span class='ocrx_word' id='word_1_15' title='bbox 621 375 719 419; x_wconf 81' lang='grc' dir='ltr'><em>τινά</em></span> <span class='ocrx_word' id='word_1_16' title='bbox 749 386 827 430; x_wconf 85' lang='grc' dir='ltr'><em>σφι</em></span> <span class='ocrx_word' id='word_1_17' title='bbox 856 375 1057 431; x_wconf 79' lang='grc' dir='ltr'><em>θόρυβον</em></span> <span class='ocrx_word' id='word_1_18' title='bbox 1085 373 1283 431; x_wconf 80' lang='grc' dir='ltr'><em>παρέσχε,</em></span> <span class='ocrx_word' id='word_1_19' title='bbox 1314 382 1410 421; x_wconf 90' lang='grc' dir='ltr'><em>Πυ-</em></span> 
     </span>
     <span class='ocr_line' id='line_1_5' title="bbox 152 441 1410 500; baseline 0.005 -17"><span class='ocrx_word' id='word_1_20' title='bbox 152 442 242 484; x_wconf 82' lang='grc' dir='ltr'><em>θέω</em></span> <span class='ocrx_word' id='word_1_21' title='bbox 272 447 353 486; x_wconf 87' lang='grc' dir='ltr'><em>τοῦ</em></span> <span class='ocrx_word' id='word_1_22' title='bbox 380 443 591 500; x_wconf 77' lang='grc' dir='ltr'><em>Ἰσχενόου</em></span> <span class='ocrx_word' id='word_1_23' title='bbox 627 441 982 499; x_wconf 80' lang='grc' dir='ltr'><em>ἐπιβατεύοντος,</em></span> <span class='ocrx_word' id='word_1_24' title='bbox 1037 441 1198 497; x_wconf 75' lang='grc' dir='ltr'><em>ἀνδρὸς</em></span> <span class='ocrx_word' id='word_1_25' title='bbox 1229 442 1410 499; x_wconf 76' lang='grc' dir='ltr'><em>ἀρίστου</em></span> 
     </span>
     <span class='ocr_line' id='line_1_6' title="bbox 150 508 1412 568; baseline 0.003 -16"><span class='ocrx_word' id='word_1_26' title='bbox 150 513 388 565; x_wconf 77' lang='grc' dir='ltr'><em>γενομένου</em></span> <span class='ocrx_word' id='word_1_27' title='bbox 429 512 590 567; x_wconf 84' lang='grc' dir='ltr'><em>ταύτην</em></span> <span class='ocrx_word' id='word_1_28' title='bbox 627 511 706 567; x_wconf 87' lang='grc' dir='ltr'><em>τὴν</em></span> <span class='ocrx_word' id='word_1_29' title='bbox 749 510 932 567; x_wconf 75' lang='grc' dir='ltr'><em>ἡμέρην·</em></span> <span class='ocrx_word' id='word_1_30' title='bbox 985 509 1038 562; x_wconf 78' lang='grc' dir='ltr'><em>ὂς</em></span> <span class='ocrx_word' id='word_1_31' title='bbox 1069 510 1213 566; x_wconf 80' lang='grc' dir='ltr'><em>ἐπειδὴ</em></span> <span class='ocrx_word' id='word_1_32' title='bbox 1243 508 1271 568; x_wconf 81' lang='grc' dir='ltr'><strong><em>ἡ</em></strong></span> <span class='ocrx_word' id='word_1_33' title='bbox 1301 516 1412 564; x_wconf 81' lang='grc' dir='ltr'><em>ναῦς</em></span> 
     </span>
     <span class='ocr_line' id='line_1_7' title="bbox 150 575 1410 634; baseline 0.002 -14"><span class='ocrx_word' id='word_1_34' title='bbox 150 575 361 632; x_wconf 75' lang='grc' dir='ltr'><em>ἡλίσκετο,</em></span> <span class='ocrx_word' id='word_1_35' title='bbox 390 578 432 630; x_wconf 79' lang='grc' dir='ltr'><em>ἐς</em></span> <span class='ocrx_word' id='word_1_36' title='bbox 459 581 588 620; x_wconf 88' lang='grc' dir='ltr'><em>τοῦτο</em></span> <span class='ocrx_word' id='word_1_37' title='bbox 611 576 772 634; x_wconf 76' lang='grc' dir='ltr'><em>ἀντεῖχε</em></span> <span class='ocrx_word' id='word_1_38' title='bbox 802 577 1058 634; x_wconf 83' lang='grc' dir='ltr'><em>μαχόμενος,</em></span> <span class='ocrx_word' id='word_1_39' title='bbox 1090 578 1132 629; x_wconf 83' lang='grc' dir='ltr'><em>ἐς</em></span> <span class='ocrx_word' id='word_1_40' title='bbox 1154 577 1179 622; x_wconf 81' lang='grc' dir='ltr'>ὃ</span> <span class='ocrx_word' id='word_1_41' title='bbox 1209 594 1410 634; x_wconf 85' lang='grc' dir='ltr'><em>κατεκρε-</em></span> 
     </span>
    </p>

    <p class='ocr_par' dir='ltr' id='par_1_4' title="bbox 122 642 1465 906">
     <span class='ocr_line' id='line_1_8' title="bbox 122 642 1465 704; baseline 0.002 -17"><span class='ocrx_word' id='word_1_42' title='bbox 122 646 351 702; x_wconf 68' lang='grc' dir='ltr'><em>Ξουργήθη</em></span> <span class='ocrx_word' id='word_1_43' title='bbox 379 645 502 696; x_wconf 82' lang='grc' dir='ltr'><em>ἅπας.</em></span> <span class='ocrx_word' id='word_1_44' title='bbox 563 644 619 696; x_wconf 81' lang='grc' dir='ltr'><em>ὠς</em></span> <span class='ocrx_word' id='word_1_45' title='bbox 649 646 695 690; x_wconf 78' lang='grc' dir='ltr'><em>δὲ</em></span> <span class='ocrx_word' id='word_1_46' title='bbox 725 645 869 689; x_wconf 79' lang='grc' dir='ltr'><em>πεσών</em></span> <span class='ocrx_word' id='word_1_47' title='bbox 899 644 982 689; x_wconf 80' lang='grc' dir='ltr'><em>οὐκ</em></span> <span class='ocrx_word' id='word_1_48' title='bbox 1004 643 1208 697; x_wconf 75' lang='grc' dir='ltr'><em>ἀπέθανε,</em></span> <span class='ocrx_word' id='word_1_49' title='bbox 1241 644 1325 690; x_wconf 78' lang='grc' dir='ltr'><em>ἀλλ’</em></span> <span class='ocrx_word' id='word_1_50' title='bbox 1356 642 1465 704; x_wconf 80' lang='grc' dir='ltr'><em>ἦν85</em></span> 
     </span>
     <span class='ocr_line' id='line_1_9' title="bbox 149 712 1407 770; baseline 0.002 -14"><span class='ocrx_word' id='word_1_51' title='bbox 149 712 346 768; x_wconf 73' lang='grc' dir='ltr'><em>ἔμπνοος,</em></span> <span class='ocrx_word' id='word_1_52' title='bbox 378 714 421 757; x_wconf 85' lang='grc' dir='ltr'><em>οἷ</em></span> <span class='ocrx_word' id='word_1_53' title='bbox 441 713 618 768; x_wconf 81' lang='grc' dir='ltr'><em>Πέρσαι,</em></span> <span class='ocrx_word' id='word_1_54' title='bbox 649 714 772 767; x_wconf 74' lang='grc' dir='ltr'><em>οἵπερ</em></span> <span class='ocrx_word' id='word_1_55' title='bbox 799 712 1057 769; x_wconf 76' lang='grc' dir='ltr'><em>ἐπεβάτευον</em></span> <span class='ocrx_word' id='word_1_56' title='bbox 1077 712 1145 756; x_wconf 82' lang='grc' dir='ltr'><em>ἐπὶ</em></span> <span class='ocrx_word' id='word_1_57' title='bbox 1165 716 1253 756; x_wconf 75' lang='grc' dir='ltr'><em>τῶν</em></span> <span class='ocrx_word' id='word_1_58' title='bbox 1281 719 1407 770; x_wconf 75' lang='grc' dir='ltr'><em>νεών,</em></span> 
     </span>
     <span class='ocr_line' id='line_1_10' title="bbox 149 779 1408 839; baseline 0.002 -16"><span class='ocrx_word' id='word_1_59' title='bbox 149 779 204 823; x_wconf 79' lang='grc' dir='ltr'><em>δι’</em></span> <span class='ocrx_word' id='word_1_60' title='bbox 232 780 387 837; x_wconf 76' lang='grc' dir='ltr'><em>ἀρετὴν</em></span> <span class='ocrx_word' id='word_1_61' title='bbox 427 782 508 839; x_wconf 80' lang='grc' dir='ltr'><em>τήν</em></span> <span class='ocrx_word' id='word_1_62' title='bbox 543 782 712 826; x_wconf 77' lang='grc' dir='ltr'><em>ἐκείνου</em></span> <span class='ocrx_word' id='word_1_63' title='bbox 741 781 1019 836; x_wconf 84' lang='grc' dir='ltr'><em>περιποιῆσαί</em></span> <span class='ocrx_word' id='word_1_64' title='bbox 1049 797 1125 835; x_wconf 92' lang='grc' dir='ltr'><em>μιν</em></span> <span class='ocrx_word' id='word_1_65' title='bbox 1162 782 1258 836; x_wconf 88' lang='grc' dir='ltr'><em>περὶ</em></span> <span class='ocrx_word' id='word_1_66' title='bbox 1286 785 1408 826; x_wconf 88' lang='grc' dir='ltr'><em>πλεί-</em></span> 
     </span>
     <span class='ocr_line' id='line_1_11' title="bbox 147 846 1407 906; baseline 0.004 -17"><span class='ocrx_word' id='word_1_67' title='bbox 147 859 254 891; x_wconf 82' lang='grc' dir='ltr'><em>στου</em></span> <span class='ocrx_word' id='word_1_68' title='bbox 284 848 553 906; x_wconf 81' lang='grc' dir='ltr'><em>ἐποιήσαντο,</em></span> <span class='ocrx_word' id='word_1_69' title='bbox 586 848 802 905; x_wconf 80' lang='grc' dir='ltr'><em>σμύρνῃσί</em></span> <span class='ocrx_word' id='word_1_70' title='bbox 829 864 873 892; x_wconf 85' lang='grc' dir='ltr'><em>τε</em></span> <span class='ocrx_word' id='word_1_71' title='bbox 904 847 1080 904; x_wconf 78' lang='grc' dir='ltr'><em>ἰώμενοι</em></span> <span class='ocrx_word' id='word_1_72' title='bbox 1100 846 1151 891; x_wconf 83' lang='grc' dir='ltr'><em>τὰ</em></span> <span class='ocrx_word' id='word_1_73' title='bbox 1167 848 1302 905; x_wconf 76' lang='grc' dir='ltr'><em>ἕλκεα,</em></span> <span class='ocrx_word' id='word_1_74' title='bbox 1333 852 1407 895; x_wconf 85' lang='grc' dir='ltr'><em>καὶ</em></span> 
     </span>
    </p>

    <p class='ocr_par' dir='ltr' id='par_1_5' title="bbox 119 915 1462 1041">
     <span class='ocr_line' id='line_1_12' title="bbox 119 915 1407 974; baseline 0.003 -17"><span class='ocrx_word' id='word_1_75' title='bbox 119 915 358 968; x_wconf 77' lang='grc' dir='ltr'><em>3σινδόνος</em></span> <span class='ocrx_word' id='word_1_76' title='bbox 407 920 617 974; x_wconf 82' lang='grc' dir='ltr'><em>βυσσίνης</em></span> <span class='ocrx_word' id='word_1_77' title='bbox 662 920 875 973; x_wconf 75' lang='grc' dir='ltr'><em>τελαμῶσι</em></span> <span class='ocrx_word' id='word_1_78' title='bbox 919 917 1270 969; x_wconf 79' lang='grc' dir='ltr'><em>κατειλίσσοντες.</em></span> <span class='ocrx_word' id='word_1_79' title='bbox 1331 919 1407 962; x_wconf 85' lang='grc' dir='ltr'><em>καί</em></span> 
     </span>
     <span class='ocr_line' id='line_1_13' title="bbox 145 983 1462 1041; baseline 0.001 -16"><span class='ocrx_word' id='word_1_80' title='bbox 145 999 235 1037; x_wconf 90' lang='grc' dir='ltr'><em>μιν,</em></span> <span class='ocrx_word' id='word_1_81' title='bbox 266 984 325 1036; x_wconf 79' lang='grc' dir='ltr'><em>ὠς</em></span> <span class='ocrx_word' id='word_1_82' title='bbox 355 983 493 1029; x_wconf 81' lang='grc' dir='ltr'><em>ὀπίσω</em></span> <span class='ocrx_word' id='word_1_83' title='bbox 524 984 732 1030; x_wconf 84' lang='grc' dir='ltr'><em>οἷπίκοντο</em></span> <span class='ocrx_word' id='word_1_84' title='bbox 761 985 804 1036; x_wconf 78' lang='grc' dir='ltr'><em>ἐς</em></span> <span class='ocrx_word' id='word_1_85' title='bbox 825 983 873 1029; x_wconf 87' lang='grc' dir='ltr'><em>τὸ</em></span> <span class='ocrx_word' id='word_1_86' title='bbox 895 983 1070 1028; x_wconf 77' lang='grc' dir='ltr'><em>ἑωυτῶν</em></span> <span class='ocrx_word' id='word_1_87' title='bbox 1100 985 1462 1041; x_wconf 82' lang='grc' dir='ltr'><em>στρατόπεδον,9ο</em></span> 
     </span>
    </p>
   </div>
   <div class='ocr_carea' id='block_1_4' title="bbox 0 1255 19 2266">
    <p class='ocr_par' dir='ltr' id='par_1_6' title="bbox 0 1255 19 2266">
     <span class='ocr_line' id='line_1_14' title="bbox 0 1255 19 2266; baseline 0 0"><span class='ocrx_word' id='word_1_88' title='bbox 0 1255 19 2266; x_wconf 95' lang='lat' dir='ltr'><em> </em></span> 
     </span>
    </p>
   </div>
   <div class='ocr_carea' id='block_1_5' title="bbox 89 1093 361 1102">
    <p class='ocr_par' dir='ltr' id='par_1_7' title="bbox 89 1093 361 1102">
     <span class='ocr_line' id='line_1_15' title="bbox 89 1093 361 1102; baseline 0 2238"><span class='ocrx_word' id='word_1_89' title='bbox 89 1093 361 1102; x_wconf 95' lang='lat' dir='ltr'><em> </em></span> 
     </span>
    </p>
   </div>
   <div class='ocr_carea' id='block_1_6' title="bbox 85 1167 738 1275">
    <p class='ocr_par' dir='ltr' id='par_1_8' title="bbox 85 1167 738 1275">
     <span class='ocr_line' id='line_1_16' title="bbox 85 1167 738 1273; baseline 0.003 -70"><span class='ocrx_word' id='word_1_90' title='bbox 85 1179 197 1273; x_wconf 49' lang='lat' dir='ltr'><em>glou).</em></span> <span class='ocrx_word' id='word_1_91' title='bbox 218 1181 301 1219; x_wconf 78' lang='lat' dir='ltr'><em>cap.</em></span> <span class='ocrx_word' id='word_1_92' title='bbox 322 1171 362 1210; x_wconf 81' lang='lat'><em>2.</em></span> <span class='ocrx_word' id='word_1_93' title='bbox 383 1167 451 1220; x_wconf 90' lang='lat' dir='ltr'><em>(T.</em></span> <span class='ocrx_word' id='word_1_94' title='bbox 471 1171 489 1206; x_wconf 90' lang='grc' dir='ltr'>Ι</span> <span class='ocrx_word' id='word_1_95' title='bbox 503 1183 540 1220; x_wconf 89' lang='lat' dir='ltr'><em>p.</em></span> <span class='ocrx_word' id='word_1_96' title='bbox 565 1172 645 1211; x_wconf 81' lang='grc'><em>326</em></span> <span class='ocrx_word' id='word_1_97' title='bbox 661 1182 738 1221; x_wconf 86' lang='lat' dir='ltr'><em>seq.</em></span> 
     </span>
     <span class='ocr_line' id='line_1_17' title="bbox 121 1237 172 1275; baseline 0.02 -16"><span class='ocrx_word' id='word_1_98' title='bbox 121 1237 172 1275; x_wconf 79' lang='lat' dir='ltr'><em>lp.</em></span> 
     </span>
    </p>
   </div>
   <div class='ocr_carea' id='block_1_7' title="bbox 252 1347 567 1399">
    <p class='ocr_par' dir='ltr' id='par_1_9' title="bbox 252 1347 567 1399">
     <span class='ocr_line' id='line_1_18' title="bbox 252 1347 567 1399; baseline 0.006 -15"><span class='ocrx_word' id='word_1_99' title='bbox 252 1347 342 1399; x_wconf 82' lang='lat' dir='ltr'><em>cap.</em></span> <span class='ocrx_word' id='word_1_100' title='bbox 356 1348 567 1386; x_wconf 86' lang='lat' dir='ltr'><strong>CLXXXI.</strong></span> 
     </span>
    </p>
   </div>
   <div class='ocr_carea' id='block_1_8' title="bbox 79 1444 741 1896">
    <p class='ocr_par' dir='ltr' id='par_1_10' title="bbox 79 1444 741 1896">
     <span class='ocr_line' id='line_1_19' title="bbox 137 1444 738 1502; baseline 0 -14"><span class='ocrx_word' id='word_1_101' title='bbox 137 1449 208 1488; x_wconf 82' lang='grc' dir='ltr'><em>καί</em></span> <span class='ocrx_word' id='word_1_102' title='bbox 234 1445 325 1489; x_wconf 76' lang='grc' dir='ltr'><em>τινοῖ</em></span> <span class='ocrx_word' id='word_1_103' title='bbox 357 1461 429 1499; x_wconf 88' lang='grc' dir='ltr'><em>σφι</em></span> <span class='ocrx_word' id='word_1_104' title='bbox 459 1444 644 1502; x_wconf 83' lang='grc' dir='ltr'><em>θόρυβον</em></span> <span class='ocrx_word' id='word_1_105' title='bbox 664 1464 738 1488; x_wconf 78' lang='grc' dir='ltr'><em>πα-</em></span> 
     </span>
     <span class='ocr_line' id='line_1_20' title="bbox 83 1503 738 1556; baseline -0.002 -12"><span class='ocrx_word' id='word_1_106' title='bbox 83 1503 223 1556; x_wconf 83' lang='grc' dir='ltr'><em>ρέσχε]</em></span> <span class='ocrx_word' id='word_1_107' title='bbox 253 1507 279 1545; x_wconf 84' lang='lat' dir='ltr'><em>i.</em></span> <span class='ocrx_word' id='word_1_108' title='bbox 305 1520 338 1544; x_wconf 82' lang='lat' dir='ltr'><em>e.</em></span> <span class='ocrx_word' id='word_1_109' title='bbox 359 1507 564 1544; x_wconf 79' lang='lat' dir='ltr'><em>nonnullam</em></span> <span class='ocrx_word' id='word_1_110' title='bbox 584 1507 738 1556; x_wconf 79' lang='lat' dir='ltr'><em>trepida-</em></span> 
     </span>
     <span class='ocr_line' id='line_1_21' title="bbox 85 1563 741 1612; baseline 0.002 -13"><span class='ocrx_word' id='word_1_111' title='bbox 85 1563 209 1599; x_wconf 81' lang='lat' dir='ltr'><em>tionem</em></span> <span class='ocrx_word' id='word_1_112' title='bbox 251 1565 336 1612; x_wconf 79' lang='lat' dir='ltr'><em>ipsis</em></span> <span class='ocrx_word' id='word_1_113' title='bbox 383 1563 553 1611; x_wconf 74' lang='lat' dir='ltr'><em>exhibuit,</em></span> <span class='ocrx_word' id='word_1_114' title='bbox 604 1565 741 1612; x_wconf 83' lang='lat' dir='ltr'><em>negotii</em></span> 
     </span>
     <span class='ocr_line' id='line_1_22' title="bbox 81 1619 740 1670; baseline 0.003 -15"><span class='ocrx_word' id='word_1_115' title='bbox 81 1619 240 1656; x_wconf 74' lang='lat' dir='ltr'><em>nonnihil</em></span> <span class='ocrx_word' id='word_1_116' title='bbox 258 1619 376 1657; x_wconf 83' lang='lat' dir='ltr'><em>Persis</em></span> <span class='ocrx_word' id='word_1_117' title='bbox 387 1621 551 1669; x_wconf 82' lang='lat' dir='ltr'><em>praebuit</em></span> <span class='ocrx_word' id='word_1_118' title='bbox 567 1633 597 1657; x_wconf 76' lang='lat' dir='ltr'><em>s-</em></span> <span class='ocrx_word' id='word_1_119' title='bbox 611 1620 740 1670; x_wconf 81' lang='lat' dir='ltr'><em>faces-</em></span> 
     </span>
     <span class='ocr_line' id='line_1_23' title="bbox 81 1671 738 1728; baseline 0.006 -17"><span class='ocrx_word' id='word_1_120' title='bbox 81 1677 176 1715; x_wconf 80' lang='lat' dir='ltr'><em>sivit.</em></span> <span class='ocrx_word' id='word_1_121' title='bbox 221 1678 306 1713; x_wconf 90' lang='lat' dir='ltr'><em>Non</em></span> <span class='ocrx_word' id='word_1_122' title='bbox 327 1677 434 1713; x_wconf 79' lang='lat' dir='ltr'><em>aliter</em></span> <span class='ocrx_word' id='word_1_123' title='bbox 453 1678 532 1713; x_wconf 82' lang='lat' dir='ltr'><em>fere</em></span> <span class='ocrx_word' id='word_1_124' title='bbox 552 1671 738 1728; x_wconf 80' lang='grc' dir='ltr'><em>πρήγμα-</em></span> 
     </span>
     <span class='ocr_line' id='line_1_24' title="bbox 81 1728 736 1783; baseline 0.005 -13"><span class='ocrx_word' id='word_1_125' title='bbox 81 1746 130 1772; x_wconf 87' lang='grc' dir='ltr'><em>τα</em></span> <span class='ocrx_word' id='word_1_126' title='bbox 155 1731 338 1783; x_wconf 84' lang='grc' dir='ltr'><em>παρέχειν</em></span> <span class='ocrx_word' id='word_1_127' title='bbox 362 1735 391 1781; x_wconf 93' lang='grc' dir='ltr'><em>Ι,</em></span> <span class='ocrx_word' id='word_1_128' title='bbox 419 1733 511 1774; x_wconf 89' lang='lat'><strong>155.</strong></span> <span class='ocrx_word' id='word_1_129' title='bbox 537 1733 628 1774; x_wconf 89' lang='grc'>175.</span> <span class='ocrx_word' id='word_1_130' title='bbox 659 1728 736 1773; x_wconf 81' lang='grc' dir='ltr'><em>πό-</em></span> 
     </span>
     <span class='ocr_line' id='line_1_25' title="bbox 82 1788 735 1838; baseline -0.002 -11"><span class='ocrx_word' id='word_1_131' title='bbox 82 1802 156 1827; x_wconf 94' lang='grc' dir='ltr'><em>νον</em></span> <span class='ocrx_word' id='word_1_132' title='bbox 185 1788 369 1838; x_wconf 80' lang='grc' dir='ltr'><em>παρέχειν</em></span> <span class='ocrx_word' id='word_1_133' title='bbox 409 1790 438 1836; x_wconf 83' lang='grc' dir='ltr'><em>Ι,</em></span> <span class='ocrx_word' id='word_1_134' title='bbox 473 1792 565 1829; x_wconf 89' lang='lat'><strong>177.</strong></span> <span class='ocrx_word' id='word_1_135' title='bbox 600 1812 649 1816; x_wconf 93' lang='lat'>—</span> <span class='ocrx_word' id='word_1_136' title='bbox 690 1791 735 1826; x_wconf 87' lang='lat' dir='ltr'><em>In</em></span> 
     </span>
     <span class='ocr_line' id='line_1_26' title="bbox 79 1844 734 1896; baseline 0.002 -16"><span class='ocrx_word' id='word_1_137' title='bbox 79 1856 187 1896; x_wconf 85' lang='lat' dir='ltr'>seqq.</span> <span class='ocrx_word' id='word_1_138' title='bbox 209 1844 256 1881; x_wconf 89' lang='lat' dir='ltr'><em>de</em></span> <span class='ocrx_word' id='word_1_139' title='bbox 278 1844 419 1895; x_wconf 74' lang='lat' dir='ltr'><em>Pythea</em></span> <span class='ocrx_word' id='word_1_140' title='bbox 438 1846 539 1882; x_wconf 86' lang='lat' dir='ltr'><em>conf.</em></span> <span class='ocrx_word' id='word_1_141' title='bbox 560 1846 658 1893; x_wconf 84' lang='lat' dir='ltr'>VIII,</span> <span class='ocrx_word' id='word_1_142' title='bbox 681 1848 734 1886; x_wconf 79' lang='lat'><em>92</em></span> 
     </span>
    </p>
   </div>
   <div class='ocr_carea' id='block_1_9' title="bbox 80 1897 731 1953">
    <p class='ocr_par' dir='ltr' id='par_1_11' title="bbox 80 1897 731 1953">
     <span class='ocr_line' id='line_1_27' title="bbox 80 1897 731 1953; baseline 0.008 -17"><span class='ocrx_word' id='word_1_143' title='bbox 80 1907 118 1937; x_wconf 87' lang='lat' dir='ltr'><em>et</em></span> <span class='ocrx_word' id='word_1_144' title='bbox 148 1901 195 1937; x_wconf 89' lang='lat' dir='ltr'><em>de</em></span> <span class='ocrx_word' id='word_1_145' title='bbox 224 1902 339 1938; x_wconf 83' lang='lat' dir='ltr'>verbo</span> <span class='ocrx_word' id='word_1_146' title='bbox 365 1897 612 1953; x_wconf 80' lang='grc' dir='ltr'><em>ἐπιβατεύειν</em></span> <span class='ocrx_word' id='word_1_147' title='bbox 635 1909 731 1941; x_wconf 89' lang='lat' dir='ltr'><em>nott.</em></span> 
     </span>
    </p>
   </div>
   <div class='ocr_carea' id='block_1_10' title="bbox 10 1955 326 2005">
    <p class='ocr_par' dir='ltr' id='par_1_12' title="bbox 10 1955 326 2005">
     <span class='ocr_line' id='line_1_28' title="bbox 10 1955 326 2005; baseline 0 -11"><span class='ocrx_word' id='word_1_148' title='bbox 10 1971 11 2004; x_wconf 51' lang='grc' dir='ltr'>ζ</span> <span class='ocrx_word' id='word_1_149' title='bbox 79 1955 130 1995; x_wconf 82' lang='lat' dir='ltr'><em>ad</em></span> <span class='ocrx_word' id='word_1_150' title='bbox 157 1959 238 2005; x_wconf 88' lang='lat' dir='ltr'>Vll,</span> <span class='ocrx_word' id='word_1_151' title='bbox 261 1960 326 1998; x_wconf 83' lang='lat'><em>96.</em></span> 
     </span>
    </p>
   </div>
   <div class='ocr_carea' id='block_1_11' title="bbox 76 2008 734 2513">
    <p class='ocr_par' dir='ltr' id='par_1_13' title="bbox 76 2008 734 2513">
     <span class='ocr_line' id='line_1_29' title="bbox 137 2008 732 2065; baseline -0.003 -12"><span class='ocrx_word' id='word_1_152' title='bbox 137 2013 176 2060; x_wconf 79' lang='grc' dir='ltr'><em>ἒς</em></span> <span class='ocrx_word' id='word_1_153' title='bbox 196 2011 220 2053; x_wconf 78' lang='grc' dir='ltr'>ὃ</span> <span class='ocrx_word' id='word_1_154' title='bbox 240 2008 590 2065; x_wconf 76' lang='grc' dir='ltr'><em>κατεκρεουργήθη</em></span> <span class='ocrx_word' id='word_1_155' title='bbox 607 2008 732 2062; x_wconf 72' lang='grc' dir='ltr'><em>ἅπας]</em></span> 
     </span>
     <span class='ocr_line' id='line_1_30' title="bbox 78 2067 733 2118; baseline -0.003 -8"><span class='ocrx_word' id='word_1_156' title='bbox 78 2068 118 2116; x_wconf 79' lang='grc' dir='ltr'><em>ἒς</em></span> <span class='ocrx_word' id='word_1_157' title='bbox 148 2067 172 2110; x_wconf 69' lang='grc' dir='ltr'><em>δ’</em></span> <span class='ocrx_word' id='word_1_158' title='bbox 198 2071 299 2108; x_wconf 84' lang='lat' dir='ltr'><em>valet</em></span> <span class='ocrx_word' id='word_1_159' title='bbox 330 2071 458 2118; x_wconf 80' lang='lat' dir='ltr'><em>donec,</em></span> <span class='ocrx_word' id='word_1_160' title='bbox 496 2070 589 2107; x_wconf 84' lang='lat' dir='ltr'><em>dum.</em></span> <span class='ocrx_word' id='word_1_161' title='bbox 648 2069 733 2108; x_wconf 88' lang='lat' dir='ltr'><strong>vid.</strong></span> 
     </span>
     <span class='ocr_line' id='line_1_31' title="bbox 78 2125 733 2178; baseline -0.002 -15"><span class='ocrx_word' id='word_1_162' title='bbox 78 2126 216 2167; x_wconf 79' lang='lat' dir='ltr'><em>Struve</em></span> <span class='ocrx_word' id='word_1_163' title='bbox 237 2127 350 2177; x_wconf 86' lang='lat' dir='ltr'><em>Spec.</em></span> <span class='ocrx_word' id='word_1_164' title='bbox 371 2129 388 2163; x_wconf 97' lang='lat' dir='ltr'>I</span> <span class='ocrx_word' id='word_1_165' title='bbox 408 2139 496 2178; x_wconf 80' lang='lat' dir='ltr'><strong>pag.</strong></span> <span class='ocrx_word' id='word_1_166' title='bbox 512 2125 580 2167; x_wconf 82' lang='lat'><em>42.</em></span> <span class='ocrx_word' id='word_1_167' title='bbox 611 2126 733 2171; x_wconf 81' lang='lat' dir='ltr'><em>Quem</em></span> 
     </span>
     <span class='ocr_line' id='line_1_32' title="bbox 76 2183 734 2231; baseline 0.005 -12"><span class='ocrx_word' id='word_1_168' title='bbox 76 2183 213 2219; x_wconf 82' lang='lat' dir='ltr'><strong>Noster</strong></span> <span class='ocrx_word' id='word_1_169' title='bbox 235 2184 334 2231; x_wconf 83' lang='lat' dir='ltr'>VIII,</span> <span class='ocrx_word' id='word_1_170' title='bbox 361 2185 414 2223; x_wconf 83' lang='lat'><em>92</em></span> <span class='ocrx_word' id='word_1_171' title='bbox 441 2183 531 2220; x_wconf 80' lang='lat' dir='ltr'>dicit</span> <span class='ocrx_word' id='word_1_172' title='bbox 565 2198 734 2223; x_wconf 84' lang='grc' dir='ltr'><em>κατακο-</em></span> 
     </span>
     <span class='ocr_line' id='line_1_33' title="bbox 77 2237 732 2292; baseline 0.003 -15"><span class='ocrx_word' id='word_1_173' title='bbox 77 2237 220 2286; x_wconf 85' lang='grc' dir='ltr'><em>πέντα,</em></span> <span class='ocrx_word' id='word_1_174' title='bbox 242 2252 343 2275; x_wconf 87' lang='lat' dir='ltr'><em>.eu1n</em></span> <span class='ocrx_word' id='word_1_175' title='bbox 363 2238 402 2277; x_wconf 88' lang='lat' dir='ltr'><em>h.</em></span> <span class='ocrx_word' id='word_1_176' title='bbox 423 2240 449 2276; x_wconf 93' lang='lat' dir='ltr'><em>l.</em></span> <span class='ocrx_word' id='word_1_177' title='bbox 471 2241 521 2276; x_wconf 80' lang='lat' dir='ltr'><em>ait</em></span> <span class='ocrx_word' id='word_1_178' title='bbox 540 2254 732 2292; x_wconf 82' lang='grc' dir='ltr'><em>κατακρε-</em></span> 
     </span>
     <span class='ocr_line' id='line_1_34' title="bbox 79 2295 732 2346; baseline 0.002 -13"><span class='ocrx_word' id='word_1_179' title='bbox 79 2296 332 2346; x_wconf 81' lang='grc' dir='ltr'><em>ουργηθῆναι</em></span> <span class='ocrx_word' id='word_1_180' title='bbox 353 2295 379 2335; x_wconf 86' lang='lat' dir='ltr'><em>i.</em></span> <span class='ocrx_word' id='word_1_181' title='bbox 401 2308 434 2331; x_wconf 86' lang='lat' dir='ltr'><em>e.</em></span> <span class='ocrx_word' id='word_1_182' title='bbox 453 2298 492 2332; x_wconf 84' lang='lat' dir='ltr'><em>in</em></span> <span class='ocrx_word' id='word_1_183' title='bbox 506 2295 732 2345; x_wconf 45' lang='lat' dir='ltr'><em>frustafflon-</em></span> 
     </span>
     <span class='ocr_line' id='line_1_35' title="bbox 79 2351 730 2394; baseline 0.003 -6"><span class='ocrx_word' id='word_1_184' title='bbox 79 2352 188 2388; x_wconf 85' lang='lat' dir='ltr'><em>cisum</em></span> <span class='ocrx_word' id='word_1_185' title='bbox 209 2351 321 2387; x_wconf 83' lang='lat' dir='ltr'><em>veluti</em></span> <span class='ocrx_word' id='word_1_186' title='bbox 339 2363 476 2387; x_wconf 84' lang='lat' dir='ltr'><em>carnem</em></span> <span class='ocrx_word' id='word_1_187' title='bbox 501 2351 730 2394; x_wconf 80' lang='lat' dir='ltr'><em>dz&#39;slanz&#39;atum</em></span> 
     </span>
     <span class='ocr_line' id='line_1_36' title="bbox 78 2406 730 2459; baseline 0 -15"><span class='ocrx_word' id='word_1_188' title='bbox 78 2420 170 2452; x_wconf 80' lang='lat' dir='ltr'><em>esse,·</em></span> <span class='ocrx_word' id='word_1_189' title='bbox 218 2420 293 2459; x_wconf 90' lang='lat' dir='ltr'><em>quo</em></span> <span class='ocrx_word' id='word_1_190' title='bbox 329 2406 466 2443; x_wconf 84' lang='lat' dir='ltr'><em>eodem</em></span> <span class='ocrx_word' id='word_1_191' title='bbox 493 2408 609 2444; x_wconf 83' lang='lat' dir='ltr'>verbo</span> <span class='ocrx_word' id='word_1_192' title='bbox 638 2409 730 2445; x_wconf 85' lang='lat' dir='ltr'>olim</span> 
     </span>
     <span class='ocr_line' id='line_1_37' title="bbox 77 2461 727 2513; baseline -0.002 -11"><span class='ocrx_word' id='word_1_193' title='bbox 77 2476 167 2503; x_wconf 87' lang='lat' dir='ltr'><em>usus</em></span> <span class='ocrx_word' id='word_1_194' title='bbox 189 2471 267 2500; x_wconf 85' lang='lat' dir='ltr'><em>erat</em></span> <span class='ocrx_word' id='word_1_195' title='bbox 297 2461 474 2499; x_wconf 79' lang='lat' dir='ltr'><strong>Xanthus</strong></span> <span class='ocrx_word' id='word_1_196' title='bbox 507 2475 568 2513; x_wconf 76' lang='lat' dir='ltr'><em>ap.</em></span> <span class='ocrx_word' id='word_1_197' title='bbox 586 2462 727 2502; x_wconf 79' lang='lat' dir='ltr'><em>Athen.</em></span> 
     </span>
    </p>
   </div>
   <div class='ocr_carea' id='block_1_12' title="bbox 77 2519 730 2571">
    <p class='ocr_par' dir='ltr' id='par_1_14' title="bbox 77 2519 730 2571">
     <span class='ocr_line' id='line_1_38' title="bbox 77 2519 730 2571; baseline -0.021 -9"><span class='ocrx_word' id='word_1_198' title='bbox 77 2520 128 2568; x_wconf 73' lang='lat' dir='ltr'><em>x,</em></span> <span class='ocrx_word' id='word_1_199' title='bbox 146 2524 171 2561; x_wconf 86' lang='lat'><strong>3</strong></span> <span class='ocrx_word' id='word_1_200' title='bbox 201 2534 238 2571; x_wconf 90' lang='lat' dir='ltr'><em>p.</em></span> <span class='ocrx_word' id='word_1_201' title='bbox 260 2519 342 2561; x_wconf 79' lang='lat'><em>415</em></span> <span class='ocrx_word' id='word_1_202' title='bbox 362 2521 408 2559; x_wconf 89' lang='lat' dir='ltr'><em>D.</em></span> <span class='ocrx_word' id='word_1_203' title='bbox 443 2523 501 2568; x_wconf 88' lang='lat' dir='ltr'><em>(p.</em></span> <span class='ocrx_word' id='word_1_204' title='bbox 526 2519 604 2559; x_wconf 85' lang='lat'><em>185</em></span> <span class='ocrx_word' id='word_1_205' title='bbox 625 2520 730 2569; x_wconf 64' lang='lat' dir='ltr'><strong>frag-</strong></span> 
     </span>
    </p>
   </div>
   <div class='ocr_carea' id='block_1_13' title="bbox 65 2574 728 2625">
    <p class='ocr_par' dir='ltr' id='par_1_15' title="bbox 65 2574 728 2625">
     <span class='ocr_line' id='line_1_39' title="bbox 65 2574 728 2625; baseline 0 -13"><span class='ocrx_word' id='word_1_206' title='bbox 65 2583 210 2617; x_wconf 70' lang='lat' dir='ltr'><em>meust.</em></span> <span class='ocrx_word' id='word_1_207' title='bbox 251 2575 401 2616; x_wconf 78' lang='lat' dir='ltr'><em>historr.</em></span> <span class='ocrx_word' id='word_1_208' title='bbox 434 2574 493 2611; x_wconf 88' lang='lat' dir='ltr'><em>ed.</em></span> <span class='ocrx_word' id='word_1_209' title='bbox 526 2575 728 2625; x_wconf 82' lang='lat' dir='ltr'><em>Creuzer.)</em></span> 
     </span>
    </p>
   </div>
   <div class='ocr_carea' id='block_1_14' title="bbox 79 2630 730 2685">
    <p class='ocr_par' dir='ltr' id='par_1_16' title="bbox 79 2630 730 2685">
     <span class='ocr_line' id='line_1_40' title="bbox 79 2630 730 2685; baseline -0.003 -16"><span class='ocrx_word' id='word_1_210' title='bbox 79 2632 260 2685; x_wconf 85' lang='lat' dir='ltr'><em>quodque</em></span> <span class='ocrx_word' id='word_1_211' title='bbox 293 2634 407 2670; x_wconf 81' lang='lat' dir='ltr'><em>etiam</em></span> <span class='ocrx_word' id='word_1_212' title='bbox 436 2645 483 2668; x_wconf 85' lang='lat' dir='ltr'><em>ex</em></span> <span class='ocrx_word' id='word_1_213' title='bbox 505 2630 576 2668; x_wconf 90' lang='lat' dir='ltr'><em>hoc</em></span> <span class='ocrx_word' id='word_1_214' title='bbox 604 2633 730 2668; x_wconf 89' lang='lat' dir='ltr'><em>Hero-</em></span> 
     </span>
    </p>
   </div>
   <div class='ocr_carea' id='block_1_15' title="bbox 65 2687 730 2737">
    <p class='ocr_par' dir='ltr' id='par_1_17' title="bbox 65 2687 730 2737">
     <span class='ocr_line' id='line_1_41' title="bbox 65 2687 730 2737; baseline 0 -13"><span class='ocrx_word' id='word_1_215' title='bbox 65 2687 158 2726; x_wconf 63' lang='lat' dir='ltr'>,doti</span> <span class='ocrx_word' id='word_1_216' title='bbox 196 2691 280 2727; x_wconf 93' lang='lat' dir='ltr'>loco</span> <span class='ocrx_word' id='word_1_217' title='bbox 320 2689 430 2726; x_wconf 81' lang='lat' dir='ltr'><em>affert</em></span> <span class='ocrx_word' id='word_1_218' title='bbox 467 2688 633 2737; x_wconf 85' lang='lat' dir='ltr'><em>Longin.</em></span> <span class='ocrx_word' id='word_1_219' title='bbox 672 2690 730 2724; x_wconf 90' lang='lat' dir='ltr'><em>De</em></span> 
     </span>
    </p>
   </div>
   <div class='ocr_carea' id='block_1_16' title="bbox 76 2745 730 2851">
    <p class='ocr_par' dir='ltr' id='par_1_18' title="bbox 76 2745 730 2851">
     <span class='ocr_line' id='line_1_42' title="bbox 76 2745 729 2794; baseline -0.003 -13"><span class='ocrx_word' id='word_1_220' title='bbox 76 2745 227 2785; x_wconf 65' lang='lat' dir='ltr'><em>sublim.</em></span> <span class='ocrx_word' id='word_1_221' title='bbox 270 2748 336 2786; x_wconf 82' lang='lat'><em>31.</em></span> <span class='ocrx_word' id='word_1_222' title='bbox 404 2745 480 2782; x_wconf 80' lang='lat' dir='ltr'>Alii</span> <span class='ocrx_word' id='word_1_223' title='bbox 518 2745 729 2794; x_wconf 69' lang='lat' dir='ltr'>scriptores,</span> 
     </span>
     <span class='ocr_line' id='line_1_43' title="bbox 79 2801 730 2851; baseline -0.006 -10"><span class='ocrx_word' id='word_1_224' title='bbox 79 2807 121 2842; x_wconf 80' lang='lat' dir='ltr'><em>ut</em></span> <span class='ocrx_word' id='word_1_225' title='bbox 139 2801 187 2840; x_wconf 81' lang='lat' dir='ltr'><em>ad</em></span> <span class='ocrx_word' id='word_1_226' title='bbox 206 2801 247 2840; x_wconf 90' lang='lat' dir='ltr'><em>h.</em></span> <span class='ocrx_word' id='word_1_227' title='bbox 268 2803 295 2839; x_wconf 89' lang='lat' dir='ltr'><em>l.</em></span> <span class='ocrx_word' id='word_1_228' title='bbox 315 2803 514 2841; x_wconf 80' lang='lat' dir='ltr'><em>observant</em></span> <span class='ocrx_word' id='word_1_229' title='bbox 543 2802 730 2851; x_wconf 80' lang='lat' dir='ltr'><em>interpre-</em></span> 
     </span>
    </p>
   </div>
   <div class='ocr_carea' id='block_1_17' title="bbox 789 1166 1460 2896">
    <p class='ocr_par' dir='ltr' id='par_1_19' title="bbox 795 1166 1460 1498">
     <span class='ocr_line' id='line_1_44' title="bbox 797 1166 1459 1216; baseline 0.005 -12"><span class='ocrx_word' id='word_1_230' title='bbox 797 1175 874 1216; x_wconf 69' lang='lat' dir='ltr'><em>tes⁷</em></span> <span class='ocrx_word' id='word_1_231' title='bbox 933 1169 972 1204; x_wconf 88' lang='lat' dir='ltr'><em>iu</em></span> <span class='ocrx_word' id='word_1_232' title='bbox 1011 1166 1231 1206; x_wconf 84' lang='lat' dir='ltr'><em>huiusmodi</em></span> <span class='ocrx_word' id='word_1_233' title='bbox 1269 1169 1459 1207; x_wconf 76' lang='lat' dir='ltr'><em>lancinata</em></span> 
     </span>
     <span class='ocr_line' id='line_1_45' title="bbox 795 1225 1459 1277; baseline 0.005 -16"><span class='ocrx_word' id='word_1_234' title='bbox 795 1225 1057 1262; x_wconf 82' lang='lat' dir='ltr'><em>membrorum</em></span> <span class='ocrx_word' id='word_1_235' title='bbox 1091 1226 1248 1262; x_wconf 81' lang='lat' dir='ltr'><em>scissura</em></span> <span class='ocrx_word' id='word_1_236' title='bbox 1295 1227 1459 1277; x_wconf 84' lang='lat' dir='ltr'><strong>simplex</strong></span> 
     </span>
     <span class='ocr_line' id='line_1_46' title="bbox 796 1280 1458 1335; baseline 0.009 -18"><span class='ocrx_word' id='word_1_237' title='bbox 796 1280 1053 1318; x_wconf 80' lang='lat' dir='ltr'><em>adhibuerunt</em></span> <span class='ocrx_word' id='word_1_238' title='bbox 1121 1286 1458 1335; x_wconf 77' lang='grc' dir='ltr'><em>κρεουργηθῆναι.</em></span> 
     </span>
     <span class='ocr_line' id='line_1_47' title="bbox 797 1338 1457 1390; baseline 0 -15"><span class='ocrx_word' id='word_1_239' title='bbox 797 1339 925 1390; x_wconf 81' lang='lat' dir='ltr'><strong>Atque</strong></span> <span class='ocrx_word' id='word_1_240' title='bbox 955 1339 1035 1388; x_wconf 86' lang='lat' dir='ltr'><em>ipse</em></span> <span class='ocrx_word' id='word_1_241' title='bbox 1064 1338 1280 1376; x_wconf 85' lang='lat' dir='ltr'><em>Herodotus</em></span> <span class='ocrx_word' id='word_1_242' title='bbox 1310 1341 1374 1389; x_wconf 74' lang='grc' dir='ltr'><em>ΙΙΙ,</em></span> <span class='ocrx_word' id='word_1_243' title='bbox 1407 1343 1457 1381; x_wconf 82' lang='lat'><em>13</em></span> 
     </span>
     <span class='ocr_line' id='line_1_48' title="bbox 799 1392 1460 1449; baseline 0.009 -19"><span class='ocrx_word' id='word_1_244' title='bbox 799 1394 894 1431; x_wconf 71' lang='lat' dir='ltr'><strong>dixit</strong></span> <span class='ocrx_word' id='word_1_245' title='bbox 923 1392 1017 1441; x_wconf 73' lang='grc' dir='ltr'><em>τούς</em></span> <span class='ocrx_word' id='word_1_246' title='bbox 1050 1392 1201 1447; x_wconf 69' lang='grc' dir='ltr'><em>ἄνδρας</em></span> <span class='ocrx_word' id='word_1_247' title='bbox 1247 1410 1460 1449; x_wconf 81' lang='grc' dir='ltr'><em>κρεουργη-</em></span> 
     </span>
     <span class='ocr_line' id='line_1_49' title="bbox 799 1447 1200 1498; baseline -0.005 -7"><span class='ocrx_word' id='word_1_248' title='bbox 799 1448 872 1491; x_wconf 79' lang='grc' dir='ltr'><em>δόν</em></span> <span class='ocrx_word' id='word_1_249' title='bbox 896 1447 1200 1498; x_wconf 81' lang='grc' dir='ltr'><em>διασπάσαντες.</em></span> 
     </span>
    </p>

    <p class='ocr_par' dir='ltr' id='par_1_20' title="bbox 789 1503 1457 2851">
     <span class='ocr_line' id='line_1_50' title="bbox 855 1503 1457 1561; baseline 0.003 -15"><span class='ocrx_word' id='word_1_250' title='bbox 855 1503 1057 1561; x_wconf 75' lang='grc' dir='ltr'><em>σμύρνῃσί</em></span> <span class='ocrx_word' id='word_1_251' title='bbox 1077 1523 1117 1547; x_wconf 90' lang='grc' dir='ltr'><em>τε</em></span> <span class='ocrx_word' id='word_1_252' title='bbox 1147 1503 1311 1559; x_wconf 75' lang='grc' dir='ltr'><em>ἰώμενοι</em></span> <span class='ocrx_word' id='word_1_253' title='bbox 1328 1505 1375 1548; x_wconf 71' lang='grc' dir='ltr'><em>τοὶ</em></span> <span class='ocrx_word' id='word_1_254' title='bbox 1395 1507 1457 1548; x_wconf 77' lang='grc' dir='ltr'><em>ἕλ-</em></span> 
     </span>
     <span class='ocr_line' id='line_1_51' title="bbox 796 1564 1456 1613; baseline -0.002 -10"><span class='ocrx_word' id='word_1_255' title='bbox 796 1565 897 1613; x_wconf 86' lang='grc' dir='ltr'><em>κεα]</em></span> <span class='ocrx_word' id='word_1_256' title='bbox 946 1565 978 1600; x_wconf 89' lang='grc' dir='ltr'><strong>Ε</strong></span> <span class='ocrx_word' id='word_1_257' title='bbox 1023 1564 1170 1602; x_wconf 86' lang='lat' dir='ltr'><em>duobus</em></span> <span class='ocrx_word' id='word_1_258' title='bbox 1211 1564 1322 1603; x_wconf 82' lang='lat' dir='ltr'><strong>codd.</strong></span> <span class='ocrx_word' id='word_1_259' title='bbox 1367 1578 1456 1602; x_wconf 88' lang='lat' dir='ltr'><em>cum</em></span> 
     </span>
     <span class='ocr_line' id='line_1_52' title="bbox 797 1618 1456 1673; baseline 0.005 -16"><span class='ocrx_word' id='word_1_260' title='bbox 797 1622 905 1658; x_wconf 83' lang='lat' dir='ltr'>Valla</span> <span class='ocrx_word' id='word_1_261' title='bbox 927 1618 1083 1662; x_wconf 82' lang='lat' dir='ltr'><em>Sohaef,</em></span> <span class='ocrx_word' id='word_1_262' title='bbox 1118 1628 1312 1672; x_wconf 79' lang='lat' dir='ltr'>receperat</span> <span class='ocrx_word' id='word_1_263' title='bbox 1331 1618 1456 1673; x_wconf 87' lang='grc' dir='ltr'><em>σμύρ-</em></span> 
     </span>
     <span class='ocr_line' id='line_1_53' title="bbox 797 1678 1456 1732; baseline -0.003 -15"><span class='ocrx_word' id='word_1_264' title='bbox 797 1692 863 1732; x_wconf 76' lang='grc' dir='ltr'><em>νῃ.</em></span> <span class='ocrx_word' id='word_1_265' title='bbox 921 1678 1130 1728; x_wconf 81' lang='lat' dir='ltr'><em>Vulgatum</em></span> <span class='ocrx_word' id='word_1_266' title='bbox 1176 1691 1265 1714; x_wconf 90' lang='lat' dir='ltr'><em>cum</em></span> <span class='ocrx_word' id='word_1_267' title='bbox 1302 1679 1456 1730; x_wconf 86' lang='lat' dir='ltr'><em>reliquis</em></span> 
     </span>
     <span class='ocr_line' id='line_1_54' title="bbox 796 1732 1456 1774; baseline 0.006 -4"><span class='ocrx_word' id='word_1_268' title='bbox 796 1735 900 1771; x_wconf 88' lang='lat' dir='ltr'>libris</span> <span class='ocrx_word' id='word_1_269' title='bbox 921 1740 1050 1770; x_wconf 79' lang='lat' dir='ltr'><em>tuetur</em></span> <span class='ocrx_word' id='word_1_270' title='bbox 1070 1732 1209 1772; x_wconf 79' lang='lat' dir='ltr'>Suidas</span> <span class='ocrx_word' id='word_1_271' title='bbox 1230 1748 1261 1771; x_wconf 92' lang='lat' dir='ltr'><em>s.</em></span> <span class='ocrx_word' id='word_1_272' title='bbox 1282 1748 1319 1773; x_wconf 83' lang='lat' dir='ltr'><em>v.</em></span> <span class='ocrx_word' id='word_1_273' title='bbox 1344 1737 1456 1774; x_wconf 86' lang='grc' dir='ltr'><em>τελα-</em></span> 
     </span>
     <span class='ocr_line' id='line_1_55' title="bbox 796 1787 1455 1842; baseline -0.002 -14"><span class='ocrx_word' id='word_1_274' title='bbox 796 1787 884 1842; x_wconf 69' lang='grc' dir='ltr'><em>μών</em></span> <span class='ocrx_word' id='word_1_275' title='bbox 905 1791 959 1826; x_wconf 92' lang='lat' dir='ltr'><em>III</em></span> <span class='ocrx_word' id='word_1_276' title='bbox 979 1804 1016 1841; x_wconf 88' lang='lat' dir='ltr'><em>p.</em></span> <span class='ocrx_word' id='word_1_277' title='bbox 1042 1790 1137 1830; x_wconf 82' lang='lat'><strong>441.</strong></span> <span class='ocrx_word' id='word_1_278' title='bbox 1205 1791 1270 1827; x_wconf 90' lang='lat' dir='ltr'><em>Tu</em></span> <span class='ocrx_word' id='word_1_279' title='bbox 1301 1791 1349 1828; x_wconf 88' lang='lat' dir='ltr'><em>cf.</em></span> <span class='ocrx_word' id='word_1_280' title='bbox 1377 1793 1455 1827; x_wconf 88' lang='lat' dir='ltr'><em>He-</em></span> 
     </span>
     <span class='ocr_line' id='line_1_56' title="bbox 795 1846 1454 1898; baseline 0.002 -15"><span class='ocrx_word' id='word_1_281' title='bbox 795 1846 920 1885; x_wconf 79' lang='lat' dir='ltr'><strong>rodot.</strong></span> <span class='ocrx_word' id='word_1_282' title='bbox 940 1848 988 1894; x_wconf 88' lang='grc' dir='ltr'><em>ΙΙ,</em></span> <span class='ocrx_word' id='word_1_283' title='bbox 1019 1848 1073 1886; x_wconf 89' lang='lat'><em>87</em></span> <span class='ocrx_word' id='word_1_284' title='bbox 1104 1847 1196 1898; x_wconf 88' lang='lat' dir='ltr'><strong>ibiq.</strong></span> <span class='ocrx_word' id='word_1_285' title='bbox 1225 1853 1322 1885; x_wconf 73' lang='lat' dir='ltr'><em>nott.</em></span> <span class='ocrx_word' id='word_1_286' title='bbox 1381 1849 1454 1884; x_wconf 83' lang='lat' dir='ltr'><em>At-</em></span> 
     </span>
     <span class='ocr_line' id='line_1_57' title="bbox 797 1890 1452 1955; baseline -0.002 -16"><span class='ocrx_word' id='word_1_287' title='bbox 797 1916 871 1955; x_wconf 84' lang='lat' dir='ltr'><em>que</em></span> <span class='ocrx_word' id='word_1_288' title='bbox 891 1904 1056 1941; x_wconf 87' lang='lat' dir='ltr'><em>Heeren.</em></span> <span class='ocrx_word' id='word_1_289' title='bbox 1078 1901 1195 1939; x_wconf 83' lang='lat' dir='ltr'><em>Ideen</em></span> <span class='ocrx_word' id='word_1_290' title='bbox 1216 1905 1245 1951; x_wconf 75' lang='grc' dir='ltr'><em>Ι,</em></span> <span class='ocrx_word' id='word_1_291' title='bbox 1266 1906 1284 1943; x_wconf 89' lang='grc'>1</span> <span class='ocrx_word' id='word_1_292' title='bbox 1309 1890 1452 1954; x_wconf 52' lang='grc' dir='ltr'>ΡῘῚΟΊ</span> 
     </span>
     <span class='ocr_line' id='line_1_58' title="bbox 796 1958 1453 2009; baseline 0.002 -13"><span class='ocrx_word' id='word_1_293' title='bbox 796 1958 870 1996; x_wconf 89' lang='lat' dir='ltr'><em>hoc</em></span> <span class='ocrx_word' id='word_1_294' title='bbox 893 1973 941 1995; x_wconf 81' lang='lat' dir='ltr'><em>ex</em></span> <span class='ocrx_word' id='word_1_295' title='bbox 962 1959 1046 1996; x_wconf 88' lang='lat' dir='ltr'>loco</span> <span class='ocrx_word' id='word_1_296' title='bbox 1067 1960 1196 2009; x_wconf 80' lang='lat' dir='ltr'><em>colligi</em></span> <span class='ocrx_word' id='word_1_297' title='bbox 1219 1960 1299 1998; x_wconf 84' lang='lat' dir='ltr'><em>vult</em></span> <span class='ocrx_word' id='word_1_298' title='bbox 1321 1959 1453 1997; x_wconf 88' lang='lat' dir='ltr'>sindo-</span> 
     </span>
     <span class='ocr_line' id='line_1_59' title="bbox 795 2015 1452 2067; baseline 0 -15"><span class='ocrx_word' id='word_1_299' title='bbox 795 2029 862 2053; x_wconf 84' lang='lat' dir='ltr'><em>nes</em></span> <span class='ocrx_word' id='word_1_300' title='bbox 901 2016 1073 2067; x_wconf 83' lang='lat' dir='ltr'>byssinas</span> <span class='ocrx_word' id='word_1_301' title='bbox 1112 2015 1225 2053; x_wconf 87' lang='lat' dir='ltr'><em>fuisse</em></span> <span class='ocrx_word' id='word_1_302' title='bbox 1277 2023 1398 2053; x_wconf 84' lang='lat' dir='ltr'><em>vestes</em></span> <span class='ocrx_word' id='word_1_303' title='bbox 1430 2030 1452 2052; x_wconf 85' lang='lat' dir='ltr'><em>e</em></span> 
     </span>
     <span class='ocr_line' id='line_1_60' title="bbox 795 2071 1453 2123; baseline 0.002 -14"><span class='ocrx_word' id='word_1_304' title='bbox 795 2073 972 2123; x_wconf 84' lang='lat' dir='ltr'>gossypio</span> <span class='ocrx_word' id='word_1_305' title='bbox 997 2072 1199 2112; x_wconf 78' lang='lat' dir='ltr'><em>confectas.</em></span> <span class='ocrx_word' id='word_1_306' title='bbox 1258 2071 1371 2118; x_wconf 78' lang='lat' dir='ltr'><em>Quod</em></span> <span class='ocrx_word' id='word_1_307' title='bbox 1390 2086 1453 2110; x_wconf 86' lang='lat' dir='ltr'><em>se-</em></span> 
     </span>
     <span class='ocr_line' id='line_1_61' title="bbox 796 2125 1452 2181; baseline 0.002 -17"><span class='ocrx_word' id='word_1_308' title='bbox 796 2125 1452 2181; x_wconf 51' lang='lat' dir='ltr'><em>quiturs&#39;nnaykeo&#39;uevoupoetarum</em></span> 
     </span>
     <span class='ocr_line' id='line_1_62' title="bbox 794 2183 1452 2237; baseline 0.006 -16"><span class='ocrx_word' id='word_1_309' title='bbox 794 2198 902 2221; x_wconf 85' lang='lat' dir='ltr'><em>more</em></span> <span class='ocrx_word' id='word_1_310' title='bbox 926 2184 1020 2222; x_wconf 84' lang='lat' dir='ltr'><em>dixit</em></span> <span class='ocrx_word' id='word_1_311' title='bbox 1050 2198 1118 2235; x_wconf 89' lang='lat' dir='ltr'><em>pro</em></span> <span class='ocrx_word' id='word_1_312' title='bbox 1148 2183 1452 2237; x_wconf 79' lang='grc' dir='ltr'><em>ἐκπληττόμενοι</em></span> 
     </span>
     <span class='ocr_line' id='line_1_63' title="bbox 794 2241 1450 2293; baseline 0.002 -15"><span class='ocrx_word' id='word_1_313' title='bbox 794 2241 1000 2291; x_wconf 78' lang='lat' dir='ltr'><em>(stupentes,</em></span> <span class='ocrx_word' id='word_1_314' title='bbox 1023 2242 1257 2279; x_wconf 80' lang='lat' dir='ltr'><em>admiratione</em></span> <span class='ocrx_word' id='word_1_315' title='bbox 1263 2242 1450 2293; x_wconf 82' lang='lat' dir='ltr'><em>perculsi),</em></span> 
     </span>
     <span class='ocr_line' id='line_1_64' title="bbox 792 2297 1451 2351; baseline 0.003 -17"><span class='ocrx_word' id='word_1_316' title='bbox 792 2305 834 2334; x_wconf 83' lang='lat' dir='ltr'><em>ut</em></span> <span class='ocrx_word' id='word_1_317' title='bbox 864 2297 964 2345; x_wconf 90' lang='lat' dir='ltr'>VIII,</span> <span class='ocrx_word' id='word_1_318' title='bbox 995 2299 1061 2337; x_wconf 79' lang='grc'><em>92.</em></span> <span class='ocrx_word' id='word_1_319' title='bbox 1094 2300 1163 2346; x_wconf 76' lang='lat' dir='ltr'><em>IX,</em></span> <span class='ocrx_word' id='word_1_320' title='bbox 1192 2297 1258 2338; x_wconf 82' lang='grc'><em>48.</em></span> <span class='ocrx_word' id='word_1_321' title='bbox 1291 2299 1451 2351; x_wconf 72' lang='lat' dir='ltr'><em>DIOnys.</em></span> 
     </span>
     <span class='ocr_line' id='line_1_65' title="bbox 792 2354 1450 2403; baseline 0.002 -12"><span class='ocrx_word' id='word_1_322' title='bbox 792 2354 915 2391; x_wconf 82' lang='lat' dir='ltr'>Halic.</span> <span class='ocrx_word' id='word_1_323' title='bbox 935 2355 985 2391; x_wconf 87' lang='lat' dir='ltr'><em>A.</em></span> <span class='ocrx_word' id='word_1_324' title='bbox 1005 2356 1051 2391; x_wconf 88' lang='lat' dir='ltr'><em>R.</em></span> <span class='ocrx_word' id='word_1_325' title='bbox 1072 2356 1101 2403; x_wconf 84' lang='lat' dir='ltr'><em>I,</em></span> <span class='ocrx_word' id='word_1_326' title='bbox 1124 2357 1177 2395; x_wconf 77' lang='lat'><em>32</em></span> <span class='ocrx_word' id='word_1_327' title='bbox 1198 2355 1235 2399; x_wconf 64' lang='grc' dir='ltr'><em>ξ.</em></span> <span class='ocrx_word' id='word_1_328' title='bbox 1256 2354 1293 2395; x_wconf 84' lang='grc'><em>4.</em></span> <span class='ocrx_word' id='word_1_329' title='bbox 1338 2354 1450 2392; x_wconf 76' lang='lat' dir='ltr'>Haud</span> 
     </span>
     <span class='ocr_line' id='line_1_66' title="bbox 791 2410 1448 2459; baseline 0 -12"><span class='ocrx_word' id='word_1_330' title='bbox 791 2410 940 2448; x_wconf 84' lang='lat' dir='ltr'>diverso</span> <span class='ocrx_word' id='word_1_331' title='bbox 971 2423 1082 2448; x_wconf 88' lang='lat' dir='ltr'><em>sensu</em></span> <span class='ocrx_word' id='word_1_332' title='bbox 1116 2412 1253 2448; x_wconf 84' lang='lat' dir='ltr'><em>Noster</em></span> <span class='ocrx_word' id='word_1_333' title='bbox 1279 2413 1347 2459; x_wconf 84' lang='lat' dir='ltr'><em>IX,</em></span> <span class='ocrx_word' id='word_1_334' title='bbox 1371 2414 1448 2453; x_wconf 78' lang='lat'><em>82:</em></span> 
     </span>
     <span class='ocr_line' id='line_1_67' title="bbox 790 2463 1448 2519; baseline -0.002 -13"><span class='ocrx_word' id='word_1_335' title='bbox 790 2465 1028 2519; x_wconf 77' lang='grc' dir='ltr'><em>ἐκπλαγέντα</em></span> <span class='ocrx_word' id='word_1_336' title='bbox 1049 2464 1096 2506; x_wconf 77' lang='grc' dir='ltr'><em>τὰ</em></span> <span class='ocrx_word' id='word_1_337' title='bbox 1129 2468 1371 2519; x_wconf 83' lang='grc' dir='ltr'><em>προκείμενα</em></span> <span class='ocrx_word' id='word_1_338' title='bbox 1401 2463 1448 2505; x_wconf 83' lang='grc' dir='ltr'><em>α’-</em></span> 
     </span>
     <span class='ocr_line' id='line_1_68' title="bbox 789 2519 1448 2575; baseline -0.003 -15"><span class='ocrx_word' id='word_1_339' title='bbox 789 2519 913 2574; x_wconf 74' lang='grc' dir='ltr'><em>γαθά.</em></span> <span class='ocrx_word' id='word_1_340' title='bbox 947 2524 996 2559; x_wconf 87' lang='lat' dir='ltr'><em>Et</em></span> <span class='ocrx_word' id='word_1_341' title='bbox 1017 2523 1118 2561; x_wconf 86' lang='lat' dir='ltr'><em>conf.</em></span> <span class='ocrx_word' id='word_1_342' title='bbox 1139 2537 1294 2575; x_wconf 79' lang='lat' dir='ltr'><em>quoque</em></span> <span class='ocrx_word' id='word_1_343' title='bbox 1312 2525 1448 2559; x_wconf 89' lang='lat' dir='ltr'>Blom-</span> 
     </span>
     <span class='ocr_line' id='line_1_69' title="bbox 791 2577 1448 2628; baseline 0.003 -15"><span class='ocrx_word' id='word_1_344' title='bbox 791 2577 894 2618; x_wconf 87' lang='lat' dir='ltr'><em>field.</em></span> <span class='ocrx_word' id='word_1_345' title='bbox 922 2579 961 2614; x_wconf 90' lang='lat' dir='ltr'><em>in</em></span> <span class='ocrx_word' id='word_1_346' title='bbox 990 2580 1152 2617; x_wconf 82' lang='lat' dir='ltr'><em>Glossar.</em></span> <span class='ocrx_word' id='word_1_347' title='bbox 1191 2580 1238 2617; x_wconf 81' lang='lat' dir='ltr'><em>ad</em></span> <span class='ocrx_word' id='word_1_348' title='bbox 1268 2578 1448 2628; x_wconf 72' lang='lat' dir='ltr'><em>Aeschyl-</em></span> 
     </span>
     <span class='ocr_line' id='line_1_70' title="bbox 795 2633 1447 2685; baseline 0 -15"><span class='ocrx_word' id='word_1_349' title='bbox 795 2633 966 2685; x_wconf 88' lang='lat' dir='ltr'><strong>Choeph.</strong></span> <span class='ocrx_word' id='word_1_350' title='bbox 994 2638 1090 2676; x_wconf 80' lang='grc'>211.</span> <span class='ocrx_word' id='word_1_351' title='bbox 1147 2637 1205 2672; x_wconf 85' lang='lat' dir='ltr'><em>De</em></span> <span class='ocrx_word' id='word_1_352' title='bbox 1234 2636 1349 2672; x_wconf 82' lang='lat' dir='ltr'>verbo</span> <span class='ocrx_word' id='word_1_353' title='bbox 1380 2648 1447 2673; x_wconf 82' lang='grc' dir='ltr'><em>πε-</em></span> 
     </span>
     <span class='ocr_line' id='line_1_71' title="bbox 794 2688 1446 2741; baseline -0.006 -13"><span class='ocrx_word' id='word_1_354' title='bbox 794 2688 944 2741; x_wconf 81' lang='grc' dir='ltr'><em>ριέπειν</em></span> <span class='ocrx_word' id='word_1_355' title='bbox 964 2689 1044 2728; x_wconf 76' lang='lat' dir='ltr'>dixi</span> <span class='ocrx_word' id='word_1_356' title='bbox 1074 2691 1121 2728; x_wconf 82' lang='lat' dir='ltr'><em>ad</em></span> <span class='ocrx_word' id='word_1_357' title='bbox 1145 2692 1190 2738; x_wconf 87' lang='lat' dir='ltr'><em>V,</em></span> <span class='ocrx_word' id='word_1_358' title='bbox 1217 2695 1233 2731; x_wconf 89' lang='lat'>1</span> <span class='ocrx_word' id='word_1_359' title='bbox 1260 2697 1296 2726; x_wconf 68' lang='lat' dir='ltr'><em>et</em></span> <span class='ocrx_word' id='word_1_360' title='bbox 1317 2689 1363 2725; x_wconf 85' lang='lat' dir='ltr'><em>de</em></span> <span class='ocrx_word' id='word_1_361' title='bbox 1375 2702 1446 2725; x_wconf 80' lang='lat' dir='ltr'><em>vo-</em></span> 
     </span>
     <span class='ocr_line' id='line_1_72' title="bbox 794 2740 1444 2796; baseline -0.003 -13"><span class='ocrx_word' id='word_1_362' title='bbox 794 2747 880 2783; x_wconf 87' lang='lat' dir='ltr'><em>cula</em></span> <span class='ocrx_word' id='word_1_363' title='bbox 897 2740 940 2786; x_wconf 78' lang='grc' dir='ltr'><em>εὗ</em></span> <span class='ocrx_word' id='word_1_364' title='bbox 961 2748 999 2783; x_wconf 83' lang='grc' dir='ltr'><em>ἰι]</em></span> <span class='ocrx_word' id='word_1_365' title='bbox 1023 2748 1198 2784; x_wconf 80' lang='lat' dir='ltr'><em>clausulis</em></span> <span class='ocrx_word' id='word_1_366' title='bbox 1227 2747 1315 2796; x_wconf 87' lang='lat' dir='ltr'><em>poni</em></span> <span class='ocrx_word' id='word_1_367' title='bbox 1337 2747 1444 2783; x_wconf 70' lang='lat' dir='ltr'>solita</span> 
     </span>
     <span class='ocr_line' id='line_1_73' title="bbox 792 2801 1112 2851; baseline 0.003 -12"><span class='ocrx_word' id='word_1_368' title='bbox 792 2809 888 2840; x_wconf 78' lang='lat' dir='ltr'><em>nott.</em></span> <span class='ocrx_word' id='word_1_369' title='bbox 910 2801 958 2840; x_wconf 85' lang='lat' dir='ltr'><em>ad</em></span> <span class='ocrx_word' id='word_1_370' title='bbox 979 2804 1025 2851; x_wconf 88' lang='lat' dir='ltr'><em>V,</em></span> <span class='ocrx_word' id='word_1_371' title='bbox 1046 2807 1112 2844; x_wconf 79' lang='lat'><em>27.</em></span> 
     </span>
    </p>

    <p class='ocr_par' dir='ltr' id='par_1_21' title="bbox 1070 2855 1163 2896">
     <span class='ocr_line' id='line_1_74' title="bbox 1070 2855 1163 2896; baseline 0 0"><span class='ocrx_word' id='word_1_372' title='bbox 1070 2858 1121 2896; x_wconf 76' lang='lat'><em>46</em></span> <span class='ocrx_word' id='word_1_373' title='bbox 1138 2855 1163 2878; x_wconf 42' lang='grc' dir='ltr'>ᾗ</span> 
     </span>
    </p>
   </div>
   <div class='ocr_carea' id='block_1_18' title="bbox 1874 1707 1897 3340">
    <p class='ocr_par' dir='ltr' id='par_1_22' title="bbox 1874 1707 1897 3340">
     <span class='ocr_line' id='line_1_75' title="bbox 1874 1707 1897 3340; baseline 0 0"><span class='ocrx_word' id='word_1_374' title='bbox 1874 1707 1897 3340; x_wconf 95' lang='lat' dir='ltr'><em> </em></span> 
     </span>
    </p>
   </div>
  </div>
 </body>
</html>
