1897 3340
426 168 1072 209 TERPSICHORE.
1132 170 1175 205 V.
1351 172 1431 211 1⁰5

170 281 342 324 ἔλθοιεν
384 278 691 334 Σπαρτιητέων
733 274 907 330 ἄνδρες,
947 278 988 319 εἴ
1020 292 1064 319 τε
1094 277 1191 332 ἰδίῳ
1221 277 1360 333 στόλῳ
1392 280 1430 320 εἴ
1485 282 1566 324 402

169 365 212 391 τε
248 350 438 403 δημοσίῳ
463 345 745 401 χρησόμενοι,
773 344 1013 399 προφέρειν
1046 355 1126 398 σφι
1147 343 1222 394 τὰς
1247 341 1433 398 Ἀθήνας
1491 334 1746 399 ἔίζζῖξ,ἠξ“,’ῑί,ζ“,ᾪρο

143 417 444 495 Ξέλευθεροῦν.
505 411 848 467 Λακεδαιμόνιοι
878 412 944 459 δὲ,
980 410 1038 462 ὥς
1069 425 1147 466 σφι
1179 412 1261 454 αἰεὶ
1288 410 1430 454 τώυτὸ
1490 403 1761 464 ξῖἷῧξζὲ,’,ἰ,,’,“,“.Ϊ’““Ῑὶξ’,ῑ,

169 478 425 538 πρόφαντον
437 481 618 537 ἐγένετο,
649 480 868 535 πέμπουσι
894 478 1163 537 Ἀγχιμόλιον
1193 479 1272 522 τὸν
1298 478 1435 522 Ἀστέ-
1493 475 1558 526 ῗῖξῖἷῗ
1579 470 1764 541 ξῖἰδῗὶἷζξήῗῑῗζζῃ

170 539 269 603 ρος,
299 546 425 592 ἐόντα
453 553 542 592 τῶν
571 548 715 591 ἀστῶν
744 547 884 601 ἄνδρα
908 548 1105 602 δόκιμον,
1134 547 1217 590 σύν
1248 550 1430 603 στρατῷ,
1444 535 1762 597 65ῗζιξ’ξξζ“,“ζ“3ξῗὲῗηᾘζζ

169 619 373 669 ἐξελῶντα
404 618 760 671 Πεισιστρατίδας
790 616 831 667 ἐξ
853 615 1083 672 Ἀθηνέων,
1113 615 1228 668 ὅμως
1258 615 1330 657 καὶ
1357 615 1426 666 ξει-

166 686 290 735 νίους
327 696 407 740 σφι
444 684 596 734 ἐόντας
632 685 685 726 τὰ
722 683 932 739 μάλιστα·
984 683 1036 726 τοὶ
1075 683 1159 738 γάρ
1200 687 1280 726 τοῦ
1322 686 1432 726 θεοῦ

138 752 444 808 δ’πρεσβύτερα
475 754 700 796 ἐποιεῦντο
729 752 758 808 ἢ
790 750 842 794 τοὶ
872 755 961 795 τῶν
991 750 1177 806 ἀνδρῶν.
1215 750 1434 807 πέμπουσι

827 907 1060 965 αὕθιγενέσι
1099 926 1160 964 ap.
1189 913 1348 950 Lucian.
1390 913 1492 949 Her-

111 969 497 1021 Schweighaeuserus
541 971 771 1022 interpreta-
825 976 920 1006 mot.
951 983 985 1011 c,
1007 968 1078 1020 24)
1110 968 1233 1018 ξένιοι
1260 977 1389 1006 autem
1410 970 1490 1006 noti

109 1034 171 1064 tur
190 1027 288 1064 edere
307 1027 506 1074 oraculum,
538 1026 642 1064 idem
665 1026 770 1080 quod
827 1033 863 1063 et
882 1025 1088 1078 hospites.“
1147 1027 1245 1063 Satis
1264 1040 1354 1064 vero
1376 1027 1489 1063 novi-

109 1079 301 1135 οἷναιρεῖν.
357 1084 550 1137 Equidem
570 1085 704 1120 malim
725 1073 806 1121 eo·
825 1097 911 1120 mus
939 1082 1042 1134 apud
1068 1091 1212 1120 veteres
1231 1082 1336 1120 idem
1356 1082 1487 1134 hospi—

110 920 207 950 nott.
248 912 296 951 ad
330 915 383 962 V,
424 913 491 954 42.
549 911 769 964 προφέρειν

109 1154 222 1178 sensu
260 1141 451 1193 accipere,
487 1154 563 1194 quo
594 1142 658 1189 IV,
690 1142 764 1183 151

110 1198 197 1235 coll.
236 1199 274 1245 I,
318 1201 357 1239 3.
426 1199 477 1234 At
524 1205 626 1235 recte
665 1197 770 1234 idem

114 1252 336 1305 Schweigh.
367 1250 624 1306 πρόφαντον,
666 1253 770 1306 qnod

114 1312 253 1347 iterum
284 1311 420 1361 legitur
448 1312 516 1358 IX,
547 1314 613 1358 93,
649 1312 770 1347 inter-

114 1374 283 1418 pretatur
304 1368 441 1404 oraculz'
459 1380 681 1417 responsum,
711 1368 770 1418 ef-

108 1424 245 1475 fatum,
267 1419 413 1475 λόγιον,
441 1420 706 1474 θεοπρόπιον,
728 1431 771 1461 ut

115 1481 279 1531 explicat
307 1478 515 1531 Hesychius
547 1481 598 1517 T.
627 1482 663 1516 Π
681 1493 770 1531 pag.

116 1539 236 1577 1062.
302 1535 402 1573 Add.
434 1537 609 1573 Creuzer.
652 1537 771 1588 Sym-

113 1593 190 1629 bol.
216 1594 234 1629 I
260 1605 348 1643 pag.
381 1594 475 1633 191.
508 1616 564 1620 —
607 1592 668 1630 Ad
690 1594 770 1630 for—

112 1661 218 1685 mam
248 1649 438 1697 ἐξελῶντα
469 1651 508 1686 in
539 1663 645 1703 seqq.
666 1651 767 1688 conf.

110 1705 176 1753 IV,
204 1705 296 1746 148.

170 1759 277 1813 ὅμως
305 1761 372 1801 καὶ
394 1763 564 1810 ξεινίους
586 1775 658 1812 σφι
686 1758 769 1802 ἐόν-

111 1834 180 1865 τας
199 1816 246 1857 τοὶ
274 1815 458 1870 μάλιστα]
489 1821 514 1857 i.
541 1833 578 1856 e.
610 1821 771 1870 quamvis

113 1875 168 1913 vel
205 1876 353 1926 hospitii
386 1878 461 1913 iure
489 1889 592 1926 quam
622 1878 771 1914 maxime

112 1934 296 1969 coniuncti
307 1937 440 1980 essent,
477 1934 543 1970 ubi
563 1930 672 1983 ὅμως
690 1946 769 1970 non

113 1989 213 2025 valet
233 1993 360 2037 tamen,
380 1989 446 2026 sed
468 1993 638 2040 quamvis.
661 1990 770 2027 Conf.

113 2044 249 2082 Matth.
273 2047 338 2083 Gr.
360 2047 426 2083 Gr.
452 2060 539 2097 pag.
566 2047 671 2087 1115
692 2060 771 2099 seq.

114 2103 191 2139 Pro
209 2103 378 2150 ξεινίους
401 2103 583 2140 Schaefer
603 2102 650 2140 ad
677 2105 770 2140 Gre-

114 2172 197 2209 gor.
234 2159 320 2197 Cor.
366 2172 454 2211 pag.
500 2160 582 2201 556
624 2162 772 2198 mavult

116 2215 289 2264 ξείνους,
338 2215 443 2267 quod
475 2224 596 2253 exstat
624 2217 669 2264 V,
701 2220 769 2259 90.

116 2274 183 2313 91.
204 2273 272 2319 ΙΧ,
297 2275 360 2311 11.
403 2275 482 2310 Nec
501 2281 629 2309 tamen
650 2275 690 2309 iu
710 2281 770 2310 ta-

114 2329 212 2365 libus
233 2327 324 2381 quid
345 2337 474 2366 contra
503 2330 614 2367 codd.
638 2323 771 2368 aucto-

115 2385 264 2422 ritatem
293 2393 441 2423 mutare
468 2387 596 2424 licebit
611 2416 620 2434 ,
659 2401 773 2438 prae-

117 2443 245 2478 sertim
275 2455 395 2494 quum
427 2444 570 2490 ξείνιος
613 2443 770 2492 dicatur,

121 2497 305 2550 quidquid
335 2498 383 2536 ad
413 2498 614 2551 hospitium
652 2503 771 2551 perti-

120 2561 207 2591 neat
223 2584 232 2602 ,
262 2554 364 2592 unde
391 2554 493 2602 Ζεύς
514 2557 676 2604 ξείνιος,
698 2559 771 2594 alia

120 2608 160 2646 id
178 2623 308 2660 genus.
347 2614 452 2649 Bene
472 2614 602 2650 Iacobs
623 2613 671 2650 ad
697 2615 771 2650 Ae-

123 2666 212 2702 liau.
233 2666 279 2704 de
304 2669 349 2704 N.
371 2670 418 2706 A.
438 2671 540 2716 XIV,
564 2675 582 2710 1
619 2684 656 2720 p.
676 2672 771 2718 468,

124 2720 252 2769 ,ξένοι
273 2731 359 2761 sunt
377 2728 566 2776 peregrini
601 2723 772 2778 (ἐντήλυ-

124 2779 188 2825 ὁες
208 2777 274 2817 καὶ
291 2779 395 2827 ξένοι
422 2790 665 2833 opponuntur
691 2787 774 2830 τοῖς

826 1141 869 1177 tii
897 1141 955 1177 ius
986 1142 1084 1177 inter
1113 1141 1281 1191 singulos
1313 1140 1488 1177 homines

827 1210 949 1249 aeque
988 1204 1101 1248 atque
1135 1205 1267 1248 gentes
1298 1199 1487 1234 civitates-

827 1267 902 1305 que
931 1255 1112 1290 valuisse:
1144 1253 1486 1305 quemadmodum,

826 1312 882 1346 uti
902 1308 976 1346 hoc
999 1317 1103 1358 utar,
1136 1311 1287 1347 Cimoni
1315 1324 1394 1347 non
1416 1311 1487 1346 ali-

826 1373 884 1404 ter
895 1374 1008 1418 atque
1019 1367 1256 1404 Pisistratidis
1267 1380 1356 1404 cum
1367 1368 1487 1418 Spar-

827 1425 924 1460 tanis
939 1425 1189 1461 intercessisse
1218 1425 1336 1460 fertur
1355 1423 1487 1474 hospi-

826 1481 936 1526 tium,
966 1481 1177 1531 προξενίοις
1193 1482 1350 1517 nomine
1370 1482 1486 1530 vulgo

826 1537 1072 1586 insignitum:
1094 1538 1146 1574 ita
1170 1545 1209 1574 ut
1227 1538 1288 1574 vel
1307 1536 1381 1573 hoc
1402 1537 1486 1573 loco

827 1594 999 1641 ξεινίους
1017 1607 1046 1630 s·
1060 1593 1197 1641 ξένους
1210 1593 1348 1630 eodem
1361 1607 1484 1639 sensu,

829 1663 905 1701 quo
927 1651 1161 1700 προξείνους
1182 1652 1352 1701 accipere
1362 1651 1486 1687 licent.

826 1707 884 1743 Cf.
919 1707 1094 1744 Creuzer.
1129 1708 1305 1760 Symbol.
1340 1709 1376 1744 II
1395 1720 1485 1759 pag.

882 1816 929 1858 τὰ
949 1816 1022 1871 γάρ
1035 1822 1108 1858 τοῦ
1119 1823 1222 1860 θεοῦ
1242 1817 1486 1873 πρεσβύτερα

827 1874 1034 1915 ἐποιεῦντο
1063 1872 1091 1927 ἢ
1122 1873 1169 1915 τὰ
1201 1880 1281 1916 τῶν
1304 1873 1481 1929 ἀνδρῶν]

829 1934 855 1969 i.
878 1946 910 1970 e.
925 1946 1005 1970 nam
1027 1946 1116 1983 quae
1135 1933 1204 1971 diis
1228 1935 1404 1980 debentur,
1418 1948 1482 1971 an-

830 1992 983 2040 tiquiora
1012 1990 1187 2027 habebant
1216 1993 1282 2038 iis,
1318 2004 1406 2041 quae
1425 1991 1485 2027 Ιιο-

828 2049 959 2084 minum
1009 2051 1090 2084 sunt
1135 2048 1346 2085 mortalium.
1423 2046 1485 2084 Ad

827 2103 1056 2140 sententiam
1077 2105 1193 2140 citant
1212 2107 1280 2152 IX,
1304 2108 1341 2151 6,
1361 2105 1426 2140 ubi
1438 2104 1484 2141 de

828 2161 1064 2197 Laconibus:
1113 2160 1202 2213 περὶ
1235 2161 1419 2200 πλείστου
1442 2157 1484 2200 δ’
1544 2208 1547 2209 ⁷

827 2210 928 2268 ἦγον
960 2214 1008 2255 τοὶ
1036 2219 1109 2256 τοῦ
1130 2220 1235 2256 θεοῦ
1255 2214 1484 2269 πορσύνειν,

826 2275 997 2325 itemque
1047 2274 1212 2311 Socratis
1261 2274 1406 2312 dictum
1446 2275 1484 2310 iu

826 2331 991 2381 Apolog.
1023 2331 1172 2368 Platon.
1200 2345 1239 2382 p.
1259 2333 1312 2372 29
1336 2332 1378 2368 C.
1399 2333 1485 2368 coll.

827 2388 930 2424 Actt.
965 2389 1094 2438 Apost.
1124 2389 1170 2436 V,
1192 2391 1258 2428 29.
1297 2389 1355 2424 De
1375 2389 1485 2424 locu-

828 2445 932 2481 tione
971 2441 1237 2495 πρεσβύτερον
1278 2445 1484 2483 ποιεῖσθαί

829 2516 866 2539 τι
915 2501 1016 2537 conf.
1058 2515 1154 2552 quae
1204 2501 1252 2538 ad
1291 2500 1482 2538 Plutarch.
1525 2549 1528 2555 Ι

828 2556 965 2609 Pyrrh.
992 2570 1080 2608 pag.
1112 2561 1194 2599 226
1236 2559 1483 2595 enotavimus.

828 2636 884 2641 —-
917 2614 957 2653 οἱ
984 2611 1125 2665 ἄνδρες
1159 2615 1224 2650 ubi
1259 2619 1342 2661 τοῖς
1373 2617 1485 2659 θεοῖς

829 2677 1074 2721 oppomuitur
1089 2698 1106 2716 ,
1125 2671 1165 2706 in
1184 2673 1403 2708 universum
1425 2669 1484 2706 di-

829 2734 967 2764 cuutur
986 2728 1153 2775 homines,
1174 2728 1354 2773 mortales,
1384 2732 1424 2762 ut
1445 2726 1482 2760 in

830 2785 979 2821 Platon.
1001 2784 1142 2835 Cratyl.
1161 2797 1199 2834 p.
1221 2785 1295 2823 391
1321 2783 1366 2818 Ε.
1421 2782 1484 2817 Tu

1871 2647 1883 2668 a

1874 3046 1876 3061 η
1869 2734 1883 3010 &finum-‹vanv—
1876 2695 1878 2710 „,
