1897 3340
403 165 1061 224 TERPSIVCHORE.
1120 165 1165 201 v.

1365 168 1420 208 77

156 298 254 335 ,,ται
279 279 495 334 Ἀρμένιοι
515 278 618 328 οἵδε,
649 274 722 318 καὶ
751 268 874 317 οὗτοι
904 271 1047 324 ἐόντες
1075 272 1418 329 πολυπρόβατοι·

156 347 414 404 ,,Ἀρμενίων
463 345 529 394 δὲ,
576 342 821 398 Ματιηνοὶ,
876 340 1022 397 χώρην
1070 339 1196 397 τήνδε
1239 341 1420 396 ἔχοντες.

102 424 139 458 11
157 417 292 472 ἔχεται
335 414 380 456 δὲ
409 410 579 454 τούτων
608 415 663 467 γῆ
702 409 779 466 ἥδε
809 411 980 466 Κισσίη.
1042 408 1089 452 ἐν
1123 412 1178 465 τῇ
1217 408 1269 464 δή
1300 408 1421 463 παρὰ

156 480 381 537 ,,ποταμὸν
422 479 548 522 τόνδε
586 478 799 535 Χοάσπην
841 476 1018 532 κείμενα
1055 476 1143 520 ἐστι
1183 476 1233 520 τοὶ
1264 479 1476 520 Σοῦσαδο

156 554 345 606 ,,ταῦτα,
389 546 498 590 ἔνθα
528 546 732 602 βασιλεύς
769 562 812 590 τε
852 545 984 601 μέγας
1014 546 1185 588 δίαιταν
1214 544 1418 591 ποιέεται,

155 620 256 674 „mci
304 619 392 659 τῶν
441 614 673 671 χρημάτων
723 616 766 657 οἱ
808 614 1029 669 θησαυροὶ
1079 612 1273 656 ἐνθαῦτά
1324 614 1417 656 εἰσι.

102 684 377 739 12,,Ἑλόντες
425 684 470 728 δὲ
507 683 670 739 ταύτην
709 681 790 738 τὴν
834 680 985 733 πόλιν,
1033 680 1298 736 θαρσέοντες
1336 680 1420 737 ἤδη

154 914 373 971 Ἀρμένιοι]
393 917 450 954 Cf.
463 914 648 967 Stephan.
660 916 757 968 Byz.

98 990 129 1013 s.
159 990 198 1014 v.
226 973 412 1026 Ἀρμενία
438 988 476 1024 p.
509 976 588 1014 169
619 980 656 1010 et
675 975 760 1010 Eu-

99 1031 213 1070 stath.
242 1034 284 1068 in
312 1033 473 1082 Dionys.
495 1030 599 1077 694,
635 1032 701 1067 ubi
722 1038 759 1067 et

99 1089 140 1126 h.
162 1091 187 1126 l.
210 1096 247 1126 et
268 1090 429 1126 alterum
449 1088 539 1134 VII,
560 1091 582 1127 7
589 1090 613 1128 3
645 1088 760 1124 simul

100 1147 278 1197 respexit.
315 1147 380 1182 Tu
408 1142 486 1182 vid.
506 1151 603 1181 nott.
625 1144 673 1181 ad
692 1146 758 1191 ΙΠ,

100 1205 154 1243 93
185 1202 272 1240 add.
304 1204 437 1240 Ritter.
474 1200 678 1239 Erdkund.
723 1203 760 1238 II

100 1272 189 1310 pag.
222 1263 328 1307 780,
373 1260 439 1310 qui
484 1265 585 1294 recte
614 1265 759 1305 monet,

100 1318 303 1352 Armenios
324 1314 564 1351 Herodotum
590 1328 668 1350 non
689 1316 762 1351 nisi

101 1379 268 1424 pastores
299 1373 539 1422 cognovisse,
562 1384 656 1423 quos
677 1373 761 1408 Xe-

102 1428 260 1480 nophon
280 1429 321 1465 in
351 1430 442 1466 vicis
478 1427 692 1465 habitantes
725 1435 761 1465 et

103 1485 207 1523 aliud
227 1487 326 1524 vitae
346 1486 467 1536 genus
482 1489 686 1521 tractantes
697 1485 760 1520 in-

102 1544 221 1582 venit.
274 1543 347 1587 Qui
366 1541 485 1578 iidem
504 1537 761 1593 πολυπρόβα-

101 1614 162 1639 τοι,
183 1598 383 1647 dicuntur,
415 1597 519 1650 quod
550 1599 582 1635 si
610 1599 693 1650 quis
714 1597 763 1635 ad

103 1669 262 1694 omnem
289 1669 372 1692 rem
401 1656 620 1706 pecuariam
648 1668 691 1692 ao
711 1657 765 1692 si—

103 1714 264 1764 gillatim
285 1712 333 1749 ad
345 1726 474 1764 equos,
497 1713 633 1764 quibus
654 1725 766 1763 egre—

104 1772 174 1821 giis
206 1771 311 1807 omni
339 1770 417 1806 fere
446 1777 618 1820 tempore
640 1770 765 1806 abun-

106 1827 208 1864 davit
238 1828 443 1873 Armenia,
492 1833 585 1863 teste
626 1825 764 1862 eodem

103 1885 249 1921 Rittero
269 1885 295 1920 l.
317 1884 341 1920 I.
362 1885 397 1919 II
417 1895 504 1934 pag.
518 1883 613 1931 759,
634 1883 764 1920 referri

105 1942 218 1989 velit,
246 1953 380 1977 vereor
407 1947 449 1977 ut
480 1942 652 1976 assentiri
672 1953 763 1991 pos-

105 1999 199 2046 sim,
241 2011 332 2034 cum
365 1996 580 2034 Herodotus
614 2004 763 2034 tantum

107 2054 155 2092 de
165 2051 377 2107 προβάτων
390 2067 542 2105 genere,
554 2067 629 2106 quo
645 2068 763 2106 equos

105 2124 197 2149 sane
236 2113 301 2148 vix
341 2109 614 2162 comprehendi
655 2125 765 2162 posse

108 2169 343 2215 existimem,
375 2170 558 2219 cogitasse
578 2167 765 2206 videatur.

107 2226 165 2261 De
186 2224 363 2262 Matienis
394 2224 559 2262 diximus
580 2224 628 2261 ad
648 2227 677 2273 Ι,
698 2229 724 2267 7
727 2230 766 2275 2,

109 2281 157 2318 de
181 2281 304 2320 Cissiis
324 2284 388 2329 ΠΙ,
413 2283 460 2321 91
487 2283 573 2319 0011.
595 2282 676 2329 VH,
698 2285 766 2326 61·

110 2339 216 2384 Quae
252 2352 346 2376 mox
380 2345 508 2375 noster
536 2337 673 2376 habet:
716 2342 769 2391 γῆ

111 2391 184 2446 ἥδε
213 2396 383 2445 Κισσίη,
412 2396 452 2431 in
481 2396 524 2432 iis
551 2409 767 2447 pronomen

113 2450 454 2489 demonstrativum
469 2453 521 2489 ita
538 2454 704 2503 ponitur,
726 2460 770 2490 ut

117 2510 291 2546 articulus
331 2521 411 2546 non
450 2508 671 2547 adiicietur:
722 2510 770 2547 de

117 2576 191 2614 quo
228 2567 421 2603 monuisse
451 2565 564 2603 video
608 2568 771 2617 Kriiger.

119 2619 167 2656 ad
192 2621 442 2673 Xenophont.
476 2623 602 2661 Anab.
632 2624 713 2672 VH,
744 2627 770 2665 2

121 2676 158 2720 ᾗ·
179 2679 230 2718 29
263 2677 354 2729 (ubi
382 2693 430 2716 ex
449 2678 488 2716 h.
510 2681 535 2717 l.
557 2681 684 2718 minus
705 2694 772 2717 ac-

120 2739 246 2769 curate
274 2736 361 2772 citat
388 2732 461 2787 ἥδε
502 2732 669 2787 Κύπρος
703 2751 772 2788 pro

118 2783 192 2838 ἥδε
211 2791 391 2842 Κισσίη),
425 2799 461 2829 et
481 2792 529 2830 ad
549 2795 578 2841 Ι,
601 2797 627 2834 2
648 2795 685 2840 ξ.
706 2798 774 2835 20.

815 913 918 953 Add.
955 915 1068 953 Held.
1092 914 1140 952 ad
1173 912 1367 952 Plutarch.
1396 915 1477 950 Ae·-

814 974 897 1010 mil.
919 974 1027 1010 Paul.
1049 975 1103 1013 22
1123 985 1210 1024 pag.
1228 974 1309 1013 228
1330 985 1469 1023 seq.—

815 1033 892 1067 Pro
928 1028 1118 1069 Χοασπέα
1148 1044 1168 1065 e
1197 1027 1310 1066 codd.
1332 1030 1477 1065 restitui

818 1083 1039 1137 Χοάσπην,
1078 1085 1182 1138 quod
1211 1085 1317 1122 idem
1352 1087 1396 1133 V,
1424 1086 1478 1126 52

817 1158 950 1181 omnes
967 1151 1155 1196 quantum
1175 1145 1252 1180 scio
1266 1144 1352 1179 libri
1363 1155 1477 1193 prae—

817 1203 929 1239 bent:
974 1201 1021 1238 de
1053 1201 1133 1251 ipso
1164 1201 1281 1238 fluvio
1312 1199 1479 1236 diximus

818 1258 867 1295 ad
887 1259 916 1304 I,
941 1259 1034 1297 188.

873 1311 920 1353 τὰ
942 1316 1081 1353 Σοῦσα
1097 1314 1240 1362 ταῦτα]
1271 1312 1370 1349 Satis
1383 1325 1478 1349 con—

818 1378 890 1408 stat
922 1371 1027 1407 Susis
1058 1378 1206 1421 partem
1244 1371 1336 1406 anni
1369 1382 1478 1406 com-

818 1429 962 1464 morari
992 1428 1120 1464 solitos
1141 1428 1253 1464 fuisse
1273 1428 1479 1463 Persarum

816 1496 946 1535 reges:
991 1483 1038 1520 de
1071 1497 1146 1534 quo
1167 1491 1343 1521 veterum
1372 1484 1481 1520 testi-

818 1543 950 1577 monia
990 1541 1146 1591 praebet
1188 1541 1356 1576 Brisson.
1422 1541 1482 1576 De

820 1611 901 1648 reg.
936 1599 1042 1634 Pers.
1069 1598 1230 1648 princip.
1268 1598 1298 1644 I,
1328 1598 1396 1637 67.
1427 1598 1482 1637 68

822 1656 908 1692 coll.
929 1656 959 1702 Ι,
982 1657 1063 1695 182
1084 1654 1131 1690 de
1147 1656 1248 1704 gazis
1269 1654 1321 1690 ibi
1343 1666 1482 1689 recon—

824 1711 929 1759 ditis,
979 1711 1027 1748 de
1069 1712 1206 1763 quibus
1247 1711 1482 1760 VVesseling.

822 1769 987 1806 conferri
1016 1769 1121 1804 iubet
1149 1768 1329 1805 strabon.
1350 1768 1422 1804 XV
1444 1781 1482 1817 p.

821 1827 901 1867 728
922 1838 951 1862 s.
977 1825 1084 1865 1059
1112 1826 1159 1861 A.
1198 1826 1263 1861 Tu
1287 1824 1363 1861 vid.
1385 1831 1482 1860 nott.

820 1882 870 1919 ad
889 1883 953 1929 III,
970 1884 1024 1921 70
1045 1894 1133 1932 pag.
1154 1884 1246 1921 127.
1280 1880 1346 1918 Cr.
1369 1894 1483 1932 prae-

819 1947 922 1976 terea
944 1938 991 1975 de
1012 1938 1139 1985 Susis,
1172 1937 1219 1974 de
1246 1939 1383 1990 quibus
1412 1951 1482 1975 ve-

820 2004 949 2033 terum
961 1996 1188 2045 scriptorum
1199 1996 1303 2031 locos
1320 2008 1483 2045 conges-

821 2055 868 2090 sit
883 2053 1051 2089 Brisson.
1083 2053 1140 2088 De
1158 2065 1237 2102 reg.
1258 2053 1363 2088 Pers.
1375 2053 1485 2102 prin-

823 2112 897 2162 cip.
923 2122 1012 2161 pag.
1033 2111 1189 2161 88seq.‚
1217 2109 1382 2146 conferri
1401 2109 1485 2146 vult

822 2166 966 2204 Athen.
988 2167 1075 2213 XII,
1103 2180 1141 2217 p.
1164 2166 1244 2207 513
1266 2168 1309 2202 F.
1340 2180 1378 2216 p.
1401 2164 1483 2206 409

825 2222 1207 2274 Schweigl1.Da11iel.
1221 2224 1320 2270 VIII,
1343 2226 1382 2264 2.
1402 2224 1483 2258 Ne-

824 2281 928 2319 hem.
944 2283 973 2329 1,
998 2283 1016 2320 1
1043 2281 1138 2330 (ubi
1159 2279 1386 2330 Schusckan)
1406 2280 1487 2316 Bo-

825 2338 945 2377 chart.
978 2339 1120 2387 Geogr.
1153 2350 1248 2374 sacr.
1279 2338 1327 2385 II,
1368 2338 1418 2376 14
1446 2350 1488 2387 p.

824 2395 921 2438 451.
950 2396 1140 2431 Mannert.
1171 2395 1313 2445 Geogr.
1332 2394 1378 2441 V,
1399 2396 1426 2434 2
1446 2407 1487 2444 Ρ.

825 2452 909 2493 484
939 2459 977 2489 et
998 2451 1186 2502 imprimis
1214 2449 1363 2488 Hoeck.
1397 2451 1485 2491 Vet.

826 2508 930 2546 Med.
959 2515 996 2545 et
1024 2510 1128 2545 Pers.
1158 2509 1376 2545 Monumm.
1395 2520 1488 2558 pag.
1511 2553 1514 2559 ,

828 2568 893 2607 98.
908 2564 974 2613 94,
985 2567 1050 2617 qui
1065 2566 1105 2601 in
1120 2566 1291 2602 orientali
1304 2564 1486 2615 Choaspis

826 2622 909 2674 rip-52
928 2624 1039 2659 sitam
1061 2623 1261 2659 arbitratur
1286 2620 1387 2658 hanc
1418 2634 1486 2657 ur-

828 2682 931 2717 bem.
989 2681 1033 2715 In
1053 2693 1159 2731 seqq.
1180 2678 1229 2716 ad
1247 2680 1363 2716 verba
1386 2676 1486 2716 ἔνθα

829 2758 885 2766 --
903 2732 1084 2776 ἐνθαῦτά
1116 2736 1191 2774 εἰσι
1220 2736 1322 2774 conf.
1350 2731 1487 2770 Matth.

832 2795 898 2832 Gr.
921 2795 987 2831 Gr.
1007 2806 1096 2844 pag.
1118 2794 1214 2834 881.
