1897 3340
93 272 165 301 dam
198 272 366 314 expeditio·

94 315 142 340 ne,
164 306 291 335 Creucis
309 307 341 333 in

93 341 184 368 Italia
207 340 334 367 coloniis

93 374 329 401 'I'arentinorum

93 415 129 434 ac
160 407 367 442 Rhegium-um

92 440 223 468 infausto
243 440 350 468 adver-

93 482 144 501 sus
169 474 236 501 iIIas
256 474 344 505 bello,

93 507 229 542 Micytho
248 508 362 543 Rhegii

94 545 301 577 procuratore,

423 167 507 207 ⁹101

813 165 1269 204 HERODOTI

422 271 701 330 καλευμένην,
730 273 973 318 ἀποθανεῖν
1001 275 1127 331 βιαίῳ
1157 273 1345 331 θανάτῳ.
1385 270 1469 316 ἀνα
1498 272 1544 316 δὲ
1572 271 1671 328 χρό-

423 358 505 386 νον
534 345 720 397 Κρῆτας,
749 345 858 385 θεοῦ
889 353 970 398 σφε
1000 340 1331 397 ἐποτρύναντος,
1360 342 1522 392 πάντας
1559 339 1671 396 πλὴν
1683 347 1725 381 15

425 409 713 465 Πολιχνιτέων
740 424 783 451 τε
812 410 884 452 καὶ
915 411 1157 464 Πραισίων,
1205 409 1494 466 ἀπικομένους
1530 407 1670 463 στόλῳ

416 476 583 534 μεγάλῳ
605 477 646 526 ἐς
656 477 883 532 Σικανίην,
913 477 1178 531 πολιορκέειν
1194 477 1252 520 ἐπ’
1276 476 1367 520 ἔτεα
1389 475 1513 520 πέντε
1542 472 1672 518 πόλιν

422 541 725 600 Κάμικον,τήν
752 542 842 586 κατ’
873 544 944 598 ἐμὲ
964 543 1285 600 Ἀκραγαντῖνοι
1313 543 1526 600 ἐνέμοντο·
1553 542 1672 593 τέλος

414 612 472 665 δὲ,
503 610 557 654 ου’
584 609 854 667 δυναμένους
881 609 981 655 οὔτε
1001 611 1122 667 ἑλεῖν,
1149 612 1247 657 οὔτε
1266 612 1538 668 παραμένειν,
1559 612 1671 669 λιμῷ

368 793 452 835 ἐπεὶ
491 793 557 833 καὶ
590 790 795 847 Ἡρόδοτος
825 795 1022 834 Σικανίαν

369 851 471 890 ἔοικε
489 848 564 901 τήν
585 854 662 890 νῦν
676 851 864 891 Σικελίαν
883 850 1021 902 λέγειν.

369 908 480 944 Conf.
516 906 700 945 Niebuhr.
733 910 829 945 Hist.
860 910 970 945 Rom.
1004 909 1021 943 I

366 978 406 1014 p.
430 966 506 1004 110
528 965 614 1001 coll.
634 977 721 1015 pag.
754 968 847 1006 100.
876 962 1021 1015 Ephori

367 1020 502 1070 fragm.
515 1034 554 1071 p.
570 1020 919 1061 153.Broendsted.
936 1021 1024 1057 Rei-

368 1089 448 1115 sen.
470 1077 487 1112 I
507 1091 545 1128 p.
568 1076 671 1118 54.“
693 1099 748 1104 --

424 1129 530 1184 πλήν
575 1130 841 1185 Πολιχνιτέων
879 1145 920 1171 τε
957 1129 1024 1170 καὶ

322 1202 324 1205 ·
372 1188 613 1241 Πραισίων]
688 1189 909 1228 Polichnitas
945 1188 1024 1239 Cy-

369 1244 530 1282 doniatis
541 1247 734 1296 proximos
747 1246 858 1282 fnisse
873 1259 892 1281 e
909 1243 1023 1280 Thu-

369 1301 496 1353 cydid.
514 1304 562 1349 11,
591 1303 643 1344 85
675 1303 868 1352 colligunt.
907 1301 1022 1337 Plura

368 1372 446 1395 non
488 1365 671 1399 constant.
739 1359 849 1395 Conf.
888 1358 1021 1407 Poppo

368 1413 549 1466 Thucyd.
571 1416 640 1463 1‚2
663 1428 749 1466 pag.
763 1416 857 1455 279.
874 1412 1021 1454 Hoeck,

369 1471 469 1508 Cret.
491 1473 526 1507 Π
556 1478 594 1521 p.
618 1472 710 1518 185,
740 1472 806 1523 qui
824 1469 1023 1506 Polichni-

368 1534 493 1564 tarum
527 1527 712 1578 oppidum
751 1540 772 1564 a
803 1525 1020 1578 Cydoniatis

369 1583 505 1634 (prope
547 1583 720 1631 Caneam,
750 1590 793 1620 ut
822 1596 923 1619 nunc
950 1595 1022 1620 vo-

368 1641 484 1690 cant)
528 1639 724 1677 conditum
746 1652 824 1676 esse
853 1639 1022 1689 suspica-

367 1702 439 1733 tur.
482 1694 636 1733 Praesus
663 1697 750 1733 urbs
771 1695 818 1732 ad
838 1694 1022 1732 meridio-

368 1752 496 1789 nalem
529 1753 674 1789 insulae
694 1765 800 1789 oram
823 1765 902 1788 non
930 1764 1022 1802 pro-

369 1810 432 1846 cul
461 1810 507 1845 ab
530 1809 762 1860 Hierapytna
784 1807 1022 1846 occidentem

368 1878 496 1903 versus
526 1866 594 1902 sita
614 1866 698 1913 fuit,
720 1878 741 1902 a
770 1866 867 1902 mari
894 1877 1023 1901 remo-

368 1928 407 1958 ta
421 1923 616 1972 sexaginta
636 1921 774 1969 stadiis,
801 1928 892 1958 teste
914 1921 1023 1958 Stra-

369 1978 469 2014 bone
490 1979 527 2014 X
548 1992 585 2029 p.
607 1981 687 2018 728
710 1979 752 2015 C.
773 1991 801 2016 s.
823 1976 905 2019 475
927 1984 963 2014 et
982 1991 1019 2028 p.

369 2037 451 2075 733
472 2036 519 2073 A.
541 2048 570 2071 s.
590 2032 694 2082 478,
731 2035 796 2086 qui
825 2032 924 2070 hanc
955 2047 1023 2070 ur—

369 2090 471 2138 bem,
483 2092 675 2142 autiquam
695 2090 1020 2128 Eteocretensium

370 2145 512 2194 sedem,
533 2148 631 2184 Iovis
642 2147 788 2184 Dictaei
804 2148 946 2197 templo
960 2147 1023 2182 in-

369 2202 530 2251 signem,
552 2215 722 2239 eversam
744 2216 822 2239 esse
834 2208 960 2238 narrat
975 2203 1021 2238 ab

368 2258 668 2308 Hierapytnaeis.
739 2260 854 2294 Plura
874 2256 1020 2293 Hoeck.

372 2312 472 2351 Cret.
504 2316 520 2348 1
550 2326 636 2363 pag.
664 2315 724 2359 16,
746 2313 826 2353 413
848 2326 951 2364 seqq.
974 2311 1021 2348 de

369 2370 443 2407 situ
474 2370 573 2406 urbis
604 2368 797 2418 disputans
819 2381 861 2404 ac
884 2367 931 2405 de
954 2381 1023 2405 110-

370 2426 486 2473 mine,
507 2427 544 2461 in
568 2438 643 2477 quo
664 2424 863 2462 scribendo
899 2426 1022 2461 Hero-

371 2480 480 2519 dotus
510 2483 705 2532 vulgarem
738 2483 923 2518 rationem
961 2495 1022 2518 se-

371 2545 478 2576 cutus
499 2551 576 2575 esse
600 2537 748 2574 videtur
777 2539 902 2575 numis
924 2551 1022 2589 quo-

371 2608 446 2647 que
457 2595 666 2645 probatam,
687 2607 775 2631 cum
808 2595 909 2644 prius
929 2595 1021 2631 scri-

374 2652 489 2702 psisse
532 2650 729 2689 videantur
774 2646 936 2701 Πράσος
975 2664 1017 2687 ac

370 2703 566 2759 Πρᾶσιος.
608 2705 717 2752 Quod
736 2720 824 2743 vero
836 2705 907 2742 hat·
920 2705 1017 2743 duae

368 2764 533 2802 civitates
554 2762 783 2815 expeditioni
808 2775 830 2800 a
860 2763 1017 2800 Creten-

1077 796 1176 833 sibus
1207 796 1381 834 omnibus
1411 795 1459 834 ad
1488 795 1625 833 Minois
1654 808 1727 832 ne-

1077 865 1162 889 cem
1172 852 1427 889 ulciscendam
1443 860 1636 903 susceptae
1647 864 1726 889 non

1077 908 1326 956 interfuerint,
1347 910 1482 946 Minois
1498 910 1656 959 imperio
1676 909 1728 945 il-

1076 966 1129 1001 las
1150 963 1252 1001 haud
1273 965 1439 1015 paruisse
1453 972 1517 1002 aut
1527 966 1620 1002 alius
1631 964 1726 1002 adeo

1072 1022 1194 1071 stirpis
1233 1033 1276 1057 ac
1320 1021 1484 1072 reliquos
1532 1021 1726 1059 Cretenses

1072 1078 1210 1124 fuisse,
1240 1090 1329 1114 cum
1368 1075 1516 1115 Hoeck.
1537 1077 1563 1113 l.
1585 1077 1610 1115 l.
1631 1078 1668 1113 Π
1685 1091 1725 1128 p.

1075 1133 1153 1173 185
1175 1146 1254 1185 seq.
1277 1136 1356 1174 377
1376 1134 1570 1185 suspiceris
1588 1133 1689 1170 licet.

1130 1186 1398 1240 ἀπικομένους
1409 1186 1528 1243 στόλῳ
1551 1185 1726 1243 μεγάλῳ]

1077 1245 1294 1295 Cretenses,
1332 1259 1372 1283 re
1406 1247 1532 1284 navali
1561 1246 1728 1296 insignes

1078 1303 1268 1353 marisque
1306 1303 1511 1353 imperium
1551 1302 1730 1340 obtinen-

1077 1365 1131 1395 tes
1162 1358 1326 1397 vidimus
1356 1359 1405 1396 ad
1432 1361 1462 1407 I,
1493 1361 1534 1399 2.
1552 1359 1618 1406 III,
1638 1362 1730 1400 122.

1077 1414 1178 1452 Add.
1199 1415 1348 1457 Hoeck.
1370 1417 1472 1454 Cret.
1491 1416 1527 1452 11
1541 1427 1630 1466 pag.
1647 1417 1725 1456 201

1077 1485 1182 1524 seqq.

1135 1523 1252 1567 πόλιν
1297 1523 1494 1578 Κάμικον,
1536 1525 1611 1579 τήν
1648 1522 1733 1567 κατ’

1079 1581 1145 1633 ἐμὲ
1175 1579 1479 1635 Ἀκραγαντῖνοι
1525 1583 1730 1635 ἐνέμοντο]

1079 1640 1459 1687 Cocalo,Sicanorum
1479 1642 1571 1691 regi,
1592 1647 1734 1677 utnar-

1077 1703 1135 1733 rat
1162 1696 1319 1734 Diodor.
1347 1697 1411 1744 IV,
1444 1700 1510 1744 70,
1542 1696 1733 1734 Daedalus

1078 1754 1262 1790 exstruxit
1292 1752 1470 1791 Carnicum
1495 1754 1536 1790 in
1564 1754 1649 1790 loco
1669 1754 1733 1789 in-

1079 1822 1240 1857 accesso,
1262 1821 1358 1861 quae
1368 1811 1469 1847 tubis
1487 1817 1616 1860 postea
1635 1822 1733 1847 cou-

1078 1865 1178 1903 ditae
1226 1878 1248 1902 a
1287 1867 1413 1903 Gelois
1452 1873 1607 1904 centum
1645 1872 1730 1904 octo

1077 1930 1162 1973 post
1200 1923 1323 1973 ipsam
1370 1923 1506 1960 Gelam
1537 1921 1731 1960 conditam

1078 1980 1186 2016 aunis
1219 1979 1290 2015 fuit
1319 1992 1387 2016 arx
1415 1991 1507 2016 saxo
1526 1984 1730 2029 praerupto

1077 2041 1341 2086 superstructa,
1380 2036 1449 2072 sub
1489 2033 1593 2086 quod
1629 2046 1730 2070 nova

1077 2093 1166 2129 urbs
1186 2092 1419 2139 Agrigentum
1439 2103 1469 2127 s.
1482 2091 1647 2139 Acragas
1660 2103 1731 2127 ex-

1077 2147 1314 2184 tendebatur.
1346 2148 1456 2182 Nunc
1478 2146 1518 2182 in
1538 2159 1629 2183 saxo
1650 2147 1729 2194 isso,

1077 2204 1143 2239 ubi
1186 2209 1292 2238 vetus
1334 2202 1509 2239 Camicus
1551 2203 1733 2252 Girganti

1079 2271 1156 2294 esse
1199 2257 1333 2294 dicitur
1360 2257 1557 2309 oppidum.
1614 2260 1730 2295 Plura

1078 2315 1266 2351 Mannert.
1287 2316 1355 2363 IX,
1377 2318 1403 2356 2
1432 2327 1520 2366 pag.
1549 2315 1629 2356 353
1649 2327 1730 2368 seq.

1079 2373 1174 2411 360.
1196 2392 1251 2397 ———

1134 2429 1238 2479 λιμῷ
1257 2426 1537 2474 συνεστεῶτας]
1560 2427 1584 2467 i.
1605 2439 1639 2462 e.
1665 2424 1731 2476 fa-

1077 2495 1128 2520 me
1152 2482 1338 2533 confectos,
1369 2486 1577 2530 contractos,
1607 2489 1650 2519 ut
1660 2483 1730 2531 lx,

1078 2542 1144 2580 89.
1166 2538 1343 2586 v111‚74.
1374 2539 1479 2583 Quae
1496 2545 1729 2590 sequuntur:

1079 2594 1133 2641 αἷς
1149 2593 1191 2634 ὁὲ
1208 2591 1305 2634 κατὰ
1317 2590 1529 2646 Ἰηπυγίην
1541 2592 1730 2646 γενέσθαι

1076 2648 1281 2699 πλώοντας
1295 2680 1304 2698 ,
1326 2649 1461 2687 eadem
1480 2651 1558 2687 fere
1580 2656 1727 2688 exstant

1074 2708 1138 2754 IV,
1160 2710 1251 2748 179.
1310 2708 1367 2744 De
1387 2706 1546 2757 Iapygia
1569 2706 1725 2746 cf.nott.

1075 2762 1123 2801 ad
1137 2765 1203 2812 ΙΙΙ,
1227 2765 1319 2805 138.
1352 2763 1415 2811 IV,
1437 2765 1502 2804 99.
1558 2761 1620 2800 Ad
1640 2776 1728 2800 ver-
