<?xml version="1.0" encoding="UTF-8"?>
<!DOCTYPE html PUBLIC "-//W3C//DTD XHTML 1.0 Transitional//EN"
    "http://www.w3.org/TR/xhtml1/DTD/xhtml1-transitional.dtd">
<html xmlns="http://www.w3.org/1999/xhtml" xml:lang="en" lang="en">
 <head>
  <title>
</title>
<meta http-equiv="Content-Type" content="text/html;charset=utf-8" />
  <meta name='ocr-system' content='tesseract 3.04.00' />
  <meta name='ocr-capabilities' content='ocr_page ocr_carea ocr_par ocr_line ocrx_word'/>
</head>
<body>
  <div class='ocr_page' id='page_1' title='image "./musaeher03hero/musaeher03hero_0459.png"; bbox 0 0 1897 3340; ppageno 0'>
   <div class='ocr_carea' id='block_1_1' title="bbox 11 1247 16 2009">
    <p class='ocr_par' dir='ltr' id='par_1_1' title="bbox 11 1247 16 2009">
     <span class='ocr_line' id='line_1_1' title="bbox 11 1247 16 2009; baseline 0 0"><span class='ocrx_word' id='word_1_1' title='bbox 11 1247 16 2009; x_wconf 95' lang='lat' dir='ltr'><em> </em></span> 
     </span>
    </p>
   </div>
   <div class='ocr_carea' id='block_1_2' title="bbox 11 1247 16 2174">
    <p class='ocr_par' dir='ltr' id='par_1_2' title="bbox 11 1247 16 2174">
     <span class='ocr_line' id='line_1_2' title="bbox 11 1247 16 2174; baseline 0 0"><span class='ocrx_word' id='word_1_2' title='bbox 11 1247 16 2174; x_wconf 95' lang='lat' dir='ltr'><em> </em></span> 
     </span>
    </p>
   </div>
   <div class='ocr_carea' id='block_1_3' title="bbox 552 283 1502 323">
    <p class='ocr_par' dir='ltr' id='par_1_3' title="bbox 552 283 1502 323">
     <span class='ocr_line' id='line_1_3' title="bbox 552 283 1502 323; baseline -0.006 0"><span class='ocrx_word' id='word_1_3' title='bbox 552 283 1186 323; x_wconf 76' lang='lat' dir='ltr'>POLYMNIA.V11.</span> <span class='ocrx_word' id='word_1_4' title='bbox 1418 285 1502 323; x_wconf 67' lang='lat'><em>445</em></span> 
     </span>
    </p>
   </div>
   <div class='ocr_carea' id='block_1_4' title="bbox 239 388 1499 450">
    <p class='ocr_par' dir='ltr' id='par_1_4' title="bbox 239 388 1499 450">
     <span class='ocr_line' id='line_1_4' title="bbox 239 388 1499 450; baseline -0.009 -7"><span class='ocrx_word' id='word_1_5' title='bbox 239 414 334 450; x_wconf 77' lang='grc' dir='ltr'><em>,,τες</em></span> <span class='ocrx_word' id='word_1_6' title='bbox 373 398 422 442; x_wconf 89' lang='grc' dir='ltr'>τὸ</span> <span class='ocrx_word' id='word_1_7' title='bbox 452 396 682 441; x_wconf 80' lang='grc' dir='ltr'><em>κάλλιστον</em></span> <span class='ocrx_word' id='word_1_8' title='bbox 719 391 882 448; x_wconf 90' lang='grc' dir='ltr'><em>χωρίον</em></span> <span class='ocrx_word' id='word_1_9' title='bbox 911 391 985 434; x_wconf 83' lang='grc' dir='ltr'><em>καὶ</em></span> <span class='ocrx_word' id='word_1_10' title='bbox 1014 388 1264 443; x_wconf 80' lang='grc' dir='ltr'><strong><em>λειότατον,</em></strong></span> <span class='ocrx_word' id='word_1_11' title='bbox 1295 390 1338 440; x_wconf 87' lang='grc' dir='ltr'><em>ἐς</em></span> <span class='ocrx_word' id='word_1_12' title='bbox 1367 393 1499 433; x_wconf 83' lang='grc' dir='ltr'><em>τοῦτο</em></span> 
     </span>
    </p>
   </div>
   <div class='ocr_carea' id='block_1_5' title="bbox 234 461 752 518">
    <p class='ocr_par' dir='ltr' id='par_1_5' title="bbox 234 461 752 518">
     <span class='ocr_line' id='line_1_5' title="bbox 234 461 752 518; baseline -0.015 -9"><span class='ocrx_word' id='word_1_13' title='bbox 234 465 482 517; x_wconf 81' lang='grc' dir='ltr'><em>,,κατιόντες</em></span> <span class='ocrx_word' id='word_1_14' title='bbox 521 461 730 518; x_wconf 81' lang='grc' dir='ltr'><em>μάχονται</em></span> <span class='ocrx_word' id='word_1_15' title='bbox 742 475 752 485; x_wconf 95' lang='grc'><em>·</em></span> 
     </span>
    </p>
   </div>
   <div class='ocr_carea' id='block_1_6' title="bbox 820 455 1525 516">
    <p class='ocr_par' dir='ltr' id='par_1_6' title="bbox 820 455 1525 516">
     <span class='ocr_line' id='line_1_6' title="bbox 820 455 1525 516; baseline -0.006 -14"><span class='ocrx_word' id='word_1_16' title='bbox 820 459 928 503; x_wconf 73' lang='grc' dir='ltr'><em>ὥστε</em></span> <span class='ocrx_word' id='word_1_17' title='bbox 975 459 1060 502; x_wconf 78' lang='grc' dir='ltr'><em>σύν</em></span> <span class='ocrx_word' id='word_1_18' title='bbox 1103 462 1224 516; x_wconf 77' lang='grc' dir='ltr'><em>κακῷ</em></span> <span class='ocrx_word' id='word_1_19' title='bbox 1254 455 1425 513; x_wconf 83' lang='grc' dir='ltr'><em>μεγάλῳ</em></span> <span class='ocrx_word' id='word_1_20' title='bbox 1456 459 1499 500; x_wconf 85' lang='grc' dir='ltr'><em>οἱ</em></span> <span class='ocrx_word' id='word_1_21' title='bbox 1511 465 1525 497; x_wconf 87' lang='lat'>1</span> 
     </span>
    </p>
   </div>
   <div class='ocr_carea' id='block_1_7' title="bbox 198 524 1556 1333">
    <p class='ocr_par' dir='ltr' id='par_1_7' title="bbox 198 524 1556 1333">
     <span class='ocr_line' id='line_1_7' title="bbox 235 524 1500 584; baseline -0.007 -7"><span class='ocrx_word' id='word_1_22' title='bbox 235 537 464 584; x_wconf 74' lang='grc' dir='ltr'><em>,,νικῶντες</em></span> <span class='ocrx_word' id='word_1_23' title='bbox 492 526 869 573; x_wconf 72' lang='grc' dir='ltr'><em>ἀπαλλάσσονται·</em></span> <span class='ocrx_word' id='word_1_24' title='bbox 909 526 1010 579; x_wconf 86' lang='grc' dir='ltr'><em>περὶ</em></span> <span class='ocrx_word' id='word_1_25' title='bbox 1050 526 1097 570; x_wconf 80' lang='grc' dir='ltr'><em>δὲ</em></span> <span class='ocrx_word' id='word_1_26' title='bbox 1125 529 1215 568; x_wconf 76' lang='grc' dir='ltr'><em>τῶν</em></span> <span class='ocrx_word' id='word_1_27' title='bbox 1243 524 1500 582; x_wconf 79' lang='grc' dir='ltr'><em>ἐσσωμένων</em></span> 
     </span>
     <span class='ocr_line' id='line_1_8' title="bbox 204 593 1500 653; baseline -0.001 -14"><span class='ocrx_word' id='word_1_28' title='bbox 204 599 377 653; x_wconf 81' lang='grc' dir='ltr'><em>7,,ου’δὲ</em></span> <span class='ocrx_word' id='word_1_29' title='bbox 406 598 514 653; x_wconf 79' lang='grc' dir='ltr'><em>λέγω</em></span> <span class='ocrx_word' id='word_1_30' title='bbox 545 594 704 651; x_wconf 80' lang='grc' dir='ltr'><em>ἀρχήν,</em></span> <span class='ocrx_word' id='word_1_31' title='bbox 736 594 905 648; x_wconf 79' lang='grc' dir='ltr'><em>ἐξώλεες</em></span> <span class='ocrx_word' id='word_1_32' title='bbox 936 594 1018 650; x_wconf 83' lang='grc' dir='ltr'><em>γὰρ</em></span> <span class='ocrx_word' id='word_1_33' title='bbox 1049 593 1103 650; x_wconf 83' lang='grc' dir='ltr'><em>δὴ</em></span> <span class='ocrx_word' id='word_1_34' title='bbox 1128 595 1338 650; x_wconf 90' lang='grc' dir='ltr'><em>γίνονται.</em></span> <span class='ocrx_word' id='word_1_35' title='bbox 1395 593 1500 645; x_wconf 86' lang='grc' dir='ltr'><em>τούς</em></span> 
     </span>
     <span class='ocr_line' id='line_1_9' title="bbox 234 660 1500 723; baseline -0.004 -15"><span class='ocrx_word' id='word_1_36' title='bbox 234 670 386 723; x_wconf 79' lang='grc' dir='ltr'><em>,,χρῆν,</em></span> <span class='ocrx_word' id='word_1_37' title='bbox 429 663 582 713; x_wconf 79' lang='grc' dir='ltr'><em>ἐόντας</em></span> <span class='ocrx_word' id='word_1_38' title='bbox 614 661 949 719; x_wconf 78' lang='grc' dir='ltr'><em>ὁμογλώσσους,</em></span> <span class='ocrx_word' id='word_1_39' title='bbox 988 661 1142 717; x_wconf 79' lang='grc' dir='ltr'><em>κήρυξί</em></span> <span class='ocrx_word' id='word_1_40' title='bbox 1169 677 1215 704; x_wconf 90' lang='grc' dir='ltr'><em>τε</em></span> <span class='ocrx_word' id='word_1_41' title='bbox 1245 660 1500 716; x_wconf 84' lang='grc' dir='ltr'><em>διαχρεωμέ-</em></span> 
     </span>
     <span class='ocr_line' id='line_1_10' title="bbox 231 728 1525 787; baseline -0.006 -9"><span class='ocrx_word' id='word_1_42' title='bbox 231 751 363 787; x_wconf 83' lang='grc' dir='ltr'><em>,,νους</em></span> <span class='ocrx_word' id='word_1_43' title='bbox 396 733 468 777; x_wconf 83' lang='grc' dir='ltr'><em>καὶ</em></span> <span class='ocrx_word' id='word_1_44' title='bbox 499 730 742 787; x_wconf 72' lang='grc' dir='ltr'><em>ἀγγέλοισι,</em></span> <span class='ocrx_word' id='word_1_45' title='bbox 773 729 1125 786; x_wconf 79' lang='grc' dir='ltr'><em>καταλαμβάνειν</em></span> <span class='ocrx_word' id='word_1_46' title='bbox 1154 729 1231 780; x_wconf 78' lang='grc' dir='ltr'><em>τὰς</em></span> <span class='ocrx_word' id='word_1_47' title='bbox 1260 728 1525 784; x_wconf 79' lang='grc' dir='ltr'><em>διαφορὰς,5</em></span> 
     </span>
     <span class='ocr_line' id='line_1_11' title="bbox 230 796 1499 856; baseline -0.003 -11"><span class='ocrx_word' id='word_1_48' title='bbox 230 802 327 853; x_wconf 84' lang='grc' dir='ltr'><em>,,καὶ</em></span> <span class='ocrx_word' id='word_1_49' title='bbox 365 801 498 845; x_wconf 85' lang='grc' dir='ltr'><em>παντὶ</em></span> <span class='ocrx_word' id='word_1_50' title='bbox 540 804 709 856; x_wconf 87' lang='grc' dir='ltr'><em>μᾶλλον</em></span> <span class='ocrx_word' id='word_1_51' title='bbox 750 800 780 855; x_wconf 78' lang='grc' dir='ltr'><em>ἢ</em></span> <span class='ocrx_word' id='word_1_52' title='bbox 814 798 1000 855; x_wconf 79' lang='grc' dir='ltr'><em>μάχῃσι·</em></span> <span class='ocrx_word' id='word_1_53' title='bbox 1057 799 1093 841; x_wconf 83' lang='grc' dir='ltr'><em>εἰ</em></span> <span class='ocrx_word' id='word_1_54' title='bbox 1131 798 1176 840; x_wconf 80' lang='grc' dir='ltr'><em>δὲ</em></span> <span class='ocrx_word' id='word_1_55' title='bbox 1206 796 1381 848; x_wconf 89' lang='grc' dir='ltr'><em>πάντως</em></span> <span class='ocrx_word' id='word_1_56' title='bbox 1410 798 1499 841; x_wconf 79' lang='grc' dir='ltr'><em>ἔδεε</em></span> 
     </span>
     <span class='ocr_line' id='line_1_12' title="bbox 228 865 1497 925; baseline -0.003 -12"><span class='ocrx_word' id='word_1_57' title='bbox 228 869 478 925; x_wconf 83' lang='grc' dir='ltr'><em>,,πολεμὲειν</em></span> <span class='ocrx_word' id='word_1_58' title='bbox 504 867 614 923; x_wconf 85' lang='grc' dir='ltr'><em>πρὸς</em></span> <span class='ocrx_word' id='word_1_59' title='bbox 643 866 866 922; x_wconf 78' lang='grc' dir='ltr'><em>ἀλλήλους,</em></span> <span class='ocrx_word' id='word_1_60' title='bbox 896 866 1158 921; x_wconf 80' lang='grc' dir='ltr'><em>ἐξευρίσκειν</em></span> <span class='ocrx_word' id='word_1_61' title='bbox 1178 869 1286 922; x_wconf 84' lang='grc' dir='ltr'><em>χρῆν</em></span> <span class='ocrx_word' id='word_1_62' title='bbox 1314 870 1369 923; x_wconf 84' lang='grc' dir='ltr'><em>τῇ</em></span> <span class='ocrx_word' id='word_1_63' title='bbox 1398 865 1497 909; x_wconf 76' lang='grc' dir='ltr'><em>ἑκά-</em></span> 
     </span>
     <span class='ocr_line' id='line_1_13' title="bbox 198 932 1497 992; baseline -0.002 -14"><span class='ocrx_word' id='word_1_64' title='bbox 198 938 374 992; x_wconf 79' lang='grc' dir='ltr'><em>8,,τεροί</em></span> <span class='ocrx_word' id='word_1_65' title='bbox 423 938 506 980; x_wconf 86' lang='grc' dir='ltr'><em>εἰσι</em></span> <span class='ocrx_word' id='word_1_66' title='bbox 549 934 960 992; x_wconf 79' lang='grc' dir='ltr'><em>δυσχειρωτότατοι,</em></span> <span class='ocrx_word' id='word_1_67' title='bbox 1016 933 1090 976; x_wconf 81' lang='grc' dir='ltr'><em>καὶ</em></span> <span class='ocrx_word' id='word_1_68' title='bbox 1139 932 1276 990; x_wconf 79' lang='grc' dir='ltr'><em>ταύτῃ</em></span> <span class='ocrx_word' id='word_1_69' title='bbox 1327 938 1497 988; x_wconf 80' lang='grc' dir='ltr'><em>πειρᾶν.</em></span> 
     </span>
     <span class='ocr_line' id='line_1_14' title="bbox 233 1000 1556 1062; baseline -0.005 -13"><span class='ocrx_word' id='word_1_70' title='bbox 233 1005 408 1062; x_wconf 82' lang='grc' dir='ltr'><em>,,τρόπῳ</em></span> <span class='ocrx_word' id='word_1_71' title='bbox 447 1005 602 1048; x_wconf 86' lang='grc' dir='ltr'><em>τοίνυν</em></span> <span class='ocrx_word' id='word_1_72' title='bbox 640 1002 693 1047; x_wconf 80' lang='grc' dir='ltr'><em>οὐ</em></span> <span class='ocrx_word' id='word_1_73' title='bbox 737 1006 909 1059; x_wconf 81' lang='grc' dir='ltr'><em>χρηστῷ</em></span> <span class='ocrx_word' id='word_1_74' title='bbox 931 1001 1136 1057; x_wconf 75' lang='grc' dir='ltr'><em>’Έλληνες</em></span> <span class='ocrx_word' id='word_1_75' title='bbox 1175 1000 1556 1057; x_wconf 80' lang='grc' dir='ltr'><em>διαχρεώμενοι,1ο</em></span> 
     </span>
     <span class='ocr_line' id='line_1_15' title="bbox 230 1066 1497 1128; baseline -0.002 -13"><span class='ocrx_word' id='word_1_76' title='bbox 230 1073 354 1128; x_wconf 79' lang='grc' dir='ltr'><em>,,ἐμὲο</em></span> <span class='ocrx_word' id='word_1_77' title='bbox 388 1071 622 1124; x_wconf 81' lang='grc' dir='ltr'><em>ἐλάσαντος</em></span> <span class='ocrx_word' id='word_1_78' title='bbox 651 1072 774 1128; x_wconf 85' lang='grc' dir='ltr'><em>μέχρι</em></span> <span class='ocrx_word' id='word_1_79' title='bbox 812 1071 1094 1126; x_wconf 81' lang='grc' dir='ltr'><em>Μακεδονίης</em></span> <span class='ocrx_word' id='word_1_80' title='bbox 1120 1074 1222 1126; x_wconf 87' lang='grc' dir='ltr'><em>γῆς,</em></span> <span class='ocrx_word' id='word_1_81' title='bbox 1253 1068 1335 1114; x_wconf 84' lang='grc' dir='ltr'><em>οὐκ</em></span> <span class='ocrx_word' id='word_1_82' title='bbox 1354 1066 1497 1127; x_wconf 79' lang='grc' dir='ltr'><em>ἦλθον</em></span> 
     </span>
     <span class='ocr_line' id='line_1_16' title="bbox 199 1136 1496 1196; baseline 0.002 -15"><span class='ocrx_word' id='word_1_83' title='bbox 199 1141 300 1192; x_wconf 85' lang='grc' dir='ltr'><em>9,,ἐς</em></span> <span class='ocrx_word' id='word_1_84' title='bbox 329 1140 488 1185; x_wconf 88' lang='grc' dir='ltr'><em>τούτου</em></span> <span class='ocrx_word' id='word_1_85' title='bbox 529 1139 663 1196; x_wconf 87' lang='grc' dir='ltr'><em>λόγον</em></span> <span class='ocrx_word' id='word_1_86' title='bbox 694 1138 802 1183; x_wconf 74' lang='grc' dir='ltr'><em>ὥστε</em></span> <span class='ocrx_word' id='word_1_87' title='bbox 842 1136 1067 1193; x_wconf 79' lang='grc' dir='ltr'><em>μάχεσθαι.</em></span> <span class='ocrx_word' id='word_1_88' title='bbox 1127 1138 1214 1180; x_wconf 86' lang='grc' dir='ltr'><em>Σοὶ</em></span> <span class='ocrx_word' id='word_1_89' title='bbox 1242 1137 1287 1181; x_wconf 78' lang='grc' dir='ltr'><em>δὲ</em></span> <span class='ocrx_word' id='word_1_90' title='bbox 1318 1138 1373 1195; x_wconf 74' lang='grc' dir='ltr'><em>δή</em></span> <span class='ocrx_word' id='word_1_91' title='bbox 1403 1139 1496 1194; x_wconf 81' lang='grc' dir='ltr'><em>μέλ-</em></span> 
     </span>
     <span class='ocr_line' id='line_1_17' title="bbox 228 1203 1497 1265; baseline -0.002 -13"><span class='ocrx_word' id='word_1_92' title='bbox 228 1213 319 1261; x_wconf 83' lang='grc' dir='ltr'><em>,,λει</em></span> <span class='ocrx_word' id='word_1_93' title='bbox 345 1209 428 1260; x_wconf 82' lang='grc' dir='ltr'><em>τίς,</em></span> <span class='ocrx_word' id='word_1_94' title='bbox 460 1203 495 1252; x_wconf 70' lang='grc' dir='ltr'><em>ὦ</em></span> <span class='ocrx_word' id='word_1_95' title='bbox 515 1212 718 1265; x_wconf 88' lang='grc' dir='ltr'><em>βασιλεῦ,</em></span> <span class='ocrx_word' id='word_1_96' title='bbox 756 1205 1048 1250; x_wconf 75' lang='grc' dir='ltr'><em>ἀντιώσεσθαι</em></span> <span class='ocrx_word' id='word_1_97' title='bbox 1088 1205 1281 1261; x_wconf 87' lang='grc' dir='ltr'><em>πόλεμον</em></span> <span class='ocrx_word' id='word_1_98' title='bbox 1309 1208 1497 1263; x_wconf 81' lang='grc' dir='ltr'><em>προσφέ-</em></span> 
     </span>
     <span class='ocr_line' id='line_1_18' title="bbox 228 1272 1498 1333; baseline 0.001 -14"><span class='ocrx_word' id='word_1_99' title='bbox 228 1292 371 1330; x_wconf 85' lang='grc' dir='ltr'><em>,,ρων,</em></span> <span class='ocrx_word' id='word_1_100' title='bbox 431 1275 585 1333; x_wconf 79' lang='grc' dir='ltr'><em>ἄγοντι</em></span> <span class='ocrx_word' id='word_1_101' title='bbox 630 1276 702 1320; x_wconf 81' lang='grc' dir='ltr'><em>καὶ</em></span> <span class='ocrx_word' id='word_1_102' title='bbox 742 1278 915 1332; x_wconf 82' lang='grc' dir='ltr'><em>πλῆθος</em></span> <span class='ocrx_word' id='word_1_103' title='bbox 957 1273 1007 1318; x_wconf 81' lang='grc' dir='ltr'><em>τό</em></span> <span class='ocrx_word' id='word_1_104' title='bbox 1049 1273 1096 1318; x_wconf 83' lang='grc' dir='ltr'><em>ἐκ</em></span> <span class='ocrx_word' id='word_1_105' title='bbox 1135 1278 1211 1331; x_wconf 85' lang='grc' dir='ltr'><em>τῆς</em></span> <span class='ocrx_word' id='word_1_106' title='bbox 1240 1272 1376 1332; x_wconf 82' lang='grc' dir='ltr'><em>Ἀσίης</em></span> <span class='ocrx_word' id='word_1_107' title='bbox 1423 1277 1498 1320; x_wconf 83' lang='grc' dir='ltr'><em>καὶ</em></span> 
     </span>
    </p>
   </div>
   <div class='ocr_carea' id='block_1_8' title="bbox 175 1397 450 1404">
    <p class='ocr_par' dir='ltr' id='par_1_8' title="bbox 175 1397 450 1404">
     <span class='ocr_line' id='line_1_19' title="bbox 175 1397 450 1404; baseline 0 1936"><span class='ocrx_word' id='word_1_108' title='bbox 175 1397 450 1404; x_wconf 95' lang='lat' dir='ltr'><em> </em></span> 
     </span>
    </p>
   </div>
   <div class='ocr_carea' id='block_1_9' title="bbox 171 1472 842 2935">
    <p class='ocr_par' dir='ltr' id='par_1_9' title="bbox 171 1472 842 2935">
     <span class='ocr_line' id='line_1_20' title="bbox 171 1472 834 1521; baseline -0.003 -11"><span class='ocrx_word' id='word_1_109' title='bbox 171 1476 246 1514; x_wconf 80' lang='lat' dir='ltr'><strong>Iur.</strong></span> <span class='ocrx_word' id='word_1_110' title='bbox 267 1475 381 1511; x_wconf 83' lang='lat' dir='ltr'><strong>Publ.</strong></span> <span class='ocrx_word' id='word_1_111' title='bbox 401 1475 429 1521; x_wconf 88' lang='grc' dir='ltr'><em>Ι,</em></span> <span class='ocrx_word' id='word_1_112' title='bbox 461 1474 530 1514; x_wconf 80' lang='lat'><em>2.“</em></span> <span class='ocrx_word' id='word_1_113' title='bbox 567 1472 690 1510; x_wconf 79' lang='lat' dir='ltr'><em>Wess</em></span> <span class='ocrx_word' id='word_1_114' title='bbox 705 1472 758 1510; x_wconf 85' lang='lat' dir='ltr'><em>el.</em></span> <span class='ocrx_word' id='word_1_115' title='bbox 783 1493 834 1500; x_wconf 88' lang='lat'><em>—-</em></span> 
     </span>
     <span class='ocr_line' id='line_1_21' title="bbox 174 1526 836 1582; baseline 0.002 -15"><span class='ocrx_word' id='word_1_116' title='bbox 174 1531 321 1567; x_wconf 82' lang='lat' dir='ltr'><strong>Verba:</strong></span> <span class='ocrx_word' id='word_1_117' title='bbox 353 1527 511 1578; x_wconf 76' lang='grc' dir='ltr'><em>ἐξώλεες</em></span> <span class='ocrx_word' id='word_1_118' title='bbox 532 1526 607 1582; x_wconf 75' lang='grc' dir='ltr'><em>γὰρ</em></span> <span class='ocrx_word' id='word_1_119' title='bbox 629 1527 679 1580; x_wconf 72' lang='grc' dir='ltr'><em>δή</em></span> <span class='ocrx_word' id='word_1_120' title='bbox 699 1530 836 1581; x_wconf 87' lang='grc' dir='ltr'><em>γίνον-</em></span> 
     </span>
     <span class='ocr_line' id='line_1_22' title="bbox 172 1587 835 1637; baseline -0.008 -10"><span class='ocrx_word' id='word_1_121' title='bbox 172 1603 236 1626; x_wconf 87' lang='grc' dir='ltr'><em>ται</em></span> <span class='ocrx_word' id='word_1_122' title='bbox 261 1589 410 1624; x_wconf 83' lang='lat' dir='ltr'><strong>valent:</strong></span> <span class='ocrx_word' id='word_1_123' title='bbox 437 1587 610 1637; x_wconf 74' lang='lat' dir='ltr'><em>funditus</em></span> <span class='ocrx_word' id='word_1_124' title='bbox 636 1589 723 1624; x_wconf 75' lang='lat' dir='ltr'><em>enim</em></span> <span class='ocrx_word' id='word_1_125' title='bbox 740 1587 835 1636; x_wconf 78' lang='lat' dir='ltr'><strong>peri-</strong></span> 
     </span>
     <span class='ocr_line' id='line_1_23' title="bbox 173 1642 834 1682; baseline -0.005 -1"><span class='ocrx_word' id='word_1_126' title='bbox 173 1645 258 1681; x_wconf 82' lang='lat' dir='ltr'><em>bunt</em></span> <span class='ocrx_word' id='word_1_127' title='bbox 291 1658 319 1682; x_wconf 89' lang='lat' dir='ltr'><em>s.</em></span> <span class='ocrx_word' id='word_1_128' title='bbox 351 1646 581 1681; x_wconf 76' lang='lat' dir='ltr'><em>internecione</em></span> <span class='ocrx_word' id='word_1_129' title='bbox 616 1642 834 1680; x_wconf 73' lang='lat' dir='ltr'><em>delebuntur.</em></span> 
     </span>
     <span class='ocr_line' id='line_1_24' title="bbox 172 1700 834 1738; baseline -0.006 0"><span class='ocrx_word' id='word_1_130' title='bbox 172 1702 247 1738; x_wconf 90' lang='lat' dir='ltr'><em>Ubi</em></span> <span class='ocrx_word' id='word_1_131' title='bbox 292 1702 465 1738; x_wconf 80' lang='lat' dir='ltr'><em>observat</em></span> <span class='ocrx_word' id='word_1_132' title='bbox 500 1700 658 1738; x_wconf 78' lang='lat' dir='ltr'><em>Creuzer.</em></span> <span class='ocrx_word' id='word_1_133' title='bbox 696 1712 834 1736; x_wconf 81' lang='lat' dir='ltr'><strong>vocem</strong></span> 
     </span>
     <span class='ocr_line' id='line_1_25' title="bbox 173 1753 833 1808; baseline -0.009 -10"><span class='ocrx_word' id='word_1_134' title='bbox 173 1753 320 1808; x_wconf 72' lang='grc' dir='ltr'><em>ἐξώλης</em></span> <span class='ocrx_word' id='word_1_135' title='bbox 340 1759 380 1794; x_wconf 87' lang='lat' dir='ltr'><em>in</em></span> <span class='ocrx_word' id='word_1_136' title='bbox 410 1757 716 1808; x_wconf 83' lang='lat' dir='ltr'><strong>inscriptionibus</strong></span> <span class='ocrx_word' id='word_1_137' title='bbox 755 1770 833 1792; x_wconf 88' lang='lat' dir='ltr'><strong>esse</strong></span> 
     </span>
     <span class='ocr_line' id='line_1_26' title="bbox 174 1811 834 1861; baseline -0.005 -10"><span class='ocrx_word' id='word_1_138' title='bbox 174 1815 339 1861; x_wconf 82' lang='lat' dir='ltr'><strong>obviam,</strong></span> <span class='ocrx_word' id='word_1_139' title='bbox 364 1815 484 1851; x_wconf 85' lang='lat' dir='ltr'><strong>citans</strong></span> <span class='ocrx_word' id='word_1_140' title='bbox 504 1811 834 1850; x_wconf 82' lang='lat' dir='ltr'><strong>Raoul-Rochette</strong></span> 
     </span>
     <span class='ocr_line' id='line_1_27' title="bbox 174 1870 730 1921; baseline -0.005 -13"><span class='ocrx_word' id='word_1_141' title='bbox 174 1870 369 1908; x_wconf 62' lang='lat' dir='ltr'><strong>Oresteide</strong></span> <span class='ocrx_word' id='word_1_142' title='bbox 389 1884 477 1921; x_wconf 82' lang='lat' dir='ltr'><strong>pag.</strong></span> <span class='ocrx_word' id='word_1_143' title='bbox 502 1872 581 1910; x_wconf 84' lang='lat'><em>190</em></span> <span class='ocrx_word' id='word_1_144' title='bbox 601 1877 680 1906; x_wconf 85' lang='lat' dir='ltr'><strong>not.</strong></span> <span class='ocrx_word' id='word_1_145' title='bbox 692 1873 730 1910; x_wconf 80' lang='lat'><em>2.</em></span> 
     </span>
     <span class='ocr_line' id='line_1_28' title="bbox 229 1923 836 1979; baseline -0.005 -12.995"><span class='ocrx_word' id='word_1_146' title='bbox 229 1923 750 1979; x_wconf 81' lang='grc' dir='ltr'><em>κήρυξι-καταλαμβάνειν</em></span> <span class='ocrx_word' id='word_1_147' title='bbox 765 1940 836 1973; x_wconf 86' lang='grc' dir='ltr'><em>τας</em></span> 
     </span>
     <span class='ocr_line' id='line_1_29' title="bbox 173 1981 834 2036; baseline -0.008 -13"><span class='ocrx_word' id='word_1_148' title='bbox 173 1981 400 2036; x_wconf 84' lang='grc' dir='ltr'><em>διαφορας]</em></span> <span class='ocrx_word' id='word_1_149' title='bbox 445 1983 629 2034; x_wconf 82' lang='lat' dir='ltr'><strong>„Optime</strong></span> <span class='ocrx_word' id='word_1_150' title='bbox 661 1982 834 2019; x_wconf 83' lang='lat' dir='ltr'><strong>additur·</strong></span> 
     </span>
     <span class='ocr_line' id='line_1_30' title="bbox 173 2034 833 2093; baseline -0.005 -13"><span class='ocrx_word' id='word_1_151' title='bbox 173 2040 243 2080; x_wconf 83' lang='grc' dir='ltr'><em>καὶ</em></span> <span class='ocrx_word' id='word_1_152' title='bbox 281 2040 398 2079; x_wconf 81' lang='grc' dir='ltr'><em>παντὶ</em></span> <span class='ocrx_word' id='word_1_153' title='bbox 433 2043 582 2090; x_wconf 80' lang='grc' dir='ltr'><em>μᾶλλον</em></span> <span class='ocrx_word' id='word_1_154' title='bbox 617 2035 645 2090; x_wconf 72' lang='grc' dir='ltr'><em>ἡ</em></span> <span class='ocrx_word' id='word_1_155' title='bbox 664 2034 833 2093; x_wconf 70' lang='grc' dir='ltr'><em>μάχησιὲ</em></span> 
     </span>
     <span class='ocr_line' id='line_1_31' title="bbox 173 2096 836 2135; baseline -0.005 -1"><span class='ocrx_word' id='word_1_156' title='bbox 173 2098 286 2135; x_wconf 75' lang='lat' dir='ltr'><em>verbis</em></span> <span class='ocrx_word' id='word_1_157' title='bbox 309 2098 444 2134; x_wconf 73' lang='lat' dir='ltr'><strong>Giaeci</strong></span> <span class='ocrx_word' id='word_1_158' title='bbox 475 2097 633 2134; x_wconf 78' lang='lat' dir='ltr'><em>dirimere</em></span> <span class='ocrx_word' id='word_1_159' title='bbox 654 2096 836 2132; x_wconf 82' lang='lat' dir='ltr'><strong>deberent</strong></span> 
     </span>
     <span class='ocr_line' id='line_1_32' title="bbox 176 2155 836 2203; baseline -0.005 -12"><span class='ocrx_word' id='word_1_160' title='bbox 176 2156 427 2191; x_wconf 75' lang='lat' dir='ltr'><em>controversias</em></span> <span class='ocrx_word' id='word_1_161' title='bbox 448 2158 480 2190; x_wconf 84' lang='lat' dir='ltr'><em>et</em></span> <span class='ocrx_word' id='word_1_162' title='bbox 499 2155 620 2203; x_wconf 72' lang='lat' dir='ltr'><em>quovis</em></span> <span class='ocrx_word' id='word_1_163' title='bbox 633 2156 753 2203; x_wconf 73' lang='lat' dir='ltr'><strong>potius</strong></span> <span class='ocrx_word' id='word_1_164' title='bbox 765 2165 836 2188; x_wconf 82' lang='lat' dir='ltr'><em>mo-</em></span> 
     </span>
     <span class='ocr_line' id='line_1_33' title="bbox 177 2210 836 2261; baseline -0.005 -13"><span class='ocrx_word' id='word_1_165' title='bbox 177 2211 221 2248; x_wconf 81' lang='lat' dir='ltr'><em>do</em></span> <span class='ocrx_word' id='word_1_166' title='bbox 242 2223 345 2261; x_wconf 83' lang='lat' dir='ltr'><strong><em>quam</em></strong></span> <span class='ocrx_word' id='word_1_167' title='bbox 356 2211 459 2261; x_wconf 78' lang='lat' dir='ltr'><em>ferro</em></span> <span class='ocrx_word' id='word_1_168' title='bbox 480 2214 585 2259; x_wconf 78' lang='lat' dir='ltr'><strong>atque</strong></span> <span class='ocrx_word' id='word_1_169' title='bbox 605 2213 726 2247; x_wconf 76' lang='lat' dir='ltr'><strong>armis.</strong></span> <span class='ocrx_word' id='word_1_170' title='bbox 786 2210 836 2245; x_wconf 89' lang='lat' dir='ltr'><em>Ut</em></span> 
     </span>
     <span class='ocr_line' id='line_1_34' title="bbox 175 2262 838 2318; baseline -0.002 -15"><span class='ocrx_word' id='word_1_171' title='bbox 175 2266 238 2304; x_wconf 87' lang='lat' dir='ltr'><em>hic</em></span> <span class='ocrx_word' id='word_1_172' title='bbox 249 2262 567 2318; x_wconf 81' lang='grc' dir='ltr'><em>καταλαμβάνειν</em></span> <span class='ocrx_word' id='word_1_173' title='bbox 579 2267 838 2304; x_wconf 76' lang='lat' dir='ltr'><strong>(lirz&#39;merecon-</strong></span> 
     </span>
     <span class='ocr_line' id='line_1_35' title="bbox 176 2323 837 2375; baseline -0.002 -15"><span class='ocrx_word' id='word_1_174' title='bbox 176 2326 393 2372; x_wconf 81' lang='lat' dir='ltr'><em>troversias‚</em></span> <span class='ocrx_word' id='word_1_175' title='bbox 423 2325 475 2361; x_wconf 80' lang='lat' dir='ltr'><em>sic</em></span> <span class='ocrx_word' id='word_1_176' title='bbox 495 2325 561 2371; x_wconf 88' lang='lat'>111,</span> <span class='ocrx_word' id='word_1_177' title='bbox 585 2326 662 2364; x_wconf 81' lang='lat'><em>128</em></span> <span class='ocrx_word' id='word_1_178' title='bbox 687 2323 837 2375; x_wconf 80' lang='grc' dir='ltr'><em>ἐρίζον-</em></span> 
     </span>
     <span class='ocr_line' id='line_1_36' title="bbox 176 2375 837 2431; baseline -0.005 -13"><span class='ocrx_word' id='word_1_179' title='bbox 176 2395 246 2425; x_wconf 87' lang='grc' dir='ltr'><em>τας</em></span> <span class='ocrx_word' id='word_1_180' title='bbox 264 2384 431 2429; x_wconf 88' lang='grc' dir='ltr'><em>Δαρεῖος</em></span> <span class='ocrx_word' id='word_1_181' title='bbox 457 2375 729 2431; x_wconf 81' lang='grc' dir='ltr'><em>κατελάμβανε</em></span> <span class='ocrx_word' id='word_1_182' title='bbox 754 2380 837 2428; x_wconf 85' lang='lat' dir='ltr'><strong>[ubi</strong></span> 
     </span>
     <span class='ocr_line' id='line_1_37' title="bbox 177 2435 838 2487; baseline 0 -14"><span class='ocrx_word' id='word_1_183' title='bbox 177 2435 255 2473; x_wconf 82' lang='lat' dir='ltr'><strong>vid.</strong></span> <span class='ocrx_word' id='word_1_184' title='bbox 279 2449 376 2486; x_wconf 83' lang='lat' dir='ltr'><strong>quae</strong></span> <span class='ocrx_word' id='word_1_185' title='bbox 391 2436 654 2486; x_wconf 78' lang='lat' dir='ltr'><strong>adscripsimus</strong></span> <span class='ocrx_word' id='word_1_186' title='bbox 666 2451 701 2487; x_wconf 91' lang='lat' dir='ltr'><em>p.</em></span> <span class='ocrx_word' id='word_1_187' title='bbox 720 2437 838 2484; x_wconf 58' lang='lat'><em>231}</em></span> 
     </span>
     <span class='ocr_line' id='line_1_38' title="bbox 179 2492 838 2530; baseline -0.002 -1"><span class='ocrx_word' id='word_1_188' title='bbox 179 2492 400 2529; x_wconf 81' lang='lat' dir='ltr'>Sententiae</span> <span class='ocrx_word' id='word_1_189' title='bbox 455 2492 694 2529; x_wconf 80' lang='lat' dir='ltr'><strong>Herodoteae</strong></span> <span class='ocrx_word' id='word_1_190' title='bbox 743 2506 838 2530; x_wconf 82' lang='lat' dir='ltr'><strong>con-</strong></span> 
     </span>
     <span class='ocr_line' id='line_1_39' title="bbox 179 2547 838 2598; baseline 0.003 -15"><span class='ocrx_word' id='word_1_191' title='bbox 179 2549 280 2598; x_wconf 81' lang='lat' dir='ltr'><strong>gruit</strong></span> <span class='ocrx_word' id='word_1_192' title='bbox 312 2547 482 2598; x_wconf 84' lang='lat' dir='ltr'><strong>Euripid.</strong></span> <span class='ocrx_word' id='word_1_193' title='bbox 512 2549 552 2585; x_wconf 86' lang='lat' dir='ltr'><em>in</em></span> <span class='ocrx_word' id='word_1_194' title='bbox 573 2548 720 2585; x_wconf 86' lang='lat' dir='ltr'><strong>Phoen.</strong></span> <span class='ocrx_word' id='word_1_195' title='bbox 743 2550 838 2589; x_wconf 83' lang='grc'>518.</span> 
     </span>
     <span class='ocr_line' id='line_1_40' title="bbox 181 2604 838 2641; baseline 0 -1"><span class='ocrx_word' id='word_1_196' title='bbox 181 2604 404 2641; x_wconf 84' lang='lat' dir='ltr'><strong>Secundum</strong></span> <span class='ocrx_word' id='word_1_197' title='bbox 435 2606 586 2640; x_wconf 79' lang='lat' dir='ltr'><strong>Isocrat.</strong></span> <span class='ocrx_word' id='word_1_198' title='bbox 624 2604 838 2641; x_wconf 77' lang='lat' dir='ltr'><strong>Panathen.</strong></span> 
     </span>
     <span class='ocr_line' id='line_1_41' title="bbox 182 2660 840 2711; baseline 0.002 -14"><span class='ocrx_word' id='word_1_199' title='bbox 182 2661 285 2711; x_wconf 81' lang='lat' dir='ltr'>[cap.</span> <span class='ocrx_word' id='word_1_200' title='bbox 308 2663 360 2701; x_wconf 82' lang='lat'><em>67</em></span> <span class='ocrx_word' id='word_1_201' title='bbox 395 2661 431 2705; x_wconf 65' lang='grc' dir='ltr'><em>ξ.</em></span> <span class='ocrx_word' id='word_1_202' title='bbox 456 2660 562 2707; x_wconf 86' lang='grc'>165]</span> <span class='ocrx_word' id='word_1_203' title='bbox 583 2672 670 2710; x_wconf 78' lang='lat' dir='ltr'>pag.</span> <span class='ocrx_word' id='word_1_204' title='bbox 693 2663 774 2701; x_wconf 81' lang='lat'><em>267</em></span> <span class='ocrx_word' id='word_1_205' title='bbox 796 2661 840 2698; x_wconf 87' lang='lat' dir='ltr'><em>C.</em></span> 
     </span>
     <span class='ocr_line' id='line_1_42' title="bbox 181 2715 841 2753; baseline 0 -1"><span class='ocrx_word' id='word_1_206' title='bbox 181 2724 326 2753; x_wconf 80' lang='lat' dir='ltr'><strong>veteres</strong></span> <span class='ocrx_word' id='word_1_207' title='bbox 346 2715 595 2753; x_wconf 82' lang='lat' dir='ltr'><strong>Athenienses</strong></span> <span class='ocrx_word' id='word_1_208' title='bbox 616 2717 774 2752; x_wconf 74' lang='lat' dir='ltr'><strong>aliarum</strong></span> <span class='ocrx_word' id='word_1_209' title='bbox 785 2717 841 2752; x_wconf 90' lang='lat' dir='ltr'><em>ci-</em></span> 
     </span>
     <span class='ocr_line' id='line_1_43' title="bbox 182 2767 842 2823; baseline 0.003 -15"><span class='ocrx_word' id='word_1_210' title='bbox 182 2773 342 2809; x_wconf 78' lang='lat' dir='ltr'><strong>vitatum</strong></span> <span class='ocrx_word' id='word_1_211' title='bbox 360 2772 584 2823; x_wconf 84' lang='grc' dir='ltr'><em>πρεσβείαις</em></span> <span class='ocrx_word' id='word_1_212' title='bbox 614 2771 680 2810; x_wconf 85' lang='grc' dir='ltr'><em>καὶ</em></span> <span class='ocrx_word' id='word_1_213' title='bbox 709 2767 842 2823; x_wconf 80' lang='grc' dir='ltr'><em>λόγοις</em></span> 
     </span>
     <span class='ocr_line' id='line_1_44' title="bbox 182 2826 842 2891; baseline 0 -24"><span class='ocrx_word' id='word_1_214' title='bbox 182 2826 351 2891; x_wconf 71' lang='grc' dir='ltr'><em>ἐξαιρεῖν</em></span> <span class='ocrx_word' id='word_1_215' title='bbox 382 2828 595 2879; x_wconf 76' lang='grc' dir='ltr'><em>ἐπειρῶντο</em></span> <span class='ocrx_word' id='word_1_216' title='bbox 609 2843 679 2873; x_wconf 88' lang='grc' dir='ltr'><em>τας</em></span> <span class='ocrx_word' id='word_1_217' title='bbox 698 2828 842 2876; x_wconf 82' lang='grc' dir='ltr'><em>διαφο-</em></span> 
     </span>
     <span class='ocr_line' id='line_1_45' title="bbox 184 2879 842 2935; baseline 0.002 -13"><span class='ocrx_word' id='word_1_218' title='bbox 184 2879 277 2935; x_wconf 76' lang='grc' dir='ltr'><em>ράςε</em></span> <span class='ocrx_word' id='word_1_219' title='bbox 315 2891 445 2934; x_wconf 86' lang='lat' dir='ltr'><strong>postea</strong></span> <span class='ocrx_word' id='word_1_220' title='bbox 477 2884 695 2920; x_wconf 82' lang='lat' dir='ltr'><strong>maluerunt</strong></span> <span class='ocrx_word' id='word_1_221' title='bbox 722 2883 842 2923; x_wconf 82' lang='grc' dir='ltr'><em>πολέ-</em></span> 
     </span>
    </p>
   </div>
   <div class='ocr_carea' id='block_1_10' title="bbox 890 1466 1557 2020">
    <p class='ocr_par' dir='ltr' id='par_1_10' title="bbox 890 1466 1557 2020">
     <span class='ocr_line' id='line_1_46' title="bbox 893 1466 1555 1525; baseline 0.005 -15"><span class='ocrx_word' id='word_1_222' title='bbox 893 1486 953 1524; x_wconf 80' lang='grc' dir='ltr'><em>μῳ</em></span> <span class='ocrx_word' id='word_1_223' title='bbox 975 1472 1126 1522; x_wconf 73' lang='grc' dir='ltr'><em>μᾶλλον</em></span> <span class='ocrx_word' id='word_1_224' title='bbox 1149 1487 1175 1522; x_wconf 89' lang='grc' dir='ltr'><em>η</em></span> <span class='ocrx_word' id='word_1_225' title='bbox 1197 1466 1329 1524; x_wconf 82' lang='grc' dir='ltr'><em>λόγοις</em></span> <span class='ocrx_word' id='word_1_226' title='bbox 1353 1487 1400 1511; x_wconf 91' lang='grc' dir='ltr'><em>τα</em></span> <span class='ocrx_word' id='word_1_227' title='bbox 1422 1471 1555 1525; x_wconf 80' lang='grc' dir='ltr'><em>ἔγκλη-</em></span> 
     </span>
     <span class='ocr_line' id='line_1_47' title="bbox 892 1524 1554 1581; baseline 0.002 -15"><span class='ocrx_word' id='word_1_228' title='bbox 892 1544 995 1579; x_wconf 89' lang='grc' dir='ltr'><em>ματα</em></span> <span class='ocrx_word' id='word_1_229' title='bbox 1017 1524 1269 1576; x_wconf 77' lang='grc' dir='ltr'><em>διαλύεσθαι,</em></span> <span class='ocrx_word' id='word_1_230' title='bbox 1293 1529 1397 1581; x_wconf 89' lang='lat' dir='ltr'><strong>quod</strong></span> <span class='ocrx_word' id='word_1_231' title='bbox 1414 1529 1461 1566; x_wconf 85' lang='lat' dir='ltr'><em>de</em></span> <span class='ocrx_word' id='word_1_232' title='bbox 1481 1533 1554 1567; x_wconf 78' lang='lat' dir='ltr'><em>La-</em></span> 
     </span>
     <span class='ocr_line' id='line_1_48' title="bbox 892 1584 1555 1637; baseline 0.003 -15"><span class='ocrx_word' id='word_1_233' title='bbox 892 1584 1147 1622; x_wconf 84' lang='lat' dir='ltr'><strong>cedaemoniis</strong></span> <span class='ocrx_word' id='word_1_234' title='bbox 1169 1585 1306 1623; x_wconf 84' lang='lat' dir='ltr'><strong>dicitur</strong></span> <span class='ocrx_word' id='word_1_235' title='bbox 1325 1586 1427 1637; x_wconf 85' lang='lat' dir='ltr'>apud</span> <span class='ocrx_word' id='word_1_236' title='bbox 1441 1587 1555 1624; x_wconf 88' lang='lat' dir='ltr'><strong>Thu—</strong></span> 
     </span>
     <span class='ocr_line' id='line_1_49' title="bbox 892 1641 1556 1695; baseline 0.002 -16"><span class='ocrx_word' id='word_1_237' title='bbox 892 1641 1072 1694; x_wconf 84' lang='lat' dir='ltr'><strong>cydidem</strong></span> <span class='ocrx_word' id='word_1_238' title='bbox 1094 1644 1134 1688; x_wconf 84' lang='grc' dir='ltr'><em>Ι,</em></span> <span class='ocrx_word' id='word_1_239' title='bbox 1174 1641 1276 1691; x_wconf 83' lang='grc'><strong>140,</strong></span> <span class='ocrx_word' id='word_1_240' title='bbox 1318 1642 1366 1680; x_wconf 84' lang='lat' dir='ltr'><em>de</em></span> <span class='ocrx_word' id='word_1_241' title='bbox 1403 1643 1556 1695; x_wconf 81' lang='lat' dir='ltr'><strong>Philip-</strong></span> 
     </span>
     <span class='ocr_line' id='line_1_50' title="bbox 890 1698 1552 1752; baseline 0.006 -17"><span class='ocrx_word' id='word_1_242' title='bbox 890 1712 940 1750; x_wconf 91' lang='lat' dir='ltr'><em>po</em></span> <span class='ocrx_word' id='word_1_243' title='bbox 975 1698 1077 1750; x_wconf 81' lang='lat' dir='ltr'><strong>apud</strong></span> <span class='ocrx_word' id='word_1_244' title='bbox 1097 1700 1256 1736; x_wconf 85' lang='lat' dir='ltr'><strong>Lucian.</strong></span> <span class='ocrx_word' id='word_1_245' title='bbox 1287 1701 1337 1736; x_wconf 90' lang='lat' dir='ltr'><em>T.</em></span> <span class='ocrx_word' id='word_1_246' title='bbox 1369 1701 1423 1736; x_wconf 90' lang='grc' dir='ltr'><em>ΠΙ</em></span> <span class='ocrx_word' id='word_1_247' title='bbox 1465 1715 1552 1752; x_wconf 75' lang='lat' dir='ltr'>pag.</span> 
     </span>
     <span class='ocr_line' id='line_1_51' title="bbox 891 1756 1555 1808; baseline -0.003 -11"><span class='ocrx_word' id='word_1_248' title='bbox 891 1756 986 1797; x_wconf 87' lang='grc'>516.</span> <span class='ocrx_word' id='word_1_249' title='bbox 1046 1757 1145 1793; x_wconf 80' lang='lat' dir='ltr'><strong>Hinc</strong></span> <span class='ocrx_word' id='word_1_250' title='bbox 1165 1757 1206 1792; x_wconf 88' lang='lat' dir='ltr'><em>in</em></span> <span class='ocrx_word' id='word_1_251' title='bbox 1225 1758 1345 1807; x_wconf 77' lang='lat' dir='ltr'><strong>Epist.</strong></span> <span class='ocrx_word' id='word_1_252' title='bbox 1364 1757 1465 1808; x_wconf 83' lang='lat' dir='ltr'><strong>apud</strong></span> <span class='ocrx_word' id='word_1_253' title='bbox 1476 1760 1555 1795; x_wconf 89' lang='lat' dir='ltr'><em>De-</em></span> 
     </span>
     <span class='ocr_line' id='line_1_52' title="bbox 890 1809 1556 1865; baseline 0.005 -17"><span class='ocrx_word' id='word_1_254' title='bbox 890 1811 1081 1849; x_wconf 83' lang='lat' dir='ltr'><strong>mosthen.</strong></span> <span class='ocrx_word' id='word_1_255' title='bbox 1109 1826 1197 1864; x_wconf 78' lang='lat' dir='ltr'>pag.</span> <span class='ocrx_word' id='word_1_256' title='bbox 1230 1813 1282 1853; x_wconf 83' lang='lat'><em>94</em></span> <span class='ocrx_word' id='word_1_257' title='bbox 1312 1809 1483 1865; x_wconf 82' lang='grc' dir='ltr'><em>πότερον</em></span> <span class='ocrx_word' id='word_1_258' title='bbox 1506 1817 1556 1852; x_wconf 77' lang='lat' dir='ltr'><em>ait</em></span> 
     </span>
     <span class='ocr_line' id='line_1_53' title="bbox 891 1866 1557 1920; baseline 0.009 -16"><span class='ocrx_word' id='word_1_259' title='bbox 891 1868 1103 1920; x_wconf 80' lang='lat' dir='ltr'><strong>Philippus,</strong></span> <span class='ocrx_word' id='word_1_260' title='bbox 1119 1866 1284 1909; x_wconf 80' lang='grc' dir='ltr'><em>κάλλιόν</em></span> <span class='ocrx_word' id='word_1_261' title='bbox 1297 1869 1402 1909; x_wconf 80' lang='grc' dir='ltr'><em>ἐστιν</em></span> <span class='ocrx_word' id='word_1_262' title='bbox 1416 1868 1557 1918; x_wconf 73' lang='grc' dir='ltr'><em>ὅπλοις</em></span> 
     </span>
     <span class='ocr_line' id='line_1_54' title="bbox 891 1922 1555 1978; baseline 0.003 -14"><span class='ocrx_word' id='word_1_263' title='bbox 891 1922 920 1975; x_wconf 76' lang='grc' dir='ltr'><em>ἢ</em></span> <span class='ocrx_word' id='word_1_264' title='bbox 940 1922 1073 1978; x_wconf 86' lang='grc' dir='ltr'><em>λόγοις</em></span> <span class='ocrx_word' id='word_1_265' title='bbox 1095 1927 1421 1978; x_wconf 79' lang='grc' dir='ltr'><em>διακρίνεσθαι.“</em></span> <span class='ocrx_word' id='word_1_266' title='bbox 1453 1928 1555 1966; x_wconf 77' lang='lat' dir='ltr'><em>Val-</em></span> 
     </span>
     <span class='ocr_line' id='line_1_55' title="bbox 893 1982 1107 2020; baseline 0 -1"><span class='ocrx_word' id='word_1_267' title='bbox 893 1996 911 2020; x_wconf 76' lang='grc' dir='ltr'><em>ε</em></span> <span class='ocrx_word' id='word_1_268' title='bbox 921 1982 942 2018; x_wconf 76' lang='lat' dir='ltr'><em>k</em></span> <span class='ocrx_word' id='word_1_269' title='bbox 953 1996 969 2019; x_wconf 85' lang='lat' dir='ltr'><strong>e</strong></span> <span class='ocrx_word' id='word_1_270' title='bbox 980 1997 1004 2019; x_wconf 84' lang='grc' dir='ltr'><em>η</em></span> <span class='ocrx_word' id='word_1_271' title='bbox 1015 1996 1037 2019; x_wconf 88' lang='grc' dir='ltr'><em>α</em></span> <span class='ocrx_word' id='word_1_272' title='bbox 1050 1995 1066 2019; x_wconf 85' lang='lat' dir='ltr'><strong>e</strong></span> <span class='ocrx_word' id='word_1_273' title='bbox 1075 1995 1107 2019; x_wconf 87' lang='lat' dir='ltr'><em>r.</em></span> 
     </span>
    </p>
   </div>
   <div class='ocr_carea' id='block_1_11' title="bbox 891 2056 1556 2511">
    <p class='ocr_par' dir='ltr' id='par_1_11' title="bbox 891 2056 1556 2511">
     <span class='ocr_line' id='line_1_56' title="bbox 949 2056 1554 2112; baseline 0 -12"><span class='ocrx_word' id='word_1_274' title='bbox 949 2060 988 2108; x_wconf 85' lang='grc' dir='ltr'><em>ἐς</em></span> <span class='ocrx_word' id='word_1_275' title='bbox 1009 2057 1151 2100; x_wconf 76' lang='grc' dir='ltr'><em>τούτου</em></span> <span class='ocrx_word' id='word_1_276' title='bbox 1171 2056 1310 2112; x_wconf 85' lang='grc' dir='ltr'><em>λόγον]</em></span> <span class='ocrx_word' id='word_1_277' title='bbox 1336 2061 1405 2109; x_wconf 84' lang='lat' dir='ltr'><em>„Id</em></span> <span class='ocrx_word' id='word_1_278' title='bbox 1421 2063 1554 2112; x_wconf 77' lang='lat' dir='ltr'><strong>voluit,</strong></span> 
     </span>
     <span class='ocr_line' id='line_1_57' title="bbox 891 2118 1555 2168; baseline 0.005 -14"><span class='ocrx_word' id='word_1_279' title='bbox 891 2131 1072 2168; x_wconf 77' lang='lat' dir='ltr'><em>nunquam</em></span> <span class='ocrx_word' id='word_1_280' title='bbox 1093 2118 1140 2155; x_wconf 75' lang='lat' dir='ltr'><em>cul</em></span> <span class='ocrx_word' id='word_1_281' title='bbox 1160 2120 1234 2155; x_wconf 75' lang='lat' dir='ltr'><em>eius</em></span> <span class='ocrx_word' id='word_1_282' title='bbox 1254 2121 1307 2156; x_wconf 80' lang='lat' dir='ltr'><em>rei</em></span> <span class='ocrx_word' id='word_1_283' title='bbox 1323 2122 1492 2157; x_wconf 72' lang='lat' dir='ltr'><em>rationem</em></span> <span class='ocrx_word' id='word_1_284' title='bbox 1523 2125 1555 2157; x_wconf 82' lang='lat' dir='ltr'><em>et</em></span> 
     </span>
     <span class='ocr_line' id='line_1_58' title="bbox 892 2177 1554 2222; baseline 0.002 -10"><span class='ocrx_word' id='word_1_285' title='bbox 892 2187 1066 2222; x_wconf 75' lang='lat' dir='ltr'><em>caussam,</em></span> <span class='ocrx_word' id='word_1_286' title='bbox 1087 2182 1130 2211; x_wconf 87' lang='lat' dir='ltr'><em>ut</em></span> <span class='ocrx_word' id='word_1_287' title='bbox 1149 2188 1281 2212; x_wconf 87' lang='lat' dir='ltr'><strong>secum</strong></span> <span class='ocrx_word' id='word_1_288' title='bbox 1300 2177 1340 2212; x_wconf 87' lang='lat' dir='ltr'><em>in</em></span> <span class='ocrx_word' id='word_1_289' title='bbox 1362 2184 1554 2214; x_wconf 78' lang='lat' dir='ltr'><strong>certamen</strong></span> 
     </span>
     <span class='ocr_line' id='line_1_59' title="bbox 893 2231 1555 2279; baseline 0.002 -10"><span class='ocrx_word' id='word_1_290' title='bbox 893 2231 1190 2279; x_wconf 77' lang='lat' dir='ltr'><strong>descenderent,</strong></span> <span class='ocrx_word' id='word_1_291' title='bbox 1232 2234 1391 2270; x_wconf 87' lang='lat' dir='ltr'><strong>venisse.</strong></span> <span class='ocrx_word' id='word_1_292' title='bbox 1451 2234 1555 2270; x_wconf 87' lang='lat' dir='ltr'><strong>Con—</strong></span> 
     </span>
     <span class='ocr_line' id='line_1_60' title="bbox 892 2289 1555 2339; baseline 0.005 -15"><span class='ocrx_word' id='word_1_293' title='bbox 892 2291 994 2339; x_wconf 81' lang='lat' dir='ltr'><strong>gruit</strong></span> <span class='ocrx_word' id='word_1_294' title='bbox 1014 2290 1079 2335; x_wconf 82' lang='grc' dir='ltr'>ΙΙΙ,</span> <span class='ocrx_word' id='word_1_295' title='bbox 1101 2291 1153 2329; x_wconf 83' lang='grc'><em>99</em></span> <span class='ocrx_word' id='word_1_296' title='bbox 1186 2289 1277 2336; x_wconf 86' lang='lat' dir='ltr'><strong>[ubi</strong></span> <span class='ocrx_word' id='word_1_297' title='bbox 1298 2289 1375 2326; x_wconf 84' lang='lat' dir='ltr'><strong>vid.</strong></span> <span class='ocrx_word' id='word_1_298' title='bbox 1397 2292 1555 2339; x_wconf 74' lang='lat' dir='ltr'><strong>nott.].“</strong></span> 
     </span>
     <span class='ocr_line' id='line_1_61' title="bbox 900 2344 1556 2396; baseline 0.005 -14"><span class='ocrx_word' id='word_1_299' title='bbox 900 2345 998 2382; x_wconf 68' lang='lat' dir='ltr'><em>iVes</em></span> <span class='ocrx_word' id='word_1_300' title='bbox 1009 2360 1025 2382; x_wconf 87' lang='lat' dir='ltr'><strong>s</strong></span> <span class='ocrx_word' id='word_1_301' title='bbox 1036 2346 1088 2382; x_wconf 85' lang='lat' dir='ltr'><em>el.</em></span> <span class='ocrx_word' id='word_1_302' title='bbox 1131 2344 1497 2396; x_wconf 79' lang='lat' dir='ltr'><strong>Schweighaeusero</strong></span> <span class='ocrx_word' id='word_1_303' title='bbox 1517 2346 1556 2394; x_wconf 80' lang='grc' dir='ltr'><em>ἐς</em></span> 
     </span>
     <span class='ocr_line' id='line_1_62' title="bbox 892 2398 1556 2451; baseline -0.002 -10"><span class='ocrx_word' id='word_1_304' title='bbox 892 2398 1037 2441; x_wconf 77' lang='grc' dir='ltr'><em>τούτου</em></span> <span class='ocrx_word' id='word_1_305' title='bbox 1059 2398 1177 2451; x_wconf 87' lang='grc' dir='ltr'><em>λόγον</em></span> <span class='ocrx_word' id='word_1_306' title='bbox 1196 2402 1300 2439; x_wconf 84' lang='lat' dir='ltr'><strong>idem</strong></span> <span class='ocrx_word' id='word_1_307' title='bbox 1321 2404 1400 2440; x_wconf 83' lang='lat' dir='ltr'><strong>fere</strong></span> <span class='ocrx_word' id='word_1_308' title='bbox 1421 2417 1556 2441; x_wconf 80' lang='lat' dir='ltr'><strong>sonare</strong></span> 
     </span>
     <span class='ocr_line' id='line_1_63' title="bbox 893 2458 1395 2511; baseline 0.002 -14"><span class='ocrx_word' id='word_1_309' title='bbox 893 2458 1044 2498; x_wconf 85' lang='lat' dir='ltr'><strong>videtur</strong></span> <span class='ocrx_word' id='word_1_310' title='bbox 1063 2466 1178 2511; x_wconf 84' lang='lat' dir='ltr'><strong>atque</strong></span> <span class='ocrx_word' id='word_1_311' title='bbox 1199 2459 1238 2507; x_wconf 87' lang='grc' dir='ltr'><em>ἐς</em></span> <span class='ocrx_word' id='word_1_312' title='bbox 1262 2463 1395 2500; x_wconf 83' lang='grc' dir='ltr'><em>τοῦτο.</em></span> 
     </span>
    </p>
   </div>
   <div class='ocr_carea' id='block_1_12' title="bbox 1171 2573 1281 2617">
    <p class='ocr_par' dir='ltr' id='par_1_12' title="bbox 1171 2573 1281 2617">
     <span class='ocr_line' id='line_1_64' title="bbox 1171 2573 1281 2617; baseline -0.073 0"><span class='ocrx_word' id='word_1_313' title='bbox 1171 2573 1210 2617; x_wconf 54' lang='grc' dir='ltr'><em>ὃ.</em></span> <span class='ocrx_word' id='word_1_314' title='bbox 1241 2574 1281 2612; x_wconf 82' lang='lat'><em>3.</em></span> 
     </span>
    </p>
   </div>
   <div class='ocr_carea' id='block_1_13' title="bbox 896 2657 1558 2922">
    <p class='ocr_par' dir='ltr' id='par_1_13' title="bbox 896 2657 1558 2922">
     <span class='ocr_line' id='line_1_65' title="bbox 956 2657 1558 2712; baseline 0 -12"><span class='ocrx_word' id='word_1_315' title='bbox 956 2657 1227 2701; x_wconf 63' lang='grc' dir='ltr'><em>ἀντιώσεσθαι</em></span> <span class='ocrx_word' id='word_1_316' title='bbox 1247 2657 1419 2712; x_wconf 85' lang='grc' dir='ltr'><em>πόλεμον</em></span> <span class='ocrx_word' id='word_1_317' title='bbox 1433 2673 1558 2712; x_wconf 88' lang='grc' dir='ltr'><em>προσ-</em></span> 
     </span>
     <span class='ocr_line' id='line_1_66' title="bbox 897 2715 1558 2768; baseline -0.003 -13"><span class='ocrx_word' id='word_1_318' title='bbox 897 2715 1049 2768; x_wconf 83' lang='grc' dir='ltr'><em>φέρων]</em></span> <span class='ocrx_word' id='word_1_319' title='bbox 1074 2716 1313 2768; x_wconf 83' lang='grc' dir='ltr'><em>προσφέρων</em></span> <span class='ocrx_word' id='word_1_320' title='bbox 1335 2732 1354 2754; x_wconf 88' lang='lat' dir='ltr'><strong>e</strong></span> <span class='ocrx_word' id='word_1_321' title='bbox 1368 2719 1558 2755; x_wconf 72' lang='lat' dir='ltr'><strong>Sancrofti</strong></span> 
     </span>
     <span class='ocr_line' id='line_1_67' title="bbox 896 2773 1557 2825; baseline 0.006 -17"><span class='ocrx_word' id='word_1_322' title='bbox 896 2773 992 2810; x_wconf 80' lang='lat' dir='ltr'><strong>libro</strong></span> <span class='ocrx_word' id='word_1_323' title='bbox 1031 2774 1153 2811; x_wconf 85' lang='lat' dir='ltr'><strong>fiuxit.</strong></span> <span class='ocrx_word' id='word_1_324' title='bbox 1212 2775 1289 2810; x_wconf 89' lang='lat' dir='ltr'><strong>Alii</strong></span> <span class='ocrx_word' id='word_1_325' title='bbox 1328 2773 1557 2825; x_wconf 80' lang='grc' dir='ltr'><em>προφέρων,</em></span> 
     </span>
     <span class='ocr_line' id='line_1_68' title="bbox 898 2829 1556 2880; baseline 0 -15"><span class='ocrx_word' id='word_1_326' title='bbox 898 2829 1004 2880; x_wconf 86' lang='lat' dir='ltr'>quod</span> <span class='ocrx_word' id='word_1_327' title='bbox 1041 2829 1131 2867; x_wconf 88' lang='lat' dir='ltr'><strong>huic</strong></span> <span class='ocrx_word' id='word_1_328' title='bbox 1158 2831 1244 2867; x_wconf 90' lang='lat' dir='ltr'>loco</span> <span class='ocrx_word' id='word_1_329' title='bbox 1276 2832 1403 2867; x_wconf 85' lang='lat' dir='ltr'><strong>minus</strong></span> <span class='ocrx_word' id='word_1_330' title='bbox 1425 2836 1556 2880; x_wconf 85' lang='lat' dir='ltr'><strong>aptum</strong></span> 
     </span>
     <span class='ocr_line' id='line_1_69' title="bbox 898 2892 966 2922; baseline 0.015 -1"><span class='ocrx_word' id='word_1_331' title='bbox 898 2892 966 2922; x_wconf 86' lang='lat' dir='ltr'><strong>est.</strong></span> 
     </span>
    </p>
   </div>
   <div class='ocr_carea' id='block_1_14' title="bbox 1882 2812 1897 3257">
    <p class='ocr_par' dir='ltr' id='par_1_14' title="bbox 1882 2812 1897 3257">
     <span class='ocr_line' id='line_1_70' title="bbox 1882 2812 1897 3257; textangle 90"><span class='ocrx_word' id='word_1_332' title='bbox 1882 2812 1897 3257; x_wconf 33' lang='lat' dir='ltr'><em>m-r——xss-fl-</em></span> 
     </span>
    </p>
   </div>
  </div>
 </body>
</html>
