1897 3340
541 208 1016 248 POLYMNIA.
1075 210 1173 247 VII.

192 322 302 376 Ξγῆς
332 321 503 376 αἴτησιν
532 318 739 375 κήρυκας,
768 318 905 360 τῶνδε
936 317 1092 361 εἵνεκα.

1403 219 1484 257 637

1152 317 1369 374 πρότερον
1397 327 1484 367 Δα-
1497 332 1543 366 20

222 389 344 441 ρείου
375 389 623 444 πέμψαντος
653 384 715 430 ἐπ’
746 383 855 429 αὐτὸ
885 387 1029 436 τοῦτο,
1062 386 1105 427 οἱ
1132 385 1211 441 μὲν
1229 385 1487 441 αὐτῶντούς

219 457 442 507 αἰτέοντας
472 456 514 507 ἐς
542 454 591 499 τό
622 453 855 509 βάραθρον
889 455 932 496 οἱ
963 453 1009 496 δὲ
1038 452 1081 503 ἐς
1109 454 1249 509 φρέαρ
1274 454 1485 511 ἐσβαλόν-

217 540 312 575 τες,
355 525 554 568 ἐκέλευον
586 525 670 578 γῆν
705 537 749 564 τε
789 521 861 565 καὶ
889 520 1011 575 ὕδωρ
1054 521 1100 563 ἐκ
1130 520 1301 566 τούτων
1331 523 1483 579 φέρειν

189 591 339 647 3παρὰ
371 592 558 647 βασιλέα.
599 588 768 632 τούτων
798 589 876 644 μὲν
905 591 1048 633 εἵνεκα
1079 588 1160 633 οὐκ
1189 590 1348 647 ἔπεμψε
1378 591 1482 646 Ξέρ-

219 661 292 715 ξης
331 660 433 711 τοὺς
477 657 746 714 αἰτήσοντας.
794 656 850 699 ΓὈ
900 674 941 700 τι
982 659 1027 701 ὁὲ
1065 662 1178 700 τοῖσι
1215 657 1484 714 Ἀθηναίοισι

216 732 355 771 ταῦτα
390 726 597 782 ποιήσασι
633 725 737 776 τοὺς
779 724 974 779 κήρυκας
1013 726 1240 782 συνήνεικε
1278 726 1538 782 ‹imatzu-25

216 811 293 838 τον
322 795 539 850 γενέσθαι,
570 793 651 836 οὐκ
673 793 753 848 ἔχω
785 791 914 844 εἶπαι,
946 793 1058 849 πλὴν
1079 793 1145 836 ὅτι
1166 794 1315 850 σφέων
1343 792 1371 851 ἡ
1401 792 1482 849 χεό-

215 879 269 919 ρη
302 863 375 906 καὶ
404 862 430 918 ἦ
457 862 581 913 πόλις
602 860 808 918 ἐδηϊώθη’
841 861 949 906 ἀλλὰ
977 865 1107 905 τοῦτο
1139 860 1193 905 οὐ
1215 862 1286 905 δια
1317 861 1482 918 ταύτην

18 960 20 970 ι
50 928 146 973 134
210 932 290 986 την
319 932 459 986 αἰτίην
491 931 628 974 δοκέω
656 931 870 985 γενέσθαι.

214 999 406 1054 μονίοισι
441 1003 568 1055 μῆνις
597 998 834 1054 κατέσκηψε
877 1000 1153 1055 Ταλθυβίου,
1195 1002 1276 1041 τοῦ
1308 997 1481 1055 Ἀγαμέ-

211 1183 250 1230 ἒς
275 1181 318 1223 τό
340 1181 578 1237 βάραθρον]
601 1186 704 1222 Inter
723 1199 816 1237 sup-

154 1241 266 1291 plicia
294 1240 454 1281 Athenis
488 1243 639 1292 publice
674 1244 815 1279 consti-

153 1305 235 1334 tuta
250 1297 344 1335 illud
364 1312 518 1350 quoque
530 1307 620 1344 erat,
640 1307 682 1337 ut
702 1299 814 1336 dam-

154 1356 235 1391 nati
271 1356 311 1391 in
341 1356 547 1393 barathrum
578 1358 603 1393 i.
633 1370 666 1393 e.
698 1370 812 1394 vora-

152 1413 284 1462 ginem
304 1426 332 1450 s.
353 1413 492 1450 fossam
509 1412 810 1464 profundiorem,

153 1470 192 1504 in
215 1468 328 1505 demo
353 1471 579 1523 Κειριαόοἶν
600 1483 697 1522 quae
720 1478 810 1518 erat,

153 1524 416 1565 deiicerentur.
458 1528 516 1563 De
537 1540 612 1579 quo
639 1534 812 1564 veterum

152 1584 368 1620 testimonia
399 1583 543 1620 dabunt
565 1585 705 1622 Meurs.
729 1586 812 1621 Att.

151 1640 271 1676 Lectt.
292 1641 321 1688 Ι,
336 1640 402 1680 25.
423 1640 696 1678 VVachsmuth.
718 1642 813 1677 Hel-

151 1697 228 1734 len.
248 1696 527 1735 Alterthumsk.
546 1700 593 1746 ΙΙ,
620 1701 638 1737 ’1
663 1712 701 1748 p.
717 1698 813 1739 254.

153 1775 208 1780 ——
238 1752 406 1806 In‘seqq.
438 1754 486 1791 ad
507 1767 644 1792 vocem
666 1750 813 1793 α’νεθέ-

151 1812 284 1860 λητον,
307 1811 382 1862 qu&
403 1814 503 1848 triste
519 1812 697 1862 quidpiam
707 1825 735 1848 s·
750 1824 814 1848 ca-

151 1865 296 1903 lamitas
324 1868 578 1918 significatur,
608 1867 686 1904 vid.
716 1874 812 1904 nott.

151 1922 200 1959 ad
220 1924 302 1966 VII,
323 1926 390 1965 88.
410 1945 467 1951 -—-
509 1919 692 1975 ἐδηῖὦθη
723 1938 812 1960 cum

152 1977 359 2017 Schaefero
382 1980 569 2018 dederunt
585 1983 811 2018 recentiores

149 2049 219 2088 pro
239 2033 419 2091 ε’δηῴθη.
468 2038 525 2075 Cf.
548 2038 691 2075 Herod.
712 2038 811 2086 VIII,

151 2095 218 2134 33.
248 2094 314 2135 50.
339 2097 432 2135 121.
453 2095 515 2142 VI,
543 2095 622 2136 135
645 2102 681 2132 et
700 2096 813 2131 Dun-

151 2162 234 2189 cau.
265 2153 360 2189 Lex.
392 2153 550 2191 Homer.
582 2151 641 2190 ed.
663 2153 769 2191 Rostf
794 2153 812 2188 I

150 2219 238 2257 pag.
261 2207 355 2248 275.

210 2259 309 2301 ἄλλα
335 2266 452 2303 τοῦτο
490 2260 539 2303 οὔ
571 2260 637 2303 διοέ
659 2261 810 2315 ταύτην

151 2314 226 2369 τήν
264 2319 396 2370 αἰτίην
432 2319 556 2359 δοκέω
587 2319 806 2372 γενέσθαι]

152 2376 226 2420 Qui
264 2375 370 2412 locus
399 2375 497 2412 clare
526 2385 811 2426 commonstrat,

149 2434 328 2469 Nostrum
349 2432 456 2481 vulgi
483 2435 807 2482 superstitionibus

149 2490 316 2537 nonita,
337 2495 379 2525 ut
408 2488 524 2538 vulgo
545 2490 721 2536 clamant,
741 2503 808 2526 ca-

149 2552 261 2597 ptum
280 2546 394 2582 fuisse
414 2557 484 2581 nec
507 2546 560 2581 ita
588 2546 808 2583 obstrictum

150 2603 345 2653 religione,
367 2614 443 2654 quo
462 2602 601 2649 miuus,
624 2600 810 2653 quidquid

151 2666 286 2709 sponte
317 2665 430 2711 atque
461 2671 482 2694 e
512 2659 631 2695 causis
651 2670 809 2709 praece.-

154 2713 329 2753 dentibus
375 2716 587 2752 necessario
628 2716 808 2767 consequi

153 2779 371 2822 appareret,
412 2771 460 2808 ad
489 2771 658 2809 divinam
684 2783 809 2822 quau-

153 2825 243 2864 dam
276 2830 356 2867 vim
384 2828 514 2865 omnia
542 2826 808 2865 moderantem

936 934 1059 973 Τοῖσι
1090 932 1136 973 δὲ
1166 925 1230 973 οἷν
1260 932 1477 973 Λακεδαι-

872 1186 1012 1222 referre
1044 1186 1196 1233 mallet,
1227 1185 1266 1222 in
1289 1185 1384 1222 veris
1404 1197 1534 1221 rerum

872 1245 992 1280 causis
1021 1241 1247 1292 indagandis
1283 1249 1319 1279 et
1358 1255 1535 1293 perscru-

871 1300 993 1337 tandis
1012 1301 1124 1336 unice
1147 1306 1366 1351 occupatus.
1396 1300 1462 1336 Tu
1483 1298 1533 1336 cf.

871 1358 987 1394 etiam
1008 1358 1089 1405 VII,
1116 1359 1209 1397 137.

1038 1448 1132 1498 Cap.
1153 1447 1367 1483 CXXXIV.

926 1529 1049 1578 μῆνις
1095 1524 1323 1577 κατέσκηψε
1376 1527 1532 1564 Ταλθυ-

870 1583 961 1635 βίου
985 1586 1058 1622 τοῦ
1074 1579 1374 1635 Ἀγαμέμνονος
1402 1579 1532 1634 κήρυ-

869 1642 963 1689 κος]
996 1641 1133 1690 Attigit
1162 1639 1255 1677 haec
1284 1637 1459 1677 Eustath.
1482 1638 1531 1676 ad

868 1699 912 1734 11.
933 1699 949 1733 I
970 1711 1007 1748 p.
1034 1700 1125 1745 110,
1148 1700 1200 1737 29
1217 1710 1246 1735 s.
1268 1698 1334 1744 83,
1365 1699 1432 1737 20.
1454 1698 1533 1746 μῆ-

868 1769 931 1800 νις
961 1761 1015 1791 est
1044 1757 1101 1791 ira
1131 1753 1330 1804 Talthybii
1356 1755 1532 1802 &piacu-

871 1811 953 1858 lum,
977 1824 1074 1862 quae
1107 1823 1128 1846 a
1149 1810 1358 1860 Talthybio
1378 1810 1418 1844 in
1449 1810 1530 1845 eius

869 1875 1038 1918 posteros
1076 1867 1234 1914 transiit,
1277 1867 1342 1917 qui
1381 1872 1419 1902 et
1458 1866 1530 1916 ipsi

868 1937 1074 1975 praecones
1108 1924 1214 1959 fuere
1243 1935 1312 1973 pro
1334 1935 1378 1959 eo
1408 1935 1530 1970 more,

870 1994 918 2017 ex
940 1994 1016 2033 quo
1034 1979 1122 2016 huic
1144 1981 1248 2030 genti
1285 1977 1359 2016 hoc
1387 1991 1531 2016 munus

867 2038 939 2074 suit
971 2038 1180 2088 proprium.
1246 2035 1331 2073 vid.
1363 2035 1427 2083 VI,
1460 2038 1526 2077 60.

869 2095 968 2132 Sunt
988 2107 1077 2132 vero
1105 2094 1194 2130 talia
1215 2106 1264 2129 ex
1289 2105 1333 2129 ea
1353 2099 1529 2132 veterum

869 2152 1051 2202 opinione
1073 2149 1338 2196 diiudicanda,
1360 2148 1436 2201 quil
1456 2162 1529 2200 pa-

868 2215 1021 2245 rentum
1051 2209 1205 2258 culpam
1235 2208 1392 2257 posteris
1412 2207 1527 2242 luen-

867 2264 957 2302 dam
978 2278 1056 2302 esse
1076 2265 1273 2314 putabant.
1332 2265 1391 2300 De
1412 2263 1527 2300 simili

865 2323 1017 2373 piaculo
1055 2323 1191 2358 Noster
1219 2321 1299 2368 VII,
1334 2321 1427 2367 197,
1460 2320 1526 2357 ubi

866 2380 982 2416 etiam
1000 2390 1079 2416 vox
1099 2376 1324 2430 μηνὶς,0011.
1338 2377 1418 2424 Vll,
1433 2378 1525 2425 169,

862 2437 929 2472 ubi
949 2436 1118 2487 μηνίειν,
1141 2435 1315 2472 verbum.
1354 2434 1527 2471 Verbum

863 2487 1153 2542 κατασκήπτειν
1175 2492 1281 2541 attigi
1301 2489 1350 2527 ad
1369 2491 1451 2537 VII,
1474 2492 1525 2529 10

865 2550 902 2594 ᾖ.
915 2548 954 2588 5.
983 2549 1128 2586 Vocem
1144 2548 1386 2599 Ταλθυβίου,
1409 2558 1526 2598 quam

864 2605 989 2655 plures
1009 2603 1071 2641 hic
1092 2606 1273 2642 omittunt
1289 2603 1412 2650 codd„
1435 2614 1525 2638 cum

864 2668 1020 2699 recentt.
1052 2660 1139 2698 edd.
1159 2659 1415 2698 revocandam
1431 2670 1524 2694 cen-

863 2718 934 2754 sui.
991 2719 1049 2754 De
1068 2717 1142 2755 hoc
1164 2716 1372 2766 Talthybio
1386 2744 1396 2761 ‚
1416 2715 1524 2762 Aga—

862 2775 1079 2811 memnonis
1117 2786 1306 2824 praecone
1350 2770 1522 2807 celeber-

863 2831 973 2879 rimo,
987 2838 1159 2869 veterum
1180 2827 1395 2866 testimonia
1416 2824 1519 2863 dabit

1535 923 1695 959 Talthybii
1714 923 1814 952 herois

1540 959 1575 984 ob
1597 959 1680 985 Darii
1695 959 1812 993 legatos

1541 993 1585 1026 [6,
1605 993 1659 1031 483]
1681 993 1813 1019 olimue—

1540 1031 1622 1054 catos
1631 1035 1677 1054 n‘a
1684 1026 1812 1062 iuSpar-
