1897 3340
427 212 511 252 1⁰6
823 215 1282 252 HERODOTI

427 320 473 362 δὲ
510 319 694 371 τούτους
743 321 851 364 κατὰ
898 323 1125 366 θάλασσαν
1174 326 1373 367 πλοίοισι.
1442 323 1466 368 ὁ
1514 326 1594 381 μὲν
1631 326 1684 383 δή
1698 334 1740 367 70

425 389 630 446 προσχὼν
659 391 700 441 ἐς
724 389 949 445 Φάληρον,
979 391 1059 447 τὴν
1088 391 1295 447 στρατιήν
1325 393 1533 448 α’πέβησε·
1576 395 1682 438 οἶδὲ

426 461 778 513 Πεισιστρατίδαι
806 458 1217 514 προπυνθανόμενοι
1247 464 1403 511 ταῦτα,
1434 460 1682 505 ἐπεκαλέον-

422 544 473 571 το
519 528 566 571 ἐκ
610 528 844 581 Θεσσαλίης
883 526 1157 582 ἐπικουρίην·
1207 527 1432 583 ἐπεποίητο
1477 512 1562 583 ἷάρ
1601 541 1681 584 σφι

392 599 414 635 4
425 597 640 652 συμμαχίη
681 593 792 647 πρὸς
832 592 1008 644 αὐτούς.

1077 596 1288 637 Θεσσαλοὶ
1327 595 1372 638 δέ
1411 608 1488 650 σφι
1528 598 1677 648 δεομέ-

419 674 536 706 νοισι
569 662 845 716 ἀπέπεμψαν,
887 664 1016 716 κοινῇ
1056 660 1207 716 γνώμῃ
1237 661 1494 716 χρεώμενοι,
1537 666 1679 719 χιλίην

419 747 462 773 τε
498 732 653 779 ἵππον,
692 729 765 771 καὶ
796 727 873 771 τὸν
911 727 1088 783 βασιλέα
1128 728 1207 771 τὸν
1251 728 1462 783 σφέτερον
1503 732 1734 787 Κινέην,75

419 798 560 851 ἄνδρα
591 800 825 839 Κονιαῖον·
862 794 965 846 τούς
995 795 1084 839 ἐπεί
1124 812 1166 839 τε
1197 796 1322 851 ἔσχον
1352 798 1603 854 συμμάχους
1634 802 1678 843 οἱ

390 866 790 919 5Πεισιστρατίδαι,
830 863 1091 920 ἐμηχανὲατο
1131 863 1289 908 τοιάδε.
1335 867 1552 919 κείραντες
1589 871 1678 910 τῶν

358 1043 500 1081 confer.
522 1042 570 1078 G.
591 1042 800 1077 Hermann.
821 1037 869 1075 ad
888 1038 1014 1089 Viger.

1070 1047 1181 1078 natus
1211 1040 1323 1077 fuerit
1344 1039 1617 1077 Thessalorum
1650 1053 1730 1088 rex,

358 1114 396 1150 p.
427 1101 529 1146 722,
559 1104 595 1134 et
635 1097 701 1149 qui
731 1096 839 1146 plura
870 1094 1053 1144 dabunt.
1069 1095 1165 1134 haec
1196 1098 1331 1134 verba:
1377 1094 1504 1147 ἄνδρα
1539 1098 1733 1136 Κονιαῖον

356 1158 562 1205 Berginan.
590 1161 627 1190 et
649 1153 829 1190 Benseler
853 1151 901 1188 ad
931 1153 1013 1188 Iso-

356 1220 447 1249 crat.
474 1213 664 1261 Areopag.
693 1222 780 1260 pag.
804 1208 895 1247 149.
921 1209 1012 1249 150.

358 1293 407 1297 —
439 1270 533 1304 Mox
573 1267 718 1303 restitui
764 1261 949 1314 προσχών
989 1278 1011 1301 a

355 1324 560 1363 Schaefero
588 1324 628 1359 iu
656 1337 718 1372 πρ
734 1337 752 1359 o
766 1318 899 1370 ςσχών
920 1333 1011 1356 mu-

353 1389 496 1428 tatum3
526 1379 573 1417 de
603 1392 677 1432 quo
698 1377 776 1416 vid.
796 1383 892 1414 nott.
912 1376 960 1414 ad
979 1379 1009 1425 I,

354 1441 393 1479 2.
415 1437 515 1475 Add.
538 1438 602 1475 VI.
633 1439 701 1478 33.

408 1527 538 1578 χιλίην
565 1540 605 1565 τε
635 1524 788 1572 ἵππον]
838 1521 1008 1560 Thessa-

352 1584 407 1620 los
436 1596 527 1634 prae
559 1583 689 1619 ceteris
709 1580 861 1617 Graecis
896 1580 1007 1630 equi-

351 1647 432 1677 tatu
469 1640 688 1676 excelluisse
725 1638 810 1673 satis
849 1642 1005 1682 constat,

350 1698 431 1748 ipso
460 1703 554 1733 teste
583 1692 775 1732 Herodoto
809 1693 889 1738 VII,
916 1693 1005 1731 196.

351 1751 561 1789 Larcherus
582 1753 720 1788 excitat
731 1748 927 1785 Theocrit.
947 1746 1004 1785 Id.

350 1810 488 1855 XVIII,
520 1811 572 1849 50
593 1816 630 1845 et
651 1805 779 1845 Schol.
801 1804 848 1841 ad
870 1803 1005 1841 Theo—

349 1868 430 1903 crit.
461 1866 571 1912 XIV,
604 1863 670 1905 48.
713 1861 834 1909 8ιιίἀ.,
871 1862 922 1902 Τ,
952 1862 1005 1896 III

347 1937 384 1973 p.
415 1922 508 1962 529.
565 1922 680 1957 Plura
707 1919 809 1956 dabit
833 1918 1003 1955 Voemel.

348 1978 396 2016 ad
421 1974 667 2015 Demosthen.
703 1974 867 2026 Philipp.
902 1975 937 2010 Π
966 1975 1003 2020 ξ.

351 2033 400 2074 14
427 2049 463 2085 p.
495 2037 544 2074 21
576 2048 677 2085 seq.,
709 2033 773 2069 ubi
793 2031 876 2080 yid.
905 2044 1002 2082 quae

347 2092 520 2127 citantur.
588 2092 680 2127 Mox
720 2102 789 2141 pro
828 2089 998 2140 βασιλῆα

347 2146 436 2184 dedi
455 2145 627 2199 βασιλέα.

403 2246 529 2300 ἄνδρα
544 2248 764 2296 Κονιαῖον]
802 2250 921 2288 Virum
933 2250 998 2288 Co-

345 2309 422 2355 m’o,
460 2305 562 2358 quod
597 2304 786 2356 Phrygiae
815 2314 868 2344 est
889 2308 1000 2357 oppi-

345 2363 438 2400 dum
456 2370 550 2400 teste
570 2363 692 2399 Plinio
705 2363 750 2400 H.
762 2365 806 2401 N.
820 2365 999 2412 XXXVI,

342 2419 433 2467 (32)
465 2418 518 2459 40
547 2426 660 2471 atque
680 2420 841 2458 Hierocl.
864 2422 901 2456 iu
923 2422 1000 2471 Sy-

343 2475 452 2513 necd.
484 2489 521 2526 p.
550 2478 649 2522 166,
680 2477 875 2523 oriundum,
910 2491 998 2513 cum

343 2531 530 2569 Larchero
544 2530 603 2568 bic
624 2533 832 2582 intelligere
852 2534 995 2580 malim,

343 2602 432 2626 cum
462 2589 566 2624 nulla
592 2586 701 2624 huius
735 2591 898 2626 nominis
919 2591 995 2626 sive

343 2647 445 2696 regio
465 2646 542 2682 sive
562 2646 648 2681 urbs
669 2659 735 2696 per
746 2644 994 2693 Thessaliam,

344 2709 528 2753 quantum
549 2700 725 2753 equidem
753 2704 829 2739 scio
844 2733 852 2749 ,
884 2716 994 2753 repe—

343 2758 470 2807 riatur,
487 2759 576 2810 quin
599 2772 683 2795 eam
704 2759 820 2810 ipsam
843 2760 890 2795 ob
902 2772 995 2795 cau—

342 2827 444 2862 sam,
501 2813 605 2867 quod
644 2817 840 2866 peregrina
880 2817 993 2867 stirpe

1069 1154 1214 1191 adiecta
1243 1167 1320 1190 esse
1349 1155 1574 1199 existimem.
1611 1154 1731 1190 Wes-

1067 1212 1246 1261 selingius
1266 1213 1495 1260 cogitaverat
1516 1209 1562 1246 de
1583 1211 1680 1247 Gono
1700 1223 1728 1247 s.

1067 1268 1190 1304 Gonno
1230 1268 1270 1302 in
1299 1266 1548 1312 Perrhaebia,
1590 1279 1729 1318 quam-

1068 1336 1184 1375 quam
1195 1323 1363 1360 diversae
1383 1325 1587 1373 scripturae
1610 1329 1646 1359 et
1668 1321 1728 1358 di-

1066 1381 1162 1417 versi
1194 1381 1359 1416 nominis
1389 1379 1539 1430 gentilis
1577 1385 1612 1414 et
1648 1380 1728 1429 ipse

1065 1436 1168 1474 haud
1196 1439 1412 1474 immemor.
1477 1437 1576 1471 Nam
1607 1435 1727 1471 Grae-

1065 1495 1117 1530 cis
1147 1493 1407 1544 scriptoribus,
1449 1492 1629 1529 Straboni
1669 1493 1726 1528 IX

1063 1563 1101 1600 p.
1119 1548 1200 1589 440
1220 1563 1249 1586 s,
1270 1563 1308 1600 p.
1323 1551 1403 1591 672
1413 1550 1457 1585 B.
1487 1549 1723 1596 Ptolemaeo,

1063 1604 1248 1656 Stephan.
1279 1607 1373 1657 Byz.
1404 1606 1468 1655 (p.
1488 1605 1597 1654 276)
1629 1605 1722 1652 aliis,

1060 1661 1176 1698 modo
1218 1659 1365 1709 Γόννος
1404 1661 1560 1706 dicitur,
1608 1660 1723 1697 modo

1066 1722 1092 1756 I
1093 1715 1224 1765 ὅννοι,
1265 1718 1367 1755 unde
1388 1719 1505 1756 Gonni
1533 1716 1635 1767 apud
1653 1718 1721 1754 Li-

1061 1776 1168 1812 vium
1199 1777 1379 1820 XXXVI,
1414 1777 1475 1814 10.
1506 1774 1624 1820 XLII,
1646 1772 1719 1821 543

1062 1845 1159 1883 quae
1173 1834 1300 1869 civitas
1310 1831 1358 1868 ad
1369 1830 1717 1880 septemtrionalem

1060 1890 1178 1925 Penei
1211 1890 1331 1940 ripam
1359 1889 1452 1934 sita,
1483 1886 1548 1923 ub‘.
1567 1887 1718 1936 Tempe

1060 1947 1244 1995 incipiunt
1260 1960 1304 1982 eo
1325 1946 1426 1988 loen,
1448 1945 1509 1979 cui
1528 1956 1631 1979 nunc
1644 1956 1717 1979 no·-

1059 2016 1147 2038 men
1166 2003 1308 2053 Goniga
1319 2016 1347 2038 s.
1361 2001 1516 2039 Gonusa.
1546 1997 1717 2036 Wachs-

1058 2058 1205 2095 muthio
1227 2060 1375 2095 Hellen.
1393 2054 1669 2095 Alterthumsk.
1685 2057 1715 2103 1,

1058 2118 1074 2154 1
1110 2129 1195 2166 pag.
1227 2118 1316 2159 129,
1347 2114 1576 2165 probabilius
1606 2111 1715 2149 vide-

1054 2178 1114 2208 tur
1142 2174 1266 2222 legere
1291 2174 1506 2216 Γονναῐον,
1530 2182 1645 2221 quam
1667 2167 1714 2204 de

1054 2227 1242 2280 Pbrygiae
1264 2227 1403 2279 oppido
1425 2228 1602 2277 cogitare.

1111 2285 1366 2335 ἐμηχανέατο]
1399 2285 1481 2320 Hoc
1494 2287 1711 2333 suspectum

1055 2342 1202 2379 videtur
1221 2340 1420 2388 Matthiae,
1451 2352 1527 2391 quo
1558 2344 1711 2375 auctore

1057 2399 1260 2447 legendum
1312 2399 1372 2435 vel
1422 2391 1709 2448 ἐμεμηχανὲατο

1055 2455 1131 2503 (de
1158 2470 1232 2507 quo
1255 2453 1624 2506 plusquamperfecto
1658 2451 1705 2487 cf.

1055 2514 1224 2550 Gramm.
1257 2514 1322 2549 Gr.
1351 2513 1387 2557 §.
1420 2509 1514 2551 505.
1543 2508 1611 2558 IV)
1645 2508 1706 2542 vel

1053 2565 1329 2619 ἐμῚῙχαινώατο,
1360 2574 1400 2603 ut
1431 2561 1644 2614 ἕπειρώατο
1673 2564 1703 2609 I,

1051 2627 1116 2665 68.
1138 2628 1203 2665 76.
1261 2624 1439 2670 Quamvis
1460 2623 1561 2658 enim
1583 2624 1704 2658 llero-

1052 2680 1140 2717 doto
1170 2682 1454 2733 frequententur
1482 2676 1702 2728 ἕβουλὲατο,

1051 2732 1251 2785 (intubum,
1273 2735 1463 2788 ἐγινέατο,
1484 2736 1554 2771 alia
1576 2737 1700 2772 istius-

1050 2814 1176 2863 modi,
1206 2817 1242 2852 in
1264 2817 1398 2867 quibus
1422 2826 1490 2865 pro
1517 2807 1699 2864 o—{fo—po-
