<?xml version="1.0" encoding="UTF-8"?>
<!DOCTYPE html PUBLIC "-//W3C//DTD XHTML 1.0 Transitional//EN"
    "http://www.w3.org/TR/xhtml1/DTD/xhtml1-transitional.dtd">
<html xmlns="http://www.w3.org/1999/xhtml" xml:lang="en" lang="en">
 <head>
  <title>
</title>
<meta http-equiv="Content-Type" content="text/html;charset=utf-8" />
  <meta name='ocr-system' content='tesseract 3.04.00' />
  <meta name='ocr-capabilities' content='ocr_page ocr_carea ocr_par ocr_line ocrx_word'/>
</head>
<body>
  <div class='ocr_page' id='page_1' title='image "./musaeher03hero/musaeher03hero_0630.png"; bbox 0 0 1897 3340; ppageno 0'>
   <div class='ocr_carea' id='block_1_1' title="bbox 397 222 1257 262">
    <p class='ocr_par' dir='ltr' id='par_1_1' title="bbox 397 222 1257 262">
     <span class='ocr_line' id='line_1_1' title="bbox 397 222 1257 262; baseline -0.003 0"><span class='ocrx_word' id='word_1_1' title='bbox 397 223 481 262; x_wconf 80' lang='lat'>616</span> <span class='ocrx_word' id='word_1_2' title='bbox 800 222 1257 260; x_wconf 82' lang='lat' dir='ltr'>HERODOTI</span> 
     </span>
    </p>
   </div>
   <div class='ocr_carea' id='block_1_2' title="bbox 66 328 1709 491">
    <p class='ocr_par' dir='ltr' id='par_1_2' title="bbox 66 328 1709 491">
     <span class='ocr_line' id='line_1_2' title="bbox 68 328 1653 396; baseline 0.014 -43"><span class='ocrx_word' id='word_1_3' title='bbox 68 328 338 396; x_wconf 51' lang='lat' dir='ltr'>g‘f&#39;fflfifssf&#39;lisissf&#39;</span> <span class='ocrx_word' id='word_1_4' title='bbox 398 328 574 383; x_wconf 67' lang='grc' dir='ltr'><em>Πόλιος,</em></span> <span class='ocrx_word' id='word_1_5' title='bbox 602 330 675 373; x_wconf 81' lang='grc' dir='ltr'>καὶ</span> <span class='ocrx_word' id='word_1_6' title='bbox 706 331 855 386; x_wconf 80' lang='grc' dir='ltr'><strong><em>Αἰγῆς,</em></strong></span> <span class='ocrx_word' id='word_1_7' title='bbox 884 331 958 374; x_wconf 86' lang='grc' dir='ltr'>καὶ</span> <span class='ocrx_word' id='word_1_8' title='bbox 983 329 1204 386; x_wconf 80' lang='grc' dir='ltr'><em>Θεράμβω,</em></span> <span class='ocrx_word' id='word_1_9' title='bbox 1234 330 1307 375; x_wconf 80' lang='grc' dir='ltr'>καὶ</span> <span class='ocrx_word' id='word_1_10' title='bbox 1328 330 1549 387; x_wconf 77' lang='grc' dir='ltr'><strong><em>Σκιώνης,</em></strong></span> <span class='ocrx_word' id='word_1_11' title='bbox 1579 333 1653 375; x_wconf 79' lang='grc' dir='ltr'>καὶ</span> 
     </span>
     <span class='ocr_line' id='line_1_3' title="bbox 66 392 1709 456; baseline 0.005 -21"><span class='ocrx_word' id='word_1_12' title='bbox 66 403 135 456; x_wconf 54' lang='lat'>‚¹:233</span> <span class='ocrx_word' id='word_1_13' title='bbox 153 396 256 456; x_wconf 45' lang='lat' dir='ltr'>{effig-</span> <span class='ocrx_word' id='word_1_14' title='bbox 284 397 338 424; x_wconf 66' lang='grc' dir='ltr'>Αθ-</span> <span class='ocrx_word' id='word_1_15' title='bbox 395 397 594 453; x_wconf 83' lang='grc' dir='ltr'><em>Μένδης,</em></span> <span class='ocrx_word' id='word_1_16' title='bbox 639 397 712 440; x_wconf 81' lang='grc' dir='ltr'>καὶ</span> <span class='ocrx_word' id='word_1_17' title='bbox 750 397 915 454; x_wconf 80' lang='grc' dir='ltr'><strong><em>Σάνης.</em></strong></span> <span class='ocrx_word' id='word_1_18' title='bbox 979 392 1110 441; x_wconf 78' lang='grc' dir='ltr'><em>αὗται</em></span> <span class='ocrx_word' id='word_1_19' title='bbox 1144 399 1225 453; x_wconf 80' lang='grc' dir='ltr'>γάρ</span> <span class='ocrx_word' id='word_1_20' title='bbox 1265 400 1348 442; x_wconf 82' lang='grc' dir='ltr'><em>εἰσι</em></span> <span class='ocrx_word' id='word_1_21' title='bbox 1386 399 1433 441; x_wconf 81' lang='grc' dir='ltr'>αἱ</span> <span class='ocrx_word' id='word_1_22' title='bbox 1459 397 1540 454; x_wconf 79' lang='grc' dir='ltr'>τήν</span> <span class='ocrx_word' id='word_1_23' title='bbox 1569 402 1709 442; x_wconf 82' lang='grc' dir='ltr'><em>νῦν85</em></span> 
     </span>
     <span class='ocr_line' id='line_1_4' title="bbox 69 462 336 491; baseline 0.015 -4"><span class='ocrx_word' id='word_1_24' title='bbox 69 462 226 489; x_wconf 61' lang='lat' dir='ltr'>(lrossaea.</span> <span class='ocrx_word' id='word_1_25' title='bbox 238 462 336 491; x_wconf 75' lang='lat' dir='ltr'>&#39;l&#39;her-</span> 
     </span>
    </p>
   </div>
   <div class='ocr_carea' id='block_1_3' title="bbox 395 463 1655 657">
    <p class='ocr_par' dir='ltr' id='par_1_3' title="bbox 395 463 1655 657">
     <span class='ocr_line' id='line_1_5' title="bbox 396 463 1653 522; baseline 0.002 -15"><span class='ocrx_word' id='word_1_26' title='bbox 396 463 644 520; x_wconf 77' lang='grc' dir='ltr'><em>Παλλήνην,</em></span> <span class='ocrx_word' id='word_1_27' title='bbox 668 463 883 520; x_wconf 82' lang='grc' dir='ltr'><em>πρότερον</em></span> <span class='ocrx_word' id='word_1_28' title='bbox 915 465 962 509; x_wconf 80' lang='grc' dir='ltr'>δὲ</span> <span class='ocrx_word' id='word_1_29' title='bbox 998 466 1193 521; x_wconf 79' lang='grc' dir='ltr'><em>Φλέγρην</em></span> <span class='ocrx_word' id='word_1_30' title='bbox 1221 465 1496 522; x_wconf 82' lang='grc' dir='ltr'><em>καλεομένην,</em></span> <span class='ocrx_word' id='word_1_31' title='bbox 1518 464 1653 520; x_wconf 87' lang='grc' dir='ltr'><em>νεμό-</em></span> 
     </span>
     <span class='ocr_line' id='line_1_6' title="bbox 395 531 1654 589; baseline 0.001 -14"><span class='ocrx_word' id='word_1_32' title='bbox 395 548 532 587; x_wconf 87' lang='grc' dir='ltr'><em>μεναι.</em></span> <span class='ocrx_word' id='word_1_33' title='bbox 593 532 867 586; x_wconf 87' lang='grc' dir='ltr'><em>Παραπλέων</em></span> <span class='ocrx_word' id='word_1_34' title='bbox 889 533 1025 576; x_wconf 82' lang='grc' dir='ltr'><em>δὲκαὶ</em></span> <span class='ocrx_word' id='word_1_35' title='bbox 1054 531 1216 589; x_wconf 79' lang='grc' dir='ltr'><em>ταύτην</em></span> <span class='ocrx_word' id='word_1_36' title='bbox 1243 532 1327 588; x_wconf 77' lang='grc' dir='ltr'>τὴν</span> <span class='ocrx_word' id='word_1_37' title='bbox 1342 531 1501 588; x_wconf 77' lang='grc' dir='ltr'><em>χώρην,</em></span> <span class='ocrx_word' id='word_1_38' title='bbox 1534 532 1654 576; x_wconf 75' lang='grc' dir='ltr'><em>ἔπλεε</em></span> 
     </span>
     <span class='ocr_line' id='line_1_7' title="bbox 397 597 1655 657; baseline 0.002 -15"><span class='ocrx_word' id='word_1_39' title='bbox 397 599 441 649; x_wconf 76' lang='grc' dir='ltr'>ἐς</span> <span class='ocrx_word' id='word_1_40' title='bbox 469 597 517 642; x_wconf 79' lang='grc' dir='ltr'>τό</span> <span class='ocrx_word' id='word_1_41' title='bbox 547 597 872 654; x_wconf 77' lang='grc' dir='ltr'><em>προειρημένον,</em></span> <span class='ocrx_word' id='word_1_42' title='bbox 901 601 1255 657; x_wconf 84' lang='grc' dir='ltr'><em>παραλαμβάνων</em></span> <span class='ocrx_word' id='word_1_43' title='bbox 1277 598 1480 655; x_wconf 79' lang='grc' dir='ltr'><em>στρατιὴν</em></span> <span class='ocrx_word' id='word_1_44' title='bbox 1509 601 1582 644; x_wconf 83' lang='grc' dir='ltr'>καὶ</span> <span class='ocrx_word' id='word_1_45' title='bbox 1607 599 1655 644; x_wconf 83' lang='grc' dir='ltr'>ἐκ</span> 
     </span>
    </p>
   </div>
   <div class='ocr_carea' id='block_1_4' title="bbox 68 496 338 558">
    <p class='ocr_par' dir='ltr' id='par_1_4' title="bbox 68 496 338 558">
     <span class='ocr_line' id='line_1_8' title="bbox 68 496 266 523; baseline 0.01 -2"><span class='ocrx_word' id='word_1_46' title='bbox 68 503 126 522; x_wconf 74' lang='lat' dir='ltr'>nun.</span> <span class='ocrx_word' id='word_1_47' title='bbox 147 496 266 523; x_wconf 68' lang='lat' dir='ltr'>sindus.</span> 
     </span>
     <span class='ocr_line' id='line_1_9' title="bbox 69 529 338 558; baseline 0.007 -2"><span class='ocrx_word' id='word_1_48' title='bbox 69 529 237 557; x_wconf 66' lang='lat' dir='ltr'>chalet-stra.</span> <span class='ocrx_word' id='word_1_49' title='bbox 252 531 338 558; x_wconf 72' lang='lat' dir='ltr'>Axius</span> 
     </span>
    </p>
   </div>
   <div class='ocr_carea' id='block_1_5' title="bbox 67 562 319 624">
    <p class='ocr_par' dir='ltr' id='par_1_5' title="bbox 67 562 319 624">
     <span class='ocr_line' id='line_1_10' title="bbox 67 562 319 592; baseline 0.012 -3"><span class='ocrx_word' id='word_1_50' title='bbox 67 562 187 589; x_wconf 77' lang='lat' dir='ltr'>fluvius.</span> <span class='ocrx_word' id='word_1_51' title='bbox 201 564 319 592; x_wconf 74' lang='lat' dir='ltr'>Ichnae.</span> 
     </span>
     <span class='ocr_line' id='line_1_11' title="bbox 69 595 165 624; baseline 0 0"><span class='ocrx_word' id='word_1_52' title='bbox 69 595 165 624; x_wconf 77' lang='lat' dir='ltr'>Pena.</span> 
     </span>
    </p>
   </div>
   <div class='ocr_carea' id='block_1_6' title="bbox 375 716 615 723">
    <p class='ocr_par' dir='ltr' id='par_1_6' title="bbox 375 716 615 723">
     <span class='ocr_line' id='line_1_12' title="bbox 375 716 615 723; baseline 0 2617"><span class='ocrx_word' id='word_1_53' title='bbox 375 716 615 723; x_wconf 95' lang='lat' dir='ltr'> </span> 
     </span>
    </p>
   </div>
   <div class='ocr_carea' id='block_1_7' title="bbox 341 793 1005 2859">
    <p class='ocr_par' dir='ltr' id='par_1_7' title="bbox 341 793 1000 1111">
     <span class='ocr_line' id='line_1_13' title="bbox 342 793 998 846; baseline 0.006 -18"><span class='ocrx_word' id='word_1_54' title='bbox 342 795 456 829; x_wconf 86' lang='lat' dir='ltr'>lenen</span> <span class='ocrx_word' id='word_1_55' title='bbox 476 793 711 841; x_wconf 81' lang='lat' dir='ltr'>referuntur3</span> <span class='ocrx_word' id='word_1_56' title='bbox 739 806 838 845; x_wconf 89' lang='lat' dir='ltr'>quae</span> <span class='ocrx_word' id='word_1_57' title='bbox 857 793 998 846; x_wconf 88' lang='lat' dir='ltr'>oppida</span> 
     </span>
     <span class='ocr_line' id='line_1_14' title="bbox 343 850 999 902; baseline 0.005 -17"><span class='ocrx_word' id='word_1_58' title='bbox 343 861 464 901; x_wconf 86' lang='lat' dir='ltr'>quum</span> <span class='ocrx_word' id='word_1_59' title='bbox 484 862 504 886; x_wconf 89' lang='lat' dir='ltr'>a</span> <span class='ocrx_word' id='word_1_60' title='bbox 523 850 670 886; x_wconf 87' lang='lat' dir='ltr'>serioris</span> <span class='ocrx_word' id='word_1_61' title='bbox 698 852 826 888; x_wconf 77' lang='lat' dir='ltr'>aetatis</span> <span class='ocrx_word' id='word_1_62' title='bbox 838 853 999 902; x_wconf 89' lang='lat' dir='ltr'>scripto-</span> 
     </span>
     <span class='ocr_line' id='line_1_15' title="bbox 341 906 1000 956; baseline 0.006 -15"><span class='ocrx_word' id='word_1_63' title='bbox 341 906 444 942; x_wconf 88' lang='lat' dir='ltr'>ribus</span> <span class='ocrx_word' id='word_1_64' title='bbox 454 919 532 943; x_wconf 89' lang='lat' dir='ltr'>non</span> <span class='ocrx_word' id='word_1_65' title='bbox 552 914 1000 956; x_wconf 79' lang='lat' dir='ltr'>commemorentur‚cre-</span> 
     </span>
     <span class='ocr_line' id='line_1_16' title="bbox 344 961 1000 1001; baseline 0.005 -3"><span class='ocrx_word' id='word_1_66' title='bbox 344 961 458 998; x_wconf 77' lang='lat' dir='ltr'>dibile</span> <span class='ocrx_word' id='word_1_67' title='bbox 496 961 538 998; x_wconf 86' lang='lat' dir='ltr'>fit</span> <span class='ocrx_word' id='word_1_68' title='bbox 567 963 748 1000; x_wconf 84' lang='lat' dir='ltr'>interiisse</span> <span class='ocrx_word' id='word_1_69' title='bbox 777 963 1000 1001; x_wconf 63' lang='lat' dir='ltr'>Cassandria</span> 
     </span>
     <span class='ocr_line' id='line_1_17' title="bbox 345 1017 1000 1069; baseline 0.006 -16"><span class='ocrx_word' id='word_1_70' title='bbox 345 1017 552 1065; x_wconf 59' lang='lat' dir='ltr'>exstructa,</span> <span class='ocrx_word' id='word_1_71' title='bbox 583 1031 682 1069; x_wconf 83' lang='lat' dir='ltr'>quae</span> <span class='ocrx_word' id='word_1_72' title='bbox 709 1020 862 1056; x_wconf 88' lang='lat' dir='ltr'>illorum</span> <span class='ocrx_word' id='word_1_73' title='bbox 891 1021 1000 1057; x_wconf 87' lang='lat' dir='ltr'>inco-</span> 
     </span>
     <span class='ocr_line' id='line_1_18' title="bbox 344 1075 649 1111; baseline 0.003 -1"><span class='ocrx_word' id='word_1_74' title='bbox 344 1076 397 1111; x_wconf 86' lang='lat' dir='ltr'>las</span> <span class='ocrx_word' id='word_1_75' title='bbox 419 1075 649 1111; x_wconf 80' lang='lat' dir='ltr'><strong>assumserit.</strong></span> 
     </span>
    </p>

    <p class='ocr_par' dir='ltr' id='par_1_8' title="bbox 341 1127 1005 2569">
     <span class='ocr_line' id='line_1_19' title="bbox 403 1127 1001 1181; baseline 0 -13"><span class='ocrx_word' id='word_1_76' title='bbox 403 1127 623 1181; x_wconf 80' lang='grc' dir='ltr'><em>Θεροὶμβω]</em></span> <span class='ocrx_word' id='word_1_77' title='bbox 675 1132 731 1167; x_wconf 87' lang='lat' dir='ltr'>Ita</span> <span class='ocrx_word' id='word_1_78' title='bbox 751 1129 863 1168; x_wconf 87' lang='lat' dir='ltr'><strong>codd.</strong></span> <span class='ocrx_word' id='word_1_79' title='bbox 877 1133 1001 1168; x_wconf 90' lang='lat' dir='ltr'>Hero-</span> 
     </span>
     <span class='ocr_line' id='line_1_20' title="bbox 346 1185 1002 1237; baseline 0.005 -15"><span class='ocrx_word' id='word_1_80' title='bbox 346 1185 445 1232; x_wconf 84' lang='lat' dir='ltr'>doti,</span> <span class='ocrx_word' id='word_1_81' title='bbox 481 1199 502 1222; x_wconf 90' lang='lat' dir='ltr'>a</span> <span class='ocrx_word' id='word_1_82' title='bbox 532 1188 667 1237; x_wconf 82' lang='lat' dir='ltr'>quibus</span> <span class='ocrx_word' id='word_1_83' title='bbox 701 1186 894 1224; x_wconf 84' lang='lat' dir='ltr'><strong>discedere</strong></span> <span class='ocrx_word' id='word_1_84' title='bbox 922 1201 1002 1225; x_wconf 88' lang='lat' dir='ltr'>nou</span> 
     </span>
     <span class='ocr_line' id='line_1_21' title="bbox 345 1243 1001 1293; baseline 0.005 -15"><span class='ocrx_word' id='word_1_85' title='bbox 345 1243 479 1279; x_wconf 84' lang='lat' dir='ltr'>ausim.</span> <span class='ocrx_word' id='word_1_86' title='bbox 520 1244 796 1293; x_wconf 83' lang='lat' dir='ltr'>Wesselingius</span> <span class='ocrx_word' id='word_1_87' title='bbox 815 1244 910 1281; x_wconf 87' lang='lat' dir='ltr'>illud</span> <span class='ocrx_word' id='word_1_88' title='bbox 931 1243 1001 1281; x_wconf 89' lang='lat' dir='ltr'>de-</span> 
     </span>
     <span class='ocr_line' id='line_1_22' title="bbox 341 1297 1002 1351; baseline 0.003 -16"><span class='ocrx_word' id='word_1_89' title='bbox 341 1300 439 1335; x_wconf 84' lang='lat' dir='ltr'>rivat</span> <span class='ocrx_word' id='word_1_90' title='bbox 460 1311 509 1334; x_wconf 84' lang='lat' dir='ltr'>ex</span> <span class='ocrx_word' id='word_1_91' title='bbox 538 1297 772 1351; x_wconf 77' lang='grc' dir='ltr'><em>Θεράμβεως</em></span> <span class='ocrx_word' id='word_1_92' title='bbox 801 1299 896 1337; x_wconf 80' lang='lat' dir='ltr'>mihi</span> <span class='ocrx_word' id='word_1_93' title='bbox 914 1314 1002 1337; x_wconf 83' lang='lat' dir='ltr'>ma-</span> 
     </span>
     <span class='ocr_line' id='line_1_23' title="bbox 344 1352 1001 1408; baseline 0.006 -18"><span class='ocrx_word' id='word_1_94' title='bbox 344 1356 402 1405; x_wconf 88' lang='lat' dir='ltr'>gis</span> <span class='ocrx_word' id='word_1_95' title='bbox 430 1355 595 1405; x_wconf 80' lang='lat' dir='ltr'>placeret</span> <span class='ocrx_word' id='word_1_96' title='bbox 619 1352 845 1407; x_wconf 77' lang='grc' dir='ltr'><em>Θεράμβου.</em></span> <span class='ocrx_word' id='word_1_97' title='bbox 885 1356 1001 1408; x_wconf 89' lang='lat' dir='ltr'><strong>Apud</strong></span> 
     </span>
     <span class='ocr_line' id='line_1_24' title="bbox 345 1410 1001 1465; baseline 0.003 -17"><span class='ocrx_word' id='word_1_98' title='bbox 345 1410 480 1461; x_wconf 87' lang='lat' dir='ltr'>Steph.</span> <span class='ocrx_word' id='word_1_99' title='bbox 500 1413 595 1462; x_wconf 85' lang='lat' dir='ltr'>Byz.</span> <span class='ocrx_word' id='word_1_100' title='bbox 612 1419 667 1449; x_wconf 87' lang='lat' dir='ltr'>est</span> <span class='ocrx_word' id='word_1_101' title='bbox 678 1410 875 1464; x_wconf 74' lang='grc' dir='ltr'><em>Θράμβος,</em></span> <span class='ocrx_word' id='word_1_102' title='bbox 898 1413 1001 1465; x_wconf 89' lang='lat' dir='ltr'>quod</span> 
     </span>
     <span class='ocr_line' id='line_1_25' title="bbox 344 1466 1001 1520; baseline 0.006 -17"><span class='ocrx_word' id='word_1_103' title='bbox 344 1466 448 1503; x_wconf 87' lang='lat' dir='ltr'>idem</span> <span class='ocrx_word' id='word_1_104' title='bbox 468 1468 508 1503; x_wconf 84' lang='lat' dir='ltr'>in</span> <span class='ocrx_word' id='word_1_105' title='bbox 529 1468 678 1520; x_wconf 83' lang='lat' dir='ltr'>Scylac.</span> <span class='ocrx_word' id='word_1_106' title='bbox 699 1470 725 1506; x_wconf 88' lang='lat' dir='ltr'>l.</span> <span class='ocrx_word' id='word_1_107' title='bbox 748 1470 773 1506; x_wconf 95' lang='lat' dir='ltr'>l.</span> <span class='ocrx_word' id='word_1_108' title='bbox 793 1471 1001 1520; x_wconf 72' lang='lat' dir='ltr'>reposittun</span> 
     </span>
     <span class='ocr_line' id='line_1_26' title="bbox 346 1524 1000 1576; baseline 0.005 -16"><span class='ocrx_word' id='word_1_109' title='bbox 346 1536 368 1559; x_wconf 84' lang='lat' dir='ltr'>a</span> <span class='ocrx_word' id='word_1_110' title='bbox 393 1524 548 1571; x_wconf 87' lang='lat' dir='ltr'>Vossio,</span> <span class='ocrx_word' id='word_1_111' title='bbox 580 1526 645 1576; x_wconf 88' lang='lat' dir='ltr'>qui</span> <span class='ocrx_word' id='word_1_112' title='bbox 675 1526 790 1562; x_wconf 86' lang='lat' dir='ltr'>etiam</span> <span class='ocrx_word' id='word_1_113' title='bbox 818 1528 857 1562; x_wconf 90' lang='lat' dir='ltr'>iu</span> <span class='ocrx_word' id='word_1_114' title='bbox 876 1528 1000 1563; x_wconf 86' lang='lat' dir='ltr'>Hero—</span> 
     </span>
     <span class='ocr_line' id='line_1_27' title="bbox 347 1574 1000 1633; baseline 0.008 -17"><span class='ocrx_word' id='word_1_115' title='bbox 347 1578 435 1616; x_wconf 90' lang='lat' dir='ltr'><strong>doto</strong></span> <span class='ocrx_word' id='word_1_116' title='bbox 479 1574 623 1617; x_wconf 82' lang='lat' dir='ltr'>restitui</span> <span class='ocrx_word' id='word_1_117' title='bbox 664 1582 746 1619; x_wconf 84' lang='lat' dir='ltr'>vult</span> <span class='ocrx_word' id='word_1_118' title='bbox 797 1578 1000 1633; x_wconf 77' lang='grc' dir='ltr'><em>Θράμβου,</em></span> 
     </span>
     <span class='ocr_line' id='line_1_28' title="bbox 347 1636 1002 1688; baseline 0.006 -17"><span class='ocrx_word' id='word_1_119' title='bbox 347 1636 418 1672; x_wconf 86' lang='lat' dir='ltr'>nisi</span> <span class='ocrx_word' id='word_1_120' title='bbox 443 1636 550 1673; x_wconf 86' lang='lat' dir='ltr'>malis</span> <span class='ocrx_word' id='word_1_121' title='bbox 571 1638 786 1688; x_wconf 79' lang='grc' dir='ltr'><em>Θραμβοῦς</em></span> <span class='ocrx_word' id='word_1_122' title='bbox 797 1651 887 1674; x_wconf 89' lang='lat' dir='ltr'>cum</span> <span class='ocrx_word' id='word_1_123' title='bbox 905 1640 1002 1675; x_wconf 88' lang='lat' dir='ltr'>Hol-</span> 
     </span>
     <span class='ocr_line' id='line_1_29' title="bbox 345 1691 1002 1746; baseline 0.008 -19"><span class='ocrx_word' id='word_1_124' title='bbox 345 1698 440 1728; x_wconf 89' lang='lat' dir='ltr'>sten.</span> <span class='ocrx_word' id='word_1_125' title='bbox 451 1691 498 1728; x_wconf 85' lang='lat' dir='ltr'>ad</span> <span class='ocrx_word' id='word_1_126' title='bbox 509 1691 642 1743; x_wconf 87' lang='lat' dir='ltr'>Steph.</span> <span class='ocrx_word' id='word_1_127' title='bbox 653 1694 761 1745; x_wconf 84' lang='lat' dir='ltr'>Byz.,</span> <span class='ocrx_word' id='word_1_128' title='bbox 774 1693 875 1745; x_wconf 87' lang='lat' dir='ltr'>apud</span> <span class='ocrx_word' id='word_1_129' title='bbox 886 1707 1002 1746; x_wconf 89' lang='lat' dir='ltr'>quem</span> 
     </span>
     <span class='ocr_line' id='line_1_30' title="bbox 345 1746 1003 1802; baseline 0.006 -16"><span class='ocrx_word' id='word_1_130' title='bbox 345 1762 384 1798; x_wconf 88' lang='lat' dir='ltr'>p.</span> <span class='ocrx_word' id='word_1_131' title='bbox 412 1746 489 1788; x_wconf 90' lang='grc'>401</span> <span class='ocrx_word' id='word_1_132' title='bbox 516 1746 716 1800; x_wconf 72' lang='grc' dir='ltr'><em>Θράμβος·</em></span> <span class='ocrx_word' id='word_1_133' title='bbox 754 1748 1003 1802; x_wconf 80' lang='grc' dir='ltr'><em>ἀκρωτήριον</em></span> 
     </span>
     <span class='ocr_line' id='line_1_31' title="bbox 348 1804 1003 1857; baseline 0.003 -15"><span class='ocrx_word' id='word_1_134' title='bbox 348 1804 622 1854; x_wconf 80' lang='grc' dir='ltr'><em>Μακεδονίης.</em></span> <span class='ocrx_word' id='word_1_135' title='bbox 643 1807 742 1843; x_wconf 89' lang='lat' dir='ltr'>Hinc</span> <span class='ocrx_word' id='word_1_136' title='bbox 753 1806 1003 1857; x_wconf 89' lang='lat' dir='ltr'>PoppoThu-</span> 
     </span>
     <span class='ocr_line' id='line_1_32' title="bbox 347 1859 1004 1911; baseline 0.006 -15"><span class='ocrx_word' id='word_1_137' title='bbox 347 1859 434 1911; x_wconf 90' lang='lat' dir='ltr'>cyd.</span> <span class='ocrx_word' id='word_1_138' title='bbox 453 1861 483 1907; x_wconf 90' lang='lat'>1,</span> <span class='ocrx_word' id='word_1_139' title='bbox 505 1863 529 1900; x_wconf 90' lang='grc'><strong>2</strong></span> <span class='ocrx_word' id='word_1_140' title='bbox 549 1873 637 1911; x_wconf 86' lang='lat' dir='ltr'><strong>pag.</strong></span> <span class='ocrx_word' id='word_1_141' title='bbox 659 1861 739 1902; x_wconf 81' lang='lat'>374</span> <span class='ocrx_word' id='word_1_142' title='bbox 773 1876 821 1899; x_wconf 88' lang='lat' dir='ltr'>ex</span> <span class='ocrx_word' id='word_1_143' title='bbox 840 1861 880 1900; x_wconf 92' lang='lat' dir='ltr'>h.</span> <span class='ocrx_word' id='word_1_144' title='bbox 900 1864 926 1901; x_wconf 95' lang='lat' dir='ltr'>l.</span> <span class='ocrx_word' id='word_1_145' title='bbox 947 1865 1004 1900; x_wconf 92' lang='lat' dir='ltr'>ci—</span> 
     </span>
     <span class='ocr_line' id='line_1_33' title="bbox 347 1917 1002 1968; baseline 0.008 -16"><span class='ocrx_word' id='word_1_146' title='bbox 347 1923 401 1952; x_wconf 85' lang='lat' dir='ltr'>tat</span> <span class='ocrx_word' id='word_1_147' title='bbox 443 1917 689 1968; x_wconf 83' lang='grc' dir='ltr'><em>Θεραμβοῦς.</em></span> <span class='ocrx_word' id='word_1_148' title='bbox 752 1918 880 1957; x_wconf 79' lang='lat' dir='ltr'><strong><em>Scione</em></strong></span> <span class='ocrx_word' id='word_1_149' title='bbox 901 1921 1002 1966; x_wconf 83' lang='lat' dir='ltr'>urbs,</span> 
     </span>
     <span class='ocr_line' id='line_1_34' title="bbox 350 1971 1001 2020; baseline 0.008 -13"><span class='ocrx_word' id='word_1_150' title='bbox 350 1971 399 2008; x_wconf 78' lang='lat' dir='ltr'>ad</span> <span class='ocrx_word' id='word_1_151' title='bbox 420 1984 527 2008; x_wconf 88' lang='lat' dir='ltr'>oram</span> <span class='ocrx_word' id='word_1_152' title='bbox 548 1974 770 2011; x_wconf 86' lang='lat' dir='ltr'><strong>orientalem</strong></span> <span class='ocrx_word' id='word_1_153' title='bbox 785 1976 872 2020; x_wconf 86' lang='lat' dir='ltr'>sita,</span> <span class='ocrx_word' id='word_1_154' title='bbox 893 1983 936 2013; x_wconf 91' lang='lat' dir='ltr'>ut</span> <span class='ocrx_word' id='word_1_155' title='bbox 947 1978 1001 2014; x_wconf 83' lang='lat' dir='ltr'>vi-</span> 
     </span>
     <span class='ocr_line' id='line_1_35' title="bbox 348 2028 1003 2082; baseline 0.011 -18"><span class='ocrx_word' id='word_1_156' title='bbox 348 2028 457 2065; x_wconf 84' lang='lat' dir='ltr'>detur</span> <span class='ocrx_word' id='word_1_157' title='bbox 495 2029 694 2066; x_wconf 86' lang='lat' dir='ltr'>Mannerto</span> <span class='ocrx_word' id='word_1_158' title='bbox 732 2031 803 2068; x_wconf 90' lang='lat' dir='ltr'>V11</span> <span class='ocrx_word' id='word_1_159' title='bbox 839 2046 878 2082; x_wconf 92' lang='lat' dir='ltr'>p.</span> <span class='ocrx_word' id='word_1_160' title='bbox 910 2031 1003 2080; x_wconf 88' lang='lat'>465,</span> 
     </span>
     <span class='ocr_line' id='line_1_36' title="bbox 348 2084 1005 2138; baseline 0.008 -18"><span class='ocrx_word' id='word_1_161' title='bbox 348 2084 512 2122; x_wconf 89' lang='lat' dir='ltr'>crebrius</span> <span class='ocrx_word' id='word_1_162' title='bbox 542 2099 611 2136; x_wconf 89' lang='lat' dir='ltr'>per</span> <span class='ocrx_word' id='word_1_163' title='bbox 638 2087 729 2123; x_wconf 87' lang='lat' dir='ltr'>belli</span> <span class='ocrx_word' id='word_1_164' title='bbox 758 2088 1005 2138; x_wconf 83' lang='lat' dir='ltr'>Peloponue-</span> 
     </span>
     <span class='ocr_line' id='line_1_37' title="bbox 347 2151 1005 2191; baseline 0.011 -16"><span class='ocrx_word' id='word_1_165' title='bbox 347 2153 435 2176; x_wconf 76' lang='lat' dir='ltr'>snaci</span> <span class='ocrx_word' id='word_1_166' title='bbox 454 2154 552 2178; x_wconf 80' lang='lat' dir='ltr'>Vlces</span> <span class='ocrx_word' id='word_1_167' title='bbox 566 2151 898 2191; x_wconf 87' lang='lat' dir='ltr'>commemoratur,</span> <span class='ocrx_word' id='word_1_168' title='bbox 917 2157 1005 2181; x_wconf 86' lang='lat' dir='ltr'>ma-</span> 
     </span>
     <span class='ocr_line' id='line_1_38' title="bbox 348 2197 1004 2246; baseline 0.009 -16"><span class='ocrx_word' id='word_1_169' title='bbox 348 2197 529 2246; x_wconf 83' lang='lat' dir='ltr'>ximeque</span> <span class='ocrx_word' id='word_1_170' title='bbox 550 2199 751 2235; x_wconf 72' lang='lat' dir='ltr'>eminuisse</span> <span class='ocrx_word' id='word_1_171' title='bbox 772 2199 922 2237; x_wconf 85' lang='lat' dir='ltr'>videtur</span> <span class='ocrx_word' id='word_1_172' title='bbox 941 2201 1004 2236; x_wconf 91' lang='lat' dir='ltr'>in-</span> 
     </span>
     <span class='ocr_line' id='line_1_39' title="bbox 350 2252 1003 2291; baseline 0.009 -5"><span class='ocrx_word' id='word_1_173' title='bbox 350 2259 406 2287; x_wconf 86' lang='lat' dir='ltr'>ter</span> <span class='ocrx_word' id='word_1_174' title='bbox 421 2252 594 2289; x_wconf 87' lang='lat' dir='ltr'>Pallenes</span> <span class='ocrx_word' id='word_1_175' title='bbox 613 2254 738 2291; x_wconf 90' lang='lat' dir='ltr'>urbes.</span> <span class='ocrx_word' id='word_1_176' title='bbox 787 2255 872 2291; x_wconf 92' lang='lat' dir='ltr'>Vid.</span> <span class='ocrx_word' id='word_1_177' title='bbox 893 2254 1003 2291; x_wconf 83' lang='lat' dir='ltr'><strong>Thu-</strong></span> 
     </span>
     <span class='ocr_line' id='line_1_40' title="bbox 350 2305 1002 2357; baseline 0.006 -15"><span class='ocrx_word' id='word_1_178' title='bbox 350 2305 478 2357; x_wconf 89' lang='lat' dir='ltr'>cydid.</span> <span class='ocrx_word' id='word_1_179' title='bbox 525 2309 588 2355; x_wconf 85' lang='lat' dir='ltr'>IV,</span> <span class='ocrx_word' id='word_1_180' title='bbox 640 2311 718 2348; x_wconf 89' lang='lat'>120</span> <span class='ocrx_word' id='word_1_181' title='bbox 770 2309 860 2357; x_wconf 89' lang='lat' dir='ltr'>(ubi</span> <span class='ocrx_word' id='word_1_182' title='bbox 915 2311 1002 2346; x_wconf 90' lang='lat' dir='ltr'>reli-</span> 
     </span>
     <span class='ocr_line' id='line_1_41' title="bbox 350 2365 1003 2414; baseline 0.006 -16"><span class='ocrx_word' id='word_1_183' title='bbox 350 2375 515 2414; x_wconf 87' lang='lat' dir='ltr'>quorum</span> <span class='ocrx_word' id='word_1_184' title='bbox 543 2365 768 2414; x_wconf 85' lang='lat' dir='ltr'>scriptorum</span> <span class='ocrx_word' id='word_1_185' title='bbox 787 2366 1003 2402; x_wconf 81' lang='lat' dir='ltr'>testimonia</span> 
     </span>
     <span class='ocr_line' id='line_1_42' title="bbox 350 2418 1002 2466; baseline 0.006 -11"><span class='ocrx_word' id='word_1_186' title='bbox 350 2419 472 2455; x_wconf 83' lang='lat' dir='ltr'>attulit</span> <span class='ocrx_word' id='word_1_187' title='bbox 503 2418 707 2466; x_wconf 81' lang='lat' dir='ltr'>Dukerus)</span> <span class='ocrx_word' id='word_1_188' title='bbox 747 2419 798 2464; x_wconf 84' lang='lat' dir='ltr'>V,</span> <span class='ocrx_word' id='word_1_189' title='bbox 832 2423 894 2462; x_wconf 84' lang='lat'>18.</span> <span class='ocrx_word' id='word_1_190' title='bbox 936 2425 1002 2462; x_wconf 77' lang='lat'>32.</span> 
     </span>
     <span class='ocr_line' id='line_1_43' title="bbox 348 2472 1004 2525; baseline 0.011 -15"><span class='ocrx_word' id='word_1_191' title='bbox 348 2472 463 2525; x_wconf 86' lang='lat' dir='ltr'><strong>Apud</strong></span> <span class='ocrx_word' id='word_1_192' title='bbox 482 2474 624 2512; x_wconf 86' lang='lat' dir='ltr'>Herod.</span> <span class='ocrx_word' id='word_1_193' title='bbox 644 2475 749 2520; x_wconf 80' lang='lat' dir='ltr'>V111,</span> <span class='ocrx_word' id='word_1_194' title='bbox 774 2479 850 2518; x_wconf 86' lang='lat'>128</span> <span class='ocrx_word' id='word_1_195' title='bbox 872 2480 1004 2516; x_wconf 86' lang='grc' dir='ltr'><em>Σκιω-</em></span> 
     </span>
     <span class='ocr_line' id='line_1_44' title="bbox 350 2534 468 2569; baseline -0.017 -1"><span class='ocrx_word' id='word_1_196' title='bbox 350 2534 468 2569; x_wconf 80' lang='grc' dir='ltr'><em>ναῖοι.</em></span> 
     </span>
    </p>

    <p class='ocr_par' dir='ltr' id='par_1_9' title="bbox 348 2585 1004 2859">
     <span class='ocr_line' id='line_1_45' title="bbox 408 2585 1002 2638; baseline -0.002 -13"><span class='ocrx_word' id='word_1_197' title='bbox 408 2585 591 2637; x_wconf 80' lang='grc' dir='ltr'><em>Μένδης]</em></span> <span class='ocrx_word' id='word_1_198' title='bbox 613 2585 767 2629; x_wconf 81' lang='lat' dir='ltr'>Menda,</span> <span class='ocrx_word' id='word_1_199' title='bbox 797 2599 913 2638; x_wconf 85' lang='lat' dir='ltr'>quam</span> <span class='ocrx_word' id='word_1_200' title='bbox 925 2601 1002 2625; x_wconf 90' lang='lat' dir='ltr'>uon</span> 
     </span>
     <span class='ocr_line' id='line_1_46' title="bbox 351 2642 1001 2696; baseline 0.005 -18"><span class='ocrx_word' id='word_1_201' title='bbox 351 2644 483 2692; x_wconf 84' lang='lat' dir='ltr'>procul</span> <span class='ocrx_word' id='word_1_202' title='bbox 502 2644 548 2679; x_wconf 89' lang='lat' dir='ltr'>ab</span> <span class='ocrx_word' id='word_1_203' title='bbox 574 2644 652 2692; x_wconf 79' lang='lat' dir='ltr'>ipso</span> <span class='ocrx_word' id='word_1_204' title='bbox 673 2642 811 2679; x_wconf 79' lang='lat' dir='ltr'>isthmo</span> <span class='ocrx_word' id='word_1_205' title='bbox 833 2645 1001 2696; x_wconf 84' lang='lat' dir='ltr'>urbeque</span> 
     </span>
     <span class='ocr_line' id='line_1_47' title="bbox 350 2698 1002 2736; baseline 0.002 -1"><span class='ocrx_word' id='word_1_206' title='bbox 350 2698 530 2735; x_wconf 81' lang='lat' dir='ltr'>Potidaea</span> <span class='ocrx_word' id='word_1_207' title='bbox 549 2700 660 2735; x_wconf 82' lang='lat' dir='ltr'>sitam</span> <span class='ocrx_word' id='word_1_208' title='bbox 689 2712 766 2734; x_wconf 76' lang='lat' dir='ltr'>esse</span> <span class='ocrx_word' id='word_1_209' title='bbox 788 2713 834 2734; x_wconf 74' lang='lat' dir='ltr'>ex</span> <span class='ocrx_word' id='word_1_210' title='bbox 856 2713 900 2736; x_wconf 79' lang='lat' dir='ltr'>eo</span> <span class='ocrx_word' id='word_1_211' title='bbox 921 2702 1002 2736; x_wconf 81' lang='lat' dir='ltr'>col-</span> 
     </span>
     <span class='ocr_line' id='line_1_48' title="bbox 348 2753 1003 2808; baseline 0.006 -19"><span class='ocrx_word' id='word_1_212' title='bbox 348 2753 582 2808; x_wconf 76' lang='lat' dir='ltr'>ligann‚quod</span> <span class='ocrx_word' id='word_1_213' title='bbox 593 2756 821 2802; x_wconf 86' lang='lat' dir='ltr'>Liv.XXX1,</span> <span class='ocrx_word' id='word_1_214' title='bbox 835 2755 886 2795; x_wconf 86' lang='lat'>45</span> <span class='ocrx_word' id='word_1_215' title='bbox 898 2755 1003 2793; x_wconf 64' lang='lat' dir='ltr'>Ellen-</span> 
     </span>
     <span class='ocr_line' id='line_1_49' title="bbox 350 2811 1004 2859; baseline 0.003 -12"><span class='ocrx_word' id='word_1_216' title='bbox 350 2811 438 2859; x_wconf 74' lang='lat' dir='ltr'>dc&#39;n,</span> <span class='ocrx_word' id='word_1_217' title='bbox 489 2812 723 2848; x_wconf 85' lang='lat' dir='ltr'>maritimum</span> <span class='ocrx_word' id='word_1_218' title='bbox 753 2811 1004 2849; x_wconf 79' lang='lat' dir='ltr'>Cassandreae</span> 
     </span>
    </p>
   </div>
   <div class='ocr_carea' id='block_1_8' title="bbox 1053 795 1724 2868">
    <p class='ocr_par' dir='ltr' id='par_1_10' title="bbox 1053 795 1724 2868">
     <span class='ocr_line' id='line_1_50' title="bbox 1054 795 1712 843; baseline 0 -12"><span class='ocrx_word' id='word_1_219' title='bbox 1054 795 1181 832; x_wconf 83' lang='lat' dir='ltr'>vicum</span> <span class='ocrx_word' id='word_1_220' title='bbox 1199 802 1406 843; x_wconf 77' lang='lat' dir='ltr'>memorat,</span> <span class='ocrx_word' id='word_1_221' title='bbox 1437 795 1712 832; x_wconf 88' lang='lat' dir='ltr'>Eretriensium</span> 
     </span>
     <span class='ocr_line' id='line_1_51' title="bbox 1054 846 1711 903; baseline 0.003 -16"><span class='ocrx_word' id='word_1_222' title='bbox 1054 851 1124 888; x_wconf 82' lang='lat' dir='ltr'>fuit</span> <span class='ocrx_word' id='word_1_223' title='bbox 1144 852 1305 899; x_wconf 85' lang='lat' dir='ltr'>colonia,</span> <span class='ocrx_word' id='word_1_224' title='bbox 1326 865 1423 903; x_wconf 87' lang='lat' dir='ltr'>quae</span> <span class='ocrx_word' id='word_1_225' title='bbox 1443 853 1489 888; x_wconf 86' lang='lat' dir='ltr'>ab</span> <span class='ocrx_word' id='word_1_226' title='bbox 1512 853 1590 888; x_wconf 86' lang='lat' dir='ltr'>aliis</span> <span class='ocrx_word' id='word_1_227' title='bbox 1611 846 1711 903; x_wconf 56' lang='grc' dir='ltr'><em>(μω-ἓ</em></span> 
     </span>
     <span class='ocr_line' id='line_1_52' title="bbox 1055 905 1711 959; baseline 0.002 -16"><span class='ocrx_word' id='word_1_228' title='bbox 1055 920 1129 958; x_wconf 88' lang='lat' dir='ltr'>que</span> <span class='ocrx_word' id='word_1_229' title='bbox 1164 905 1312 957; x_wconf 78' lang='grc' dir='ltr'><em>Μένδη</em></span> <span class='ocrx_word' id='word_1_230' title='bbox 1344 907 1413 956; x_wconf 90' lang='lat' dir='ltr'>(ut</span> <span class='ocrx_word' id='word_1_231' title='bbox 1443 907 1544 959; x_wconf 89' lang='lat' dir='ltr'>apud</span> <span class='ocrx_word' id='word_1_232' title='bbox 1575 906 1711 959; x_wconf 87' lang='lat' dir='ltr'>Steph.</span> 
     </span>
     <span class='ocr_line' id='line_1_53' title="bbox 1053 962 1710 1014; baseline 0.008 -15"><span class='ocrx_word' id='word_1_233' title='bbox 1053 965 1149 1014; x_wconf 91' lang='lat' dir='ltr'>Byz.</span> <span class='ocrx_word' id='word_1_234' title='bbox 1170 976 1199 999; x_wconf 88' lang='lat' dir='ltr'>s.</span> <span class='ocrx_word' id='word_1_235' title='bbox 1220 977 1257 1001; x_wconf 79' lang='lat' dir='ltr'>v.</span> <span class='ocrx_word' id='word_1_236' title='bbox 1279 977 1318 1013; x_wconf 83' lang='lat' dir='ltr'>p.</span> <span class='ocrx_word' id='word_1_237' title='bbox 1340 962 1461 1014; x_wconf 88' lang='lat'>550),</span> <span class='ocrx_word' id='word_1_238' title='bbox 1506 963 1651 1003; x_wconf 76' lang='grc' dir='ltr'><em>Μένδα</em></span> <span class='ocrx_word' id='word_1_239' title='bbox 1668 977 1710 1000; x_wconf 89' lang='lat' dir='ltr'>ao</span> 
     </span>
     <span class='ocr_line' id='line_1_54' title="bbox 1059 1018 1713 1065; baseline -0.003 -6"><span class='ocrx_word' id='word_1_240' title='bbox 1059 1018 1215 1065; x_wconf 84' lang='grc' dir='ltr'><em>Μένδις</em></span> <span class='ocrx_word' id='word_1_241' title='bbox 1243 1026 1409 1058; x_wconf 81' lang='lat' dir='ltr'>vocatur.</span> <span class='ocrx_word' id='word_1_242' title='bbox 1467 1019 1554 1056; x_wconf 91' lang='lat' dir='ltr'>Vid.</span> <span class='ocrx_word' id='word_1_243' title='bbox 1597 1019 1713 1057; x_wconf 82' lang='lat' dir='ltr'><strong>Thu-</strong></span> 
     </span>
     <span class='ocr_line' id='line_1_55' title="bbox 1057 1075 1711 1126; baseline 0 -14"><span class='ocrx_word' id='word_1_244' title='bbox 1057 1075 1144 1126; x_wconf 90' lang='lat' dir='ltr'>cyd.</span> <span class='ocrx_word' id='word_1_245' title='bbox 1172 1076 1235 1123; x_wconf 89' lang='lat' dir='ltr'>IV,</span> <span class='ocrx_word' id='word_1_246' title='bbox 1259 1078 1351 1116; x_wconf 83' lang='lat'>121.</span> <span class='ocrx_word' id='word_1_247' title='bbox 1386 1077 1477 1116; x_wconf 85' lang='grc'>123.</span> <span class='ocrx_word' id='word_1_248' title='bbox 1502 1077 1592 1116; x_wconf 89' lang='grc'>129.</span> <span class='ocrx_word' id='word_1_249' title='bbox 1619 1077 1711 1116; x_wconf 79' lang='lat'>130.</span> 
     </span>
     <span class='ocr_line' id='line_1_56' title="bbox 1057 1130 1714 1183; baseline -0.002 -14"><span class='ocrx_word' id='word_1_250' title='bbox 1057 1132 1208 1183; x_wconf 86' lang='lat' dir='ltr'>Scylac.</span> <span class='ocrx_word' id='word_1_251' title='bbox 1236 1132 1262 1168; x_wconf 96' lang='lat' dir='ltr'>l.</span> <span class='ocrx_word' id='word_1_252' title='bbox 1290 1131 1317 1167; x_wconf 93' lang='lat' dir='ltr'>l.</span> <span class='ocrx_word' id='word_1_253' title='bbox 1348 1130 1457 1169; x_wconf 87' lang='lat' dir='ltr'>Suid.</span> <span class='ocrx_word' id='word_1_254' title='bbox 1492 1145 1522 1168; x_wconf 89' lang='lat' dir='ltr'>s.</span> <span class='ocrx_word' id='word_1_255' title='bbox 1549 1145 1587 1168; x_wconf 86' lang='lat' dir='ltr'>v.</span> <span class='ocrx_word' id='word_1_256' title='bbox 1607 1132 1659 1168; x_wconf 88' lang='lat' dir='ltr'>T.</span> <span class='ocrx_word' id='word_1_257' title='bbox 1677 1133 1714 1168; x_wconf 85' lang='lat'>11</span> 
     </span>
     <span class='ocr_line' id='line_1_57' title="bbox 1056 1186 1713 1239; baseline 0.002 -15"><span class='ocrx_word' id='word_1_258' title='bbox 1056 1202 1141 1239; x_wconf 89' lang='lat' dir='ltr'>pag.</span> <span class='ocrx_word' id='word_1_259' title='bbox 1164 1187 1258 1228; x_wconf 87' lang='grc'>532.</span> <span class='ocrx_word' id='word_1_260' title='bbox 1289 1188 1404 1225; x_wconf 85' lang='lat' dir='ltr'>Plura</span> <span class='ocrx_word' id='word_1_261' title='bbox 1423 1186 1642 1225; x_wconf 87' lang='lat' dir='ltr'>Tzschuck.</span> <span class='ocrx_word' id='word_1_262' title='bbox 1664 1186 1713 1225; x_wconf 85' lang='lat' dir='ltr'>ad</span> 
     </span>
     <span class='ocr_line' id='line_1_58' title="bbox 1057 1242 1724 1300; baseline -0.001 -19"><span class='ocrx_word' id='word_1_263' title='bbox 1057 1245 1147 1281; x_wconf 89' lang='lat' dir='ltr'>Mel.</span> <span class='ocrx_word' id='word_1_264' title='bbox 1158 1245 1205 1291; x_wconf 83' lang='grc' dir='ltr'>ΙΙ,</span> <span class='ocrx_word' id='word_1_265' title='bbox 1217 1246 1243 1283; x_wconf 85' lang='grc'><strong>2</strong></span> <span class='ocrx_word' id='word_1_266' title='bbox 1252 1243 1317 1282; x_wconf 87' lang='lat' dir='ltr'>fin.</span> <span class='ocrx_word' id='word_1_267' title='bbox 1328 1257 1367 1295; x_wconf 88' lang='lat' dir='ltr'>p.</span> <span class='ocrx_word' id='word_1_268' title='bbox 1382 1242 1459 1285; x_wconf 80' lang='lat'>154</span> <span class='ocrx_word' id='word_1_269' title='bbox 1470 1251 1566 1281; x_wconf 89' lang='lat' dir='ltr'>nott.</span> <span class='ocrx_word' id='word_1_270' title='bbox 1575 1256 1724 1300; x_wconf 52' lang='lat' dir='ltr'>exegffi</span> 
     </span>
     <span class='ocr_line' id='line_1_59' title="bbox 1113 1295 1715 1353; baseline 0.002 -14"><span class='ocrx_word' id='word_1_271' title='bbox 1113 1299 1158 1339; x_wconf 83' lang='grc' dir='ltr'>αἴ</span> <span class='ocrx_word' id='word_1_272' title='bbox 1170 1296 1243 1350; x_wconf 71' lang='grc' dir='ltr'><em>τήν</em></span> <span class='ocrx_word' id='word_1_273' title='bbox 1265 1302 1342 1339; x_wconf 80' lang='grc' dir='ltr'>νῦν</span> <span class='ocrx_word' id='word_1_274' title='bbox 1369 1295 1601 1352; x_wconf 82' lang='grc' dir='ltr'><em>Παλλήνην,</em></span> <span class='ocrx_word' id='word_1_275' title='bbox 1612 1296 1715 1353; x_wconf 81' lang='grc' dir='ltr'><em>πρό-</em></span> 
     </span>
     <span class='ocr_line' id='line_1_60' title="bbox 1057 1353 1714 1408; baseline 0.002 -13"><span class='ocrx_word' id='word_1_276' title='bbox 1057 1371 1169 1408; x_wconf 88' lang='grc' dir='ltr'><em>τερον</em></span> <span class='ocrx_word' id='word_1_277' title='bbox 1202 1353 1245 1394; x_wconf 79' lang='grc' dir='ltr'>δὲ</span> <span class='ocrx_word' id='word_1_278' title='bbox 1266 1355 1446 1407; x_wconf 83' lang='grc' dir='ltr'><em>Φλέγρην</em></span> <span class='ocrx_word' id='word_1_279' title='bbox 1467 1355 1714 1407; x_wconf 80' lang='grc' dir='ltr'><em>καλεομένην</em></span> 
     </span>
     <span class='ocr_line' id='line_1_61' title="bbox 1057 1410 1714 1464; baseline -0.003 -12"><span class='ocrx_word' id='word_1_280' title='bbox 1057 1410 1296 1463; x_wconf 80' lang='grc' dir='ltr'><em>νεμόμεναι]</em></span> <span class='ocrx_word' id='word_1_281' title='bbox 1328 1412 1476 1450; x_wconf 82' lang='lat' dir='ltr'>Pallene</span> <span class='ocrx_word' id='word_1_282' title='bbox 1512 1413 1714 1464; x_wconf 86' lang='lat' dir='ltr'>peninsula</span> 
     </span>
     <span class='ocr_line' id='line_1_62' title="bbox 1056 1469 1713 1517; baseline 0.002 -11"><span class='ocrx_word' id='word_1_283' title='bbox 1056 1483 1086 1506; x_wconf 93' lang='lat' dir='ltr'>s.</span> <span class='ocrx_word' id='word_1_284' title='bbox 1107 1469 1242 1516; x_wconf 89' lang='lat' dir='ltr'>insula,</span> <span class='ocrx_word' id='word_1_285' title='bbox 1271 1475 1314 1505; x_wconf 85' lang='lat' dir='ltr'>ut</span> <span class='ocrx_word' id='word_1_286' title='bbox 1335 1470 1397 1505; x_wconf 88' lang='lat' dir='ltr'>alii</span> <span class='ocrx_word' id='word_1_287' title='bbox 1414 1477 1573 1517; x_wconf 83' lang='lat' dir='ltr'>vocant,</span> <span class='ocrx_word' id='word_1_288' title='bbox 1594 1471 1641 1507; x_wconf 90' lang='lat' dir='ltr'>ab</span> <span class='ocrx_word' id='word_1_289' title='bbox 1667 1482 1713 1507; x_wconf 89' lang='lat' dir='ltr'>eo</span> 
     </span>
     <span class='ocr_line' id='line_1_63' title="bbox 1054 1524 1713 1577; baseline 0 -15"><span class='ocrx_word' id='word_1_290' title='bbox 1054 1525 1207 1573; x_wconf 86' lang='lat' dir='ltr'>isthmo,</span> <span class='ocrx_word' id='word_1_291' title='bbox 1229 1538 1304 1577; x_wconf 89' lang='lat' dir='ltr'>quo</span> <span class='ocrx_word' id='word_1_292' title='bbox 1325 1524 1507 1562; x_wconf 85' lang='lat' dir='ltr'>Potidaea</span> <span class='ocrx_word' id='word_1_293' title='bbox 1533 1527 1602 1563; x_wconf 85' lang='lat' dir='ltr'>sita</span> <span class='ocrx_word' id='word_1_294' title='bbox 1631 1526 1713 1574; x_wconf 89' lang='lat' dir='ltr'>fuit,</span> 
     </span>
     <span class='ocr_line' id='line_1_64' title="bbox 1058 1581 1713 1630; baseline 0.002 -12"><span class='ocrx_word' id='word_1_295' title='bbox 1058 1595 1202 1629; x_wconf 84' lang='lat' dir='ltr'>exorsa,</span> <span class='ocrx_word' id='word_1_296' title='bbox 1224 1583 1322 1618; x_wconf 90' lang='lat' dir='ltr'>inter</span> <span class='ocrx_word' id='word_1_297' title='bbox 1351 1581 1446 1619; x_wconf 89' lang='lat' dir='ltr'>duos</span> <span class='ocrx_word' id='word_1_298' title='bbox 1466 1584 1580 1620; x_wconf 89' lang='lat' dir='ltr'>maris</span> <span class='ocrx_word' id='word_1_299' title='bbox 1597 1584 1713 1630; x_wconf 88' lang='lat' dir='ltr'>sinus,</span> 
     </span>
     <span class='ocr_line' id='line_1_65' title="bbox 1057 1637 1716 1676; baseline 0 -1"><span class='ocrx_word' id='word_1_300' title='bbox 1057 1639 1305 1675; x_wconf 83' lang='lat' dir='ltr'>Toronaeum</span> <span class='ocrx_word' id='word_1_301' title='bbox 1318 1639 1363 1674; x_wconf 89' lang='lat' dir='ltr'>ab</span> <span class='ocrx_word' id='word_1_302' title='bbox 1375 1639 1519 1675; x_wconf 89' lang='lat' dir='ltr'>oriente</span> <span class='ocrx_word' id='word_1_303' title='bbox 1541 1645 1577 1675; x_wconf 89' lang='lat' dir='ltr'>et</span> <span class='ocrx_word' id='word_1_304' title='bbox 1587 1637 1716 1676; x_wconf 88' lang='lat' dir='ltr'>Ther-</span> 
     </span>
     <span class='ocr_line' id='line_1_66' title="bbox 1058 1694 1715 1746; baseline 0.003 -16"><span class='ocrx_word' id='word_1_305' title='bbox 1058 1707 1213 1731; x_wconf 86' lang='lat' dir='ltr'>maeum</span> <span class='ocrx_word' id='word_1_306' title='bbox 1250 1694 1296 1730; x_wconf 89' lang='lat' dir='ltr'>ab</span> <span class='ocrx_word' id='word_1_307' title='bbox 1326 1707 1462 1731; x_wconf 88' lang='lat' dir='ltr'>occasu</span> <span class='ocrx_word' id='word_1_308' title='bbox 1491 1707 1715 1746; x_wconf 82' lang='lat' dir='ltr'>procurrens</span> 
     </span>
     <span class='ocr_line' id='line_1_67' title="bbox 1059 1751 1715 1802; baseline 0.003 -16"><span class='ocrx_word' id='word_1_309' title='bbox 1059 1758 1096 1787; x_wconf 89' lang='lat' dir='ltr'>et</span> <span class='ocrx_word' id='word_1_310' title='bbox 1133 1752 1174 1786; x_wconf 87' lang='lat' dir='ltr'>in</span> <span class='ocrx_word' id='word_1_311' title='bbox 1214 1751 1483 1787; x_wconf 82' lang='lat' dir='ltr'>Canastraeum</span> <span class='ocrx_word' id='word_1_312' title='bbox 1532 1763 1715 1802; x_wconf 88' lang='lat' dir='ltr'>promou-</span> 
     </span>
     <span class='ocr_line' id='line_1_68' title="bbox 1057 1805 1716 1859; baseline 0 -15"><span class='ocrx_word' id='word_1_313' title='bbox 1057 1807 1199 1844; x_wconf 86' lang='lat' dir='ltr'>torium</span> <span class='ocrx_word' id='word_1_314' title='bbox 1230 1805 1403 1844; x_wconf 86' lang='lat' dir='ltr'>desinens</span> <span class='ocrx_word' id='word_1_315' title='bbox 1423 1805 1525 1858; x_wconf 90' lang='lat' dir='ltr'>apud</span> <span class='ocrx_word' id='word_1_316' title='bbox 1553 1806 1716 1859; x_wconf 85' lang='lat' dir='ltr'>Thucy-</span> 
     </span>
     <span class='ocr_line' id='line_1_69' title="bbox 1060 1862 1717 1916; baseline 0.002 -17"><span class='ocrx_word' id='word_1_317' title='bbox 1060 1862 1190 1900; x_wconf 87' lang='lat' dir='ltr'>didem</span> <span class='ocrx_word' id='word_1_318' title='bbox 1210 1863 1378 1916; x_wconf 87' lang='lat' dir='ltr'>aliosque</span> <span class='ocrx_word' id='word_1_319' title='bbox 1410 1876 1539 1900; x_wconf 89' lang='lat' dir='ltr'>rerum</span> <span class='ocrx_word' id='word_1_320' title='bbox 1554 1865 1717 1914; x_wconf 88' lang='lat' dir='ltr'>scripto-</span> 
     </span>
     <span class='ocr_line' id='line_1_70' title="bbox 1058 1920 1716 1957; baseline 0.002 -1"><span class='ocrx_word' id='word_1_321' title='bbox 1058 1932 1116 1956; x_wconf 89' lang='lat' dir='ltr'>res</span> <span class='ocrx_word' id='word_1_322' title='bbox 1137 1920 1301 1956; x_wconf 86' lang='lat' dir='ltr'>crebrius</span> <span class='ocrx_word' id='word_1_323' title='bbox 1322 1927 1643 1957; x_wconf 82' lang='lat' dir='ltr'>commemoratur</span> <span class='ocrx_word' id='word_1_324' title='bbox 1653 1932 1716 1957; x_wconf 89' lang='lat' dir='ltr'>so-</span> 
     </span>
     <span class='ocr_line' id='line_1_71' title="bbox 1059 1975 1715 2028; baseline 0 -16"><span class='ocrx_word' id='word_1_325' title='bbox 1059 1977 1162 2028; x_wconf 88' lang='lat' dir='ltr'>lique</span> <span class='ocrx_word' id='word_1_326' title='bbox 1178 1977 1356 2013; x_wconf 86' lang='lat' dir='ltr'>excelluit</span> <span class='ocrx_word' id='word_1_327' title='bbox 1375 1977 1578 2013; x_wconf 82' lang='lat' dir='ltr'>fertilitate.</span> <span class='ocrx_word' id='word_1_328' title='bbox 1600 1975 1715 2026; x_wconf 87' lang='lat' dir='ltr'>Apud</span> 
     </span>
     <span class='ocr_line' id='line_1_72' title="bbox 1059 2033 1715 2082; baseline -0.002 -13"><span class='ocrx_word' id='word_1_329' title='bbox 1059 2033 1207 2070; x_wconf 88' lang='lat' dir='ltr'>serioris</span> <span class='ocrx_word' id='word_1_330' title='bbox 1227 2033 1356 2069; x_wconf 90' lang='lat' dir='ltr'>aetatis</span> <span class='ocrx_word' id='word_1_331' title='bbox 1383 2033 1579 2082; x_wconf 88' lang='lat' dir='ltr'>scriptores</span> <span class='ocrx_word' id='word_1_332' title='bbox 1600 2033 1715 2068; x_wconf 88' lang='lat' dir='ltr'>etiam</span> 
     </span>
     <span class='ocr_line' id='line_1_73' title="bbox 1058 2088 1715 2126; baseline -0.002 -1"><span class='ocrx_word' id='word_1_333' title='bbox 1058 2089 1148 2125; x_wconf 88' lang='lat' dir='ltr'>urbs</span> <span class='ocrx_word' id='word_1_334' title='bbox 1186 2088 1329 2126; x_wconf 80' lang='lat' dir='ltr'>Pallene</span> <span class='ocrx_word' id='word_1_335' title='bbox 1361 2089 1564 2124; x_wconf 83' lang='lat' dir='ltr'>invenitur.</span> <span class='ocrx_word' id='word_1_336' title='bbox 1632 2089 1715 2124; x_wconf 91' lang='lat' dir='ltr'>No-</span> 
     </span>
     <span class='ocr_line' id='line_1_74' title="bbox 1059 2142 1714 2181; baseline 0 -1"><span class='ocrx_word' id='word_1_337' title='bbox 1059 2157 1150 2181; x_wconf 88' lang='lat' dir='ltr'>men</span> <span class='ocrx_word' id='word_1_338' title='bbox 1169 2145 1284 2180; x_wconf 86' lang='lat' dir='ltr'>tulita</span> <span class='ocrx_word' id='word_1_339' title='bbox 1304 2144 1446 2180; x_wconf 88' lang='lat' dir='ltr'>colonis</span> <span class='ocrx_word' id='word_1_340' title='bbox 1458 2142 1618 2180; x_wconf 83' lang='lat' dir='ltr'>Achaeis</span> <span class='ocrx_word' id='word_1_341' title='bbox 1638 2142 1714 2180; x_wconf 87' lang='lat' dir='ltr'>huo</span> 
     </span>
     <span class='ocr_line' id='line_1_75' title="bbox 1060 2199 1715 2237; baseline 0.002 -1"><span class='ocrx_word' id='word_1_342' title='bbox 1060 2199 1245 2236; x_wconf 84' lang='lat' dir='ltr'>adductis.</span> <span class='ocrx_word' id='word_1_343' title='bbox 1320 2200 1434 2236; x_wconf 90' lang='lat' dir='ltr'>Plura</span> <span class='ocrx_word' id='word_1_344' title='bbox 1481 2201 1621 2236; x_wconf 80' lang='lat' dir='ltr'>Wasse</span> <span class='ocrx_word' id='word_1_345' title='bbox 1666 2199 1715 2237; x_wconf 88' lang='lat' dir='ltr'>ad</span> 
     </span>
     <span class='ocr_line' id='line_1_76' title="bbox 1059 2253 1712 2306; baseline 0.002 -14"><span class='ocrx_word' id='word_1_346' title='bbox 1059 2253 1280 2306; x_wconf 87' lang='lat' dir='ltr'>Thucydid.</span> <span class='ocrx_word' id='word_1_347' title='bbox 1309 2256 1371 2301; x_wconf 88' lang='lat' dir='ltr'>lv,</span> <span class='ocrx_word' id='word_1_348' title='bbox 1405 2257 1482 2295; x_wconf 87' lang='lat'>116</span> <span class='ocrx_word' id='word_1_349' title='bbox 1512 2261 1548 2292; x_wconf 90' lang='lat' dir='ltr'>et</span> <span class='ocrx_word' id='word_1_350' title='bbox 1567 2254 1712 2296; x_wconf 82' lang='lat' dir='ltr'>Duker.</span> 
     </span>
     <span class='ocr_line' id='line_1_77' title="bbox 1059 2309 1713 2362; baseline 0.005 -16"><span class='ocrx_word' id='word_1_351' title='bbox 1059 2310 1107 2347; x_wconf 84' lang='lat' dir='ltr'>ad</span> <span class='ocrx_word' id='word_1_352' title='bbox 1121 2309 1300 2362; x_wconf 86' lang='lat' dir='ltr'>Thucyd.</span> <span class='ocrx_word' id='word_1_353' title='bbox 1315 2311 1378 2357; x_wconf 84' lang='lat' dir='ltr'>IV,</span> <span class='ocrx_word' id='word_1_354' title='bbox 1392 2313 1482 2352; x_wconf 84' lang='lat'>120.</span> <span class='ocrx_word' id='word_1_355' title='bbox 1494 2310 1713 2349; x_wconf 84' lang='lat' dir='ltr'>Tzschuck.</span> 
     </span>
     <span class='ocr_line' id='line_1_78' title="bbox 1059 2366 1715 2419; baseline 0.012 -17"><span class='ocrx_word' id='word_1_356' title='bbox 1059 2366 1106 2403; x_wconf 86' lang='lat' dir='ltr'>ad</span> <span class='ocrx_word' id='word_1_357' title='bbox 1141 2367 1230 2403; x_wconf 83' lang='lat' dir='ltr'>Mel.</span> <span class='ocrx_word' id='word_1_358' title='bbox 1259 2367 1285 2403; x_wconf 91' lang='lat'>1.</span> <span class='ocrx_word' id='word_1_359' title='bbox 1313 2368 1338 2406; x_wconf 90' lang='lat' dir='ltr'>l.</span> <span class='ocrx_word' id='word_1_360' title='bbox 1369 2367 1406 2412; x_wconf 56' lang='grc' dir='ltr'>ᾗ.</span> <span class='ocrx_word' id='word_1_361' title='bbox 1431 2370 1477 2408; x_wconf 88' lang='grc'>11</span> <span class='ocrx_word' id='word_1_362' title='bbox 1509 2380 1598 2419; x_wconf 85' lang='lat' dir='ltr'>pag.</span> <span class='ocrx_word' id='word_1_363' title='bbox 1636 2368 1715 2410; x_wconf 84' lang='lat'>149</span> 
     </span>
     <span class='ocr_line' id='line_1_79' title="bbox 1058 2423 1712 2474; baseline 0.005 -15"><span class='ocrx_word' id='word_1_364' title='bbox 1058 2430 1155 2460; x_wconf 87' lang='lat' dir='ltr'>nott.</span> <span class='ocrx_word' id='word_1_365' title='bbox 1202 2436 1339 2474; x_wconf 86' lang='lat' dir='ltr'>exegg.</span> <span class='ocrx_word' id='word_1_366' title='bbox 1389 2423 1474 2460; x_wconf 89' lang='lat' dir='ltr'>coll.</span> <span class='ocrx_word' id='word_1_367' title='bbox 1528 2425 1712 2463; x_wconf 76' lang='lat' dir='ltr'>Gatterer.</span> 
     </span>
     <span class='ocr_line' id='line_1_80' title="bbox 1058 2478 1713 2531; baseline 0.005 -16"><span class='ocrx_word' id='word_1_368' title='bbox 1058 2492 1146 2530; x_wconf 87' lang='lat' dir='ltr'>pag.</span> <span class='ocrx_word' id='word_1_369' title='bbox 1178 2478 1232 2518; x_wconf 86' lang='lat'>94</span> <span class='ocrx_word' id='word_1_370' title='bbox 1261 2486 1298 2516; x_wconf 89' lang='lat' dir='ltr'>et</span> <span class='ocrx_word' id='word_1_371' title='bbox 1327 2480 1515 2519; x_wconf 83' lang='lat' dir='ltr'>Mannert.</span> <span class='ocrx_word' id='word_1_372' title='bbox 1535 2481 1605 2516; x_wconf 89' lang='lat' dir='ltr'>VII</span> <span class='ocrx_word' id='word_1_373' title='bbox 1626 2493 1713 2531; x_wconf 84' lang='lat' dir='ltr'>pag.</span> 
     </span>
     <span class='ocr_line' id='line_1_81' title="bbox 1057 2534 1714 2587; baseline -0.002 -12"><span class='ocrx_word' id='word_1_374' title='bbox 1057 2536 1138 2575; x_wconf 87' lang='grc'>463</span> <span class='ocrx_word' id='word_1_375' title='bbox 1160 2548 1238 2585; x_wconf 88' lang='lat' dir='ltr'>seq.</span> <span class='ocrx_word' id='word_1_376' title='bbox 1261 2537 1357 2574; x_wconf 73' lang='lat' dir='ltr'>Gaii.</span> <span class='ocrx_word' id='word_1_377' title='bbox 1379 2534 1428 2572; x_wconf 86' lang='lat' dir='ltr'>ad</span> <span class='ocrx_word' id='word_1_378' title='bbox 1454 2536 1612 2587; x_wconf 88' lang='lat' dir='ltr'>Scymn.</span> <span class='ocrx_word' id='word_1_379' title='bbox 1642 2535 1714 2574; x_wconf 83' lang='lat' dir='ltr'>Ch.</span> 
     </span>
     <span class='ocr_line' id='line_1_82' title="bbox 1059 2591 1712 2641; baseline 0.003 -11"><span class='ocrx_word' id='word_1_380' title='bbox 1059 2591 1139 2631; x_wconf 85' lang='grc'>643</span> <span class='ocrx_word' id='word_1_381' title='bbox 1169 2603 1255 2641; x_wconf 86' lang='lat' dir='ltr'>pag.</span> <span class='ocrx_word' id='word_1_382' title='bbox 1281 2593 1362 2632; x_wconf 83' lang='lat'>386</span> <span class='ocrx_word' id='word_1_383' title='bbox 1391 2591 1442 2628; x_wconf 91' lang='grc' dir='ltr'>Τ.</span> <span class='ocrx_word' id='word_1_384' title='bbox 1462 2592 1511 2629; x_wconf 91' lang='lat' dir='ltr'>II.</span> <span class='ocrx_word' id='word_1_385' title='bbox 1566 2593 1617 2629; x_wconf 84' lang='lat' dir='ltr'>Et</span> <span class='ocrx_word' id='word_1_386' title='bbox 1636 2592 1712 2632; x_wconf 85' lang='lat' dir='ltr'>vid.</span> 
     </span>
     <span class='ocr_line' id='line_1_83' title="bbox 1059 2646 1602 2698; baseline 0.006 -16"><span class='ocrx_word' id='word_1_387' title='bbox 1059 2659 1211 2698; x_wconf 87' lang='lat' dir='ltr'>quoque</span> <span class='ocrx_word' id='word_1_388' title='bbox 1231 2646 1372 2685; x_wconf 90' lang='lat' dir='ltr'>Herod.</span> <span class='ocrx_word' id='word_1_389' title='bbox 1392 2648 1490 2695; x_wconf 87' lang='lat' dir='ltr'>Vm,</span> <span class='ocrx_word' id='word_1_390' title='bbox 1509 2651 1602 2688; x_wconf 81' lang='lat'>126.</span> 
     </span>
     <span class='ocr_line' id='line_1_84' title="bbox 1117 2700 1712 2756; baseline 0.003 -15"><span class='ocrx_word' id='word_1_391' title='bbox 1117 2702 1226 2742; x_wconf 76' lang='grc' dir='ltr'><em>ἔπλεε</em></span> <span class='ocrx_word' id='word_1_392' title='bbox 1264 2702 1304 2750; x_wconf 79' lang='grc' dir='ltr'>ἐς</span> <span class='ocrx_word' id='word_1_393' title='bbox 1332 2700 1377 2742; x_wconf 63' lang='lat' dir='ltr'>to*</span> <span class='ocrx_word' id='word_1_394' title='bbox 1406 2702 1712 2756; x_wconf 85' lang='grc' dir='ltr'><em>προειρημένον]</em></span> 
     </span>
     <span class='ocr_line' id='line_1_85' title="bbox 1061 2757 1713 2812; baseline 0.002 -16"><span class='ocrx_word' id='word_1_395' title='bbox 1061 2760 1154 2796; x_wconf 87' lang='lat' dir='ltr'>Vela</span> <span class='ocrx_word' id='word_1_396' title='bbox 1174 2758 1276 2796; x_wconf 88' lang='lat' dir='ltr'>dedit</span> <span class='ocrx_word' id='word_1_397' title='bbox 1295 2759 1473 2797; x_wconf 88' lang='lat' dir='ltr'>inlocum</span> <span class='ocrx_word' id='word_1_398' title='bbox 1484 2767 1594 2797; x_wconf 85' lang='lat' dir='ltr'>antea</span> <span class='ocrx_word' id='word_1_399' title='bbox 1615 2757 1713 2812; x_wconf 87' lang='lat' dir='ltr'>(Vn,</span> 
     </span>
     <span class='ocr_line' id='line_1_86' title="bbox 1066 2813 1714 2868; baseline -0.002 -13"><span class='ocrx_word' id='word_1_400' title='bbox 1066 2813 1161 2866; x_wconf 81' lang='lat'>121)</span> <span class='ocrx_word' id='word_1_401' title='bbox 1192 2815 1413 2855; x_wconf 84' lang='lat' dir='ltr'>indicatum.</span> <span class='ocrx_word' id='word_1_402' title='bbox 1471 2817 1569 2854; x_wconf 83' lang='lat' dir='ltr'>Hinc</span> <span class='ocrx_word' id='word_1_403' title='bbox 1600 2817 1714 2868; x_wconf 84' lang='lat' dir='ltr'>paulo</span> 
     </span>
    </p>
   </div>
   <div class='ocr_carea' id='block_1_9' title="bbox 1845 0 1897 1566">
    <p class='ocr_par' dir='ltr' id='par_1_11' title="bbox 1845 0 1897 1566">
     <span class='ocr_line' id='line_1_87' title="bbox 1845 0 1897 1566; baseline 0 0"><span class='ocrx_word' id='word_1_404' title='bbox 1845 0 1897 1566; x_wconf 95' lang='lat' dir='ltr'> </span> 
     </span>
    </p>
   </div>
  </div>
 </body>
</html>
