1897 3340
116 305 181 350 28

475 186 1130 227 TERPSICHORE.
1189 186 1233 221 V.
1442 188 1497 226 43

327 297 452 342 Μετὰ
487 297 554 348 δὲ,
596 295 651 339 οὐ
683 294 846 338 πολλὸν
884 292 1044 350 χρόνον
1084 293 1225 344 ἄνεσις
1254 297 1401 337 κακῶν
1429 311 1496 349 ην,
1556 292 1810 364 ἧιιξῇηῃζξξυιθι·

239 367 311 410 καὶ
341 364 490 421 ἤρχετο
521 362 569 407 τό
603 362 806 417 δεύτερον
845 362 891 406 ἐκ
924 362 1078 414 Νάξου
1114 377 1157 404 τε
1188 362 1261 404 καὶ
1291 362 1495 418 Μιλήτου
1552 358 1629 418 ἐξὲξ(
1625 366 1769 420 ι3ιθῆξι·3“
1749 361 1825 419 506]

209 435 348 477 σΑ’Ίωσι
377 434 576 487 γίνεσθαι
604 431 729 474 κακά.
770 435 903 474 τοῦτο
935 431 1015 487 μὲν
1042 429 1152 486 γὰρ,
1195 429 1222 485 ἡ
1254 428 1400 482 Νάξος
1427 428 1497 473 εὖ·
1509 426 1824 486 85,ξ,,““,ι;33ξ,ιιζ,ξζ

237 501 440 555 δαιμονίῃ
469 503 558 542 τῶν
587 497 734 555 νήσων
762 497 995 554 προέφερε·
1026 501 1158 540 τοῦτο
1189 498 1248 549 δὲ,
1279 498 1389 540 κατὰ
1416 499 1494 542 τόν
1552 492 1808 554 ᾖξ’,εῧὲῑράἷῑέ
1778 535 1826 553 a*

235 567 371 612 αὐτὸν
411 565 573 623 χρόνον
601 565 629 623 ἡ
660 568 855 622 Μίλητος
899 564 1009 623 αὐτή
1037 581 1081 608 τε
1113 564 1277 622 ἑωυτῆς
1315 565 1566 621 μάλιστα
1555 570 1594 621 3¹13
1614 560 1691 633 ,ἓξζζξξ
1694 559 1827 619 cassffib

233 635 287 690 δή
320 634 415 678 τότε
446 633 696 689 ἀκμάσασα,
726 635 799 678 καὶ
830 635 882 690 δὴ
912 636 986 678 καὶ
1012 638 1088 690 τῆς
1113 631 1274 688 Ἰωνίης
1302 629 1358 690 ἦν
1387 635 1496 688 πρό-
1555 627 1800 697 ggffigffssfaetsse'ssffl

235 715 397 759 σχημα·
446 705 692 757 κατύπερθε
730 704 776 746 δὲ
801 702 972 746 τούτων
1010 702 1078 746 ἐπὶ
1119 701 1200 745 δύο
1241 704 1392 757 γενεάς
1422 703 1493 746 ἄν·
1551 701 1633 742 385

234 772 354 823 δρῶν
378 771 600 827 νοσήσασα
629 771 671 822 ἐς
699 770 752 814 τὰ
780 771 967 827 μάλιστα
998 770 1142 821 στάσι,
1186 771 1308 826 μέχρι
1340 767 1395 815 οὗ
1423 789 1498 828 μιν

205 839 404 893 3Ποὶριοι
433 839 708 896 κατήρτισαν.
758 838 945 891 τούτους
971 838 1052 894 γὰρ
1083 843 1425 896 καταρτιστῆρας
1453 840 1554 884 ἐκ90

176 990 238 1037 VI,
260 992 336 1030 83:
384 983 657 1040 οἷνακτῶμενοι
695 986 832 1030 ὀπίσω.
949 985 1175 1041 πρόσχημα]
1207 989 1485 1037 „Ornamentum
1503 992 1556 1027 si-

175 1047 238 1093 VI,
268 1048 346 1086 92:
389 1041 664 1097 α’πενόστησαν
691 1044 834 1087 ὀπίσω.

176 1104 256 1150 VII,
291 1105 394 1144 162:
442 1098 567 1142 ὀπίσω
592 1098 836 1143 ἀπαλλασσό-

176 1174 308 1228 ιιενρι,
353 1161 439 1197 coll.
475 1163 553 1201 163
593 1159 660 1198 fin.
708 1157 835 1201 ὀπίσω

178 1230 359 1269 απαγειν.

364 1296 456 1346 Cap.
469 1296 648 1332 xxvm.

238 1381 354 1423 Μετεὶ
382 1383 425 1424 δὲ
449 1380 500 1425 ου’
526 1382 671 1425 πολλὸν
689 1381 836 1435 χρόνον

177 1437 311 1488 ἄνεσις
329 1443 465 1480 κακῶν
487 1436 558 1493 ἦν]
594 1444 698 1479 Haec
718 1442 834 1479 verba

176 1498 291 1547 vulgo
332 1499 445 1548 capiti
483 1498 724 1536 antecedenti
762 1511 835 1534 an-

174 1566 276 1590 nexa
301 1552 389 1591 hinc
411 1556 577 1592 seiunxit
597 1553 832 1604 Schweigh„

176 1624 294 1663 quem
327 1611 443 1649 Gaisf.
474 1619 510 1648 et
539 1611 675 1649 Matth.
714 1613 834 1648 secuti

175 1674 285 1715 sunt,
332 1681 421 1705 cum
451 1669 539 1720 ipsa
577 1671 631 1707 sic
669 1669 835 1720 postulet

175 1726 373 1773 sententia,
392 1732 436 1762 ut
451 1739 541 1763 cum
561 1739 645 1778 cap.
669 1727 835 1763 XXVIII

176 1782 298 1819 verbis
325 1783 619 1833 coniungantur.
650 1780 785 1829 ἄνεσις
814 1796 834 1819 e

176 1839 393 1876 coniectura
404 1839 517 1876 fluxit
538 1839 640 1878 docti
662 1841 762 1877 Galli
775 1841 834 1876 De

176 1895 214 1931 la
239 1896 355 1932 Barre
387 1889 602 1945 (Memfde
622 1896 769 1935 l'Acad.
792 1895 830 1933 d.

176 1953 348 2004 Inscript.
386 1955 463 1990 XII
492 1967 581 2005 pag.
615 1957 693 1995 180
721 1954 834 2005 seq.)‚

176 2009 334 2060 probata
354 2009 507 2047 Reiskio
529 2024 572 2048 ac
592 2010 835 2048 Valckenae-

177 2066 246 2102 rio.
304 2067 544 2106 Florentinus
580 2069 676 2105 liber
723 2067 835 2104 offert

177 2119 317 2171 ἅνεος,
356 2125 492 2176 reliqui
531 2138 664 2162 omnes
695 2121 835 2171 ἅνεως.

177 2179 312 2217 Portus
365 2182 573 2232 suspicatus
612 2188 690 2218 erat
737 2178 836 2221 ἄνευ

179 2250 328 2275 κακων.

234 2307 260 2342 η
295 2288 432 2341 Ναξος
477 2295 713 2349 εὐδαιμονίῃ
755 2310 836 2333 των

178 2343 314 2397 νήσων
334 2349 557 2403 προέφερε]
591 2351 654 2390 Ad
674 2352 837 2389 verbum

180 2401 411 2457 εὐδαιμονίη
426 2409 527 2444 conf.
543 2410 588 2457 V,
601 2409 726 2461 Sibiq.
739 2416 835 2446 nott.

180 2461 350 2499 Verbum
369 2463 585 2515 προφέρειν
607 2465 743 2503 eodem
754 2478 838 2503 emt-

179 2518 305 2565 nendi,
333 2520 528 2560 excellendi
545 2536 657 2560 sensu
675 2524 837 2590 111,10}3

181 2546 395 2627 eadeiiique
405 2579 604 2627 structura,
627 2593 691 2632 qu·
681 2579 703 2616 :2
722 2577 838 2630 προέ-

182 2644 276 2679 χειν,
298 2630 344 2668 de
365 2645 439 2684 qua
459 2633 537 2672 dixi
558 2609 606 2673 ad
626 2638 716 2684 1,1.
775 2634 837 2672 Ad

184 2685 411 2725 lOGUthUeln
424 2706 522 2743 αυτη
535 2714 590 2721 --
603 2691 754 2742 ἔων-[ης
763 2687 835 2741 μα’-

184 2743 292 2780 λιστα
325 2746 425 2782 conf.
465 2750 494 2795 1,
527 2751 618 2791 193.
648 2751 728 2789 203
763 2749 836 2785 ibi-

186 2810 260 2848 que
280 2806 373 2836 nott.

892 1059 958 1093 ve,
980 1046 1036 1082 uti
1055 1045 1228 1082 Thomas
1248 1048 1302 1083 M.
1326 1047 1430 1097 [pag.
1450 1047 1552 1095 758]

895 1110 932 1139 et
951 1103 1111 1139 Triclin.
1134 1102 1183 1140 ad
1205 1102 1387 1154 Sophocl.
1408 1104 1550 1140 Electr.

896 1161 976 1200 685
1006 1155 1278 1210 καλλώπισμα.
1324 1161 1422 1198 Tale
1443 1162 1553 1198 Stra-

892 1217 1001 1254 bonis
1031 1218 1069 1253 X
1097 1231 1135 1267 Ρ.
1167 1218 1249 1257 450
1282 1217 1324 1254 C.
1345 1231 1373 1254 s.
1396 1220 1472 1258 691
1505 1220 1552 1255 Β.

893 1280 930 1309 et
945 1275 1001 1309 XI
1021 1287 1059 1323 p.
1082 1275 1161 1313 516
1182 1275 1230 1309 D.
1251 1287 1279 1310 s.
1301 1276 1398 1315 786.
1442 1275 1552 1311 Talia

891 1328 1108 1376 Plutarchi,
1148 1329 1339 1377 Aristidis,
1387 1331 1553 1381 Appiani

893 1393 1008 1437 atque
1030 1387 1203 1432 aliorum,
1225 1399 1323 1438 quae
1340 1389 1553 1424 exscribere

890 1456 969 1479 nou
981 1445 1131 1479 vacat.“
1152 1442 1219 1479 We
1231 1458 1247 1479 s
1259 1458 1275 1480 s
1289 1444 1327 1480 el
1339 1446 1428 1492 ing.
1444 1444 1553 1481 Idem

890 1500 1122 1535 vocabulum
1139 1503 1347 1548 praetextus
1365 1501 1554 1551 significa-

889 1557 994 1592 tione
1015 1557 1232 1592 notavimus
1254 1555 1302 1592 ad
1317 1558 1379 1604 IV,
1404 1560 1494 1598 167-
1498 1580 1553 1585 —

890 1614 936 1648 In
965 1626 1045 1665 seq.
1083 1612 1237 1650 verba'
1220 1612 1286 1652 επὶ
1316 1610 1390 1653 δύο
1414 1629 1501 1666 γενε
1506 1631 1552 1661 ας

893 1664 1055 1721 ανδρων
1091 1670 1242 1706 valent:
1284 1683 1350 1720 per
1381 1671 1471 1708 duas
1493 1672 1554 1708 Ιιο-

892 1728 1022 1764 minum
1040 1730 1174 1763 aetates
1193 1740 1222 1763 s.
1245 1740 1396 1775 generem
1414 1727 1460 1765 de
1476 1742 1552 1780 quo

892 1796 964 1820 usu
992 1784 1280 1834 praepositionis
1308 1783 1372 1824 ε’πὶ
1390 1786 1431 1821 iu
1451 1793 1553 1822 tem—

892 1841 992 1891 poris
1023 1842 1235 1877 continuati
1264 1843 1420 1878 notione
1445 1844 1553 1893 plura

891 1898 1057 1934 attulisse
1075 1896 1188 1935 video
1200 1897 1366 1936 Fischer.
1378 1898 1427 1935 ad
1437 1900 1554 1936 Wel-

890 1955 959 1991 ler.
1004 1955 1059 1990 III
1087 1966 1176 2004 pag.
1204 1954 1299 1995 244.
1385 1957 1555 1993 Verbum

891 2014 1025 2050 νοσεῖν
1054 2009 1101 2047 de
1118 2012 1351 2060 civitatibus,
1373 2026 1472 2065 quae
1492 2015 1555 2050 in-

892 2069 1034 2105 testinis
1052 2068 1227 2104 laborant
1254 2070 1385 2117 malis,
1416 2070 1554 2108 factio-

891 2125 1003 2162 nibus
1016 2153 1027 2172 ,
1047 2123 1316 2172 seditionibus,
1339 2125 1553 2164 adhibitum

891 2182 1162 2219 illustravimus
1183 2180 1232 2218 ad
1250 2182 1446 2221 Plutarchi
1458 2184 1554 2221 Phi-

891 2239 1059 2289 lopoem.
1080 2252 1168 2290 pag.
1189 2238 1228 2279 5.
1250 2242 1289 2280 6.
1320 2237 1432 2280 στάσι
1465 2255 1552 2278 cum

893 2294 1113 2346 Schweigh.
1149 2303 1186 2332 et
1214 2297 1330 2335 Gaisf.
1353 2312 1373 2334 e
1394 2299 1553 2335 Floren-

892 2353 973 2390 tino
993 2353 1121 2404 recepi
1154 2365 1224 2403 pro
1253 2350 1412 2403 στάσει,
1448 2356 1551 2408 quod

893 2408 1077 2446 Matthiae
1098 2411 1265 2448 retinuit.

950 2461 1104 2517 κατήρ
1118 2481 1138 2504 τ
1151 2482 1163 2505 ι
1176 2479 1231 2506 σα
1248 2468 1297 2516 ν]
1337 2469 1394 2505 Ita
1424 2469 1551 2519 plures

894 2523 992 2560 libri.
1049 2524 1125 2559 Alii
1146 2524 1452 2576 κατ-ηρτίσαντο,
1476 2539 1551 2578 quo

894 2580 1010 2617 verbo
1032 2579 1160 2617 medio
1182 2579 1243 2618 hic
1264 2582 1423 2618 minime
1444 2595 1550 2633 opus,

894 2637 958 2673 ubi
981 2635 1029 2673 de
1050 2650 1095 2674 eo
1110 2667 1119 2684 ,
1151 2639 1216 2689 qui
1237 2637 1330 2676 duas
1346 2646 1470 2690 partes
1491 2653 1551 2675 se—

893 2706 981 2729 cum
1012 2694 1177 2731 rixantes
1206 2696 1404 2742 conciliat,
1426 2708 1549 2731 sermo

892 2756 960 2786 est.
1001 2750 1111 2787 Conf.
1132 2752 1176 2798 V,
1198 2754 1265 2793 29.
1288 2755 1381 2792 106.
1410 2751 1549 2787 Euseb.

892 2805 995 2856 apud
1026 2807 1136 2848 Stob.
1164 2809 1193 2854 1,
1216 2807 1269 2848 85
1298 2821 1328 2844 s.
1348 2821 1386 2858 p.
1408 2810 1474 2853 20,
1496 2806 1549 2847 50
