1897 3340
421 226 503 266 11⁰

814 227 1279 264 HERODOTI

393 338 555 378 3τοῦτο
591 336 637 378 δὲ
676 334 734 386 ὣς
766 335 953 390 ἐγένετο,
994 335 1136 378 πάντα
1178 335 1324 378 αὐτῶν
1359 335 1412 378 τὰ
1451 335 1680 392 πρήγματα

423 402 775 455 συνετετάρακτο.

852 403 1128 458 παρέστησαν
1167 405 1237 451 δὲ,
1274 403 1344 447 ἐπὶ
1383 407 1529 458 μισθῷ
1566 409 1682 447 τοῖσι

421 471 630 519 τέκνοισι,
662 468 729 513 ἐπ’
761 467 848 514 οἶσι
877 469 1115 525 ἐβούλοντο
1150 473 1193 514 οἱ
1219 470 1465 526 Ἀθηναῖοι,
1497 471 1603 515 ὥστε
1637 472 1684 516 ἐν

394 538 548 583 *meva
589 536 775 594 ἡμέρῃσι
817 538 1058 593 ἐκχωρῆσαι
1097 537 1143 581 ἐκ
1183 542 1258 593 τῆς
1293 537 1490 595 Ἀττικῆς.

1557 539 1683 583 Μετοὶ

423 608 491 655 δὲ,
533 605 799 660 ἐξεχώρησαν
829 605 871 655 ἐς
901 608 1077 660 Σίγειον
1115 605 1165 648 τό
1196 605 1264 648 ἐπὶ
1291 611 1352 663 τῷ
1381 606 1742 664 Σκαμάνδρῳ·10

424 673 630 728 ἄρξαντες
672 673 751 726 μὲν
786 669 1030 726 Ἀθηναίων
1068 670 1135 716 ἐπ’
1168 673 1261 716 ἔτεα
1302 674 1346 727 ἕξ
1383 691 1427 718 τε
1466 676 1539 719 καὶ
1568 674 1684 731 τριή-

371 873 405 895 c.
424 871 484 909 ap.
497 856 717 908 Thucyd.1,
739 860 804 900 89.
816 860 980 909 Lycurg.
993 871 1027 894 c.

366 917 498 952 Leocr.
510 929 546 965 p.
560 914 781 965 154.3<2.[p.
796 913 1025 962 177Reisk.]

366 970 614 1011 Demosthen.
646 973 703 1007 De
732 973 813 1008 fals.
844 972 916 1021 leg.
938 983 1027 1021 pag.

367 1027 450 1068 242
499 1029 612 1078 [pag.
652 1026 728 1069 401
772 1027 839 1064 inf.
878 1026 1026 1075 Reisk.]

367 1085 466 1120 Aen.
496 1085 699 1121 Poliorcet.
741 1086 790 1123 10
825 1084 918 1132 [ubi
949 1085 1029 1120 vim

366 1141 473 1179 verbi
520 1142 694 1191 exposuit
741 1141 985 1177 casaubonus
997 1141 1030 1188 ]‚

371 1210 471 1248 quae
511 1198 635 1234 attulit
674 1196 723 1233 ad
749 1196 787 1233 h.
810 1197 835 1233 l.
863 1195 1031 1234 Valcke-

370 1267 477 1291 naer.
543 1255 608 1291 Tu
646 1253 734 1290 add.
775 1254 941 1290 Sintenis
983 1251 1031 1289 ad

370 1309 567 1350 Plutarch,
589 1309 838 1346 Themistocl.
863 1313 914 1350 10
942 1321 1030 1359 pag.

371 1369 440 1408 68.
460 1390 516 1394 —-
536 1368 630 1403 Mox
650 1380 670 1402 e
690 1367 910 1402 Florentino
931 1366 1034 1402 aliis-

371 1438 446 1476 que
467 1437 558 1461 oum
577 1430 734 1460 recentt.
757 1421 845 1459 edd.
876 1422 1033 1458 exhibui

368 1478 501 1520 πάντα
541 1495 675 1518 αυτων
713 1493 782 1530 pro
813 1480 907 1516 olim
925 1479 1031 1528 vulg.

369 1533 501 1587 πάντη
536 1533 700 1574 αὐτέων.
733 1558 788 1563 ——
817 1534 880 1571 Ad
907 1534 1031 1585 παρέ-

371 1605 520 1642 στησαν
540 1591 617 1629 vtd.
645 1599 741 1629 nott.
779 1591 826 1629 ad
857 1593 933 1638 111,
966 1594 1030 1638 13,

370 1652 437 1687 ubi
462 1662 531 1701 pro
563 1649 608 1694 V,
641 1649 703 1689 56
744 1646 952 1698 legendum
987 1648 1032 1694 V,

369 1710 398 1748 6
416 1707 454 1746 5.
502 1707 601 1742 Nam
629 1707 814 1742 sententia
842 1705 915 1741 loci
937 1703 1030 1740 haec

371 1764 451 1800 fere
473 1769 546 1799 est:
579 1761 770 1809 „Mercede
790 1764 901 1811 pacta
919 1761 968 1797 ad
989 1761 1036 1796 li-

373 1821 469 1857 beros
498 1815 683 1871 (captos)
721 1818 959 1862 redimendos,
1002 1829 1037 1853 se

374 1876 584 1914 dediderunt
605 1877 650 1911 iis
661 1875 927 1920 conditionibus,
947 1885 1036 1923 quae

370 1934 578 1985 placuerant
599 1931 867 1968 Atheniensibus
881 1959 892 1978 ,
918 1934 959 1966 ut
980 1931 1036 1966 ηἰ-

374 1992 498 2028 mirum
518 1988 698 2053 (receptis
718 1989 793 2030 suis
813 1987 957 2036 liberis)
979 1988 1035 2022 in-

376 2050 434 2083 tra
464 2046 614 2096 quinque
638 2045 712 2081 dves
742 2044 868 2081 Attzca
898 2042 1036 2080 excede-

374 2103 492 2140 rent“
549 2100 611 2137 Ad
638 2099 702 2139 ἐπὶ
724 2104 856 2170 μισθῷ
885 2099 985 2136 conf.
1007 2100 1036 2145 Ι,

378 2160 458 2199 160
489 2164 526 2193 et
554 2157 601 2194 ad
623 2152 690 2196 ἐπ’
713 2152 792 2196 οἷσι
811 2158 840 2203 Ι,
865 2155 940 2197 141
964 2156 1037 2192 ibi-

377 2228 414 2267 q.
408 2228 453 2251 .1e
473 2215 566 2261 citt.⁷
585 2227 636 2249 ne
655 2214 778 2264 plura.

435 2266 682 2321 ἐξεχωρησαν
715 2268 753 2315 ἐς
793 2268 953 2319 Σίγειον
992 2264 1036 2306 τό

377 2326 439 2368 ἐπὶ
457 2329 515 2365 ταῖ
530 2322 801 2378 Σκαμάνδρω]
826 2324 935 2361 Cous.
958 2325 1039 2360 He·-

377 2383 459 2422 rod.
491 2383 536 2429 V,
565 2382 630 2424 94.
663 2383 728 2423 95.
765 2380 945 2432 Thucyd.
975 2381 1037 2428 VI,

378 2440 445 2481 59.
468 2440 592 2477 Strab.
625 2440 716 2475 Xlll
744 2452 782 2488 p.
805 2439 883 2479 595
905 2452 934 2474 s,
957 2438 1037 2477 890

378 2498 428 2534 A.
454 2497 554 2532 Plin.
583 2498 632 2532 H.
661 2497 707 2533 N.
729 2496 775 2541 V,
805 2496 857 2534 30
879 2494 969 2541 (33)
1001 2494 1037 2538 §-

381 2553 474 2600 125,
505 2559 542 2589 et
563 2565 659 2605 quae
680 2551 727 2588 de
749 2551 854 2600 Sigei
871 2552 954 2588 loco
976 2563 1038 2585 re-

381 2611 541 2646 centiori
561 2616 680 2646 aetate
693 2616 840 2658 praeter
854 2609 944 2644 alios
960 2606 1038 2643 dis-

381 2673 562 2717 putarunt
620 2664 864 2702 Lechevalier
923 2666 936 2711 (
962 2665 1038 2699 Be—

381 2721 541 2759 schreib.
581 2722 618 2759 d.
658 2722 790 2758 Ebene
830 2736 867 2758 v.
907 2722 1036 2757 Troia.

381 2780 512 2829 Leipz.
538 2781 643 2819 1792
672 2791 758 2829 pag.
781 2781 832 2818 23
854 2779 979 2830 seqq.)
1003 2786 1039 2813 et

382 2834 591 2873 Prokesch.
621 2836 933 2884 (Erinnerungg.
973 2847 1039 2870 nus

1082 858 1247 909 Aegypt.
1270 871 1308 895 u.
1329 859 1545 895 Kleinasien
1566 860 1601 895 Π
1629 873 1667 910 p.
1690 858 1743 900 84

1083 927 1188 965 seqq.
1211 915 1297 951 coll.
1321 914 1412 955 104.
1434 916 1546 965 218).
1605 916 1662 951 Ao
1673 927 1746 951 ne-

1083 983 1149 1006 mo
1181 973 1298 1008 nescit
1325 971 1486 1021 Sigeum
1521 972 1561 1007 iu
1592 970 1747 1008 Troade

1084 1040 1162 1063 non
1190 1029 1304 1078 longe
1337 1028 1383 1064 ab
1415 1040 1459 1064 eo
1490 1028 1575 1065 loco
1613 1028 1742 1075 situm,

1085 1096 1162 1136 quo
1191 1085 1283 1121 olim
1322 1085 1441 1121 Troia
1470 1085 1542 1121 fuit
1582 1082 1747 1131 condita,

1086 1153 1204 1191 prope
1230 1140 1457 1178 Scamandri
1478 1142 1572 1178 ostia
1600 1148 1637 1177 et
1656 1152 1747 1192 pro-

1086 1199 1321 1234 montorium
1341 1197 1516 1248 Sigeum.
1547 1197 1658 1242 Quod
1677 1210 1749 1248 op-

1086 1252 1222 1303 pidum
1243 1252 1462 1290 Christianis
1490 1255 1560 1290 sub
1580 1255 1749 1304 impera-

1087 1310 1230 1346 toribus
1251 1317 1502 1346 restauratum
1520 1323 1624 1347 nunc
1638 1323 1748 1361 pror—1

1088 1378 1150 1402 sus
1191 1367 1387 1402 evanuisse
1415 1373 1611 1414 narratur,
1660 1379 1751 1403 cum

1090 1423 1169 1459 eius
1200 1423 1330 1459 locum
1351 1430 1512 1473 occupet
1540 1424 1646 1460 vicus
1667 1423 1751 1459 exi-

1088 1491 1186 1529 guus
1207 1492 1228 1515 a
1250 1480 1401 1516 Graecis
1420 1480 1659 1530 potissimum
1678 1477 1751 1515 ha-

1088 1536 1225 1572 bitatus
1256 1534 1472 1572 hominibus
1492 1535 1661 1587 indeque
1693 1542 1751 1572 et-

1087 1593 1165 1627 iam
1185 1593 1476 1641 cognominatus
1503 1591 1540 1629 T
1537 1591 1753 1629 sckiaurkioi

1090 1648 1133 1696 (i.
1157 1661 1190 1684 e.
1212 1647 1422 1684 infidelium
1444 1649 1592 1698 vicus),
1612 1661 1751 1700 quam-

1091 1717 1208 1756 quam
1239 1718 1351 1741 suum
1383 1703 1496 1742 habet
1525 1718 1670 1742 nomeu
1695 1704 1752 1743 Ie-

1089 1760 1262 1798 nisclaehr.
1298 1763 1494 1798 Minervae
1521 1762 1655 1812 templi
1676 1760 1752 1810 (de

1092 1830 1168 1869 quo
1191 1816 1332 1854 Herod.
1360 1818 1412 1864 V,
1435 1819 1507 1865 95)
1537 1819 1753 1868 fragmenta

1092 1873 1283 1925 quaedam
1303 1887 1532 1921 marmorea,
1563 1887 1662 1926 quae.
1682 1873 1754 1911 ad-

1091 1929 1168 1967 huc
1209 1938 1356 1967 exstare
1396 1931 1523 1967 scribit
1562 1929 1754 1968 Chandler

1094 1986 1229 2036 (Reise
1250 1989 1289 2023 in
1318 1988 1533 2024 Kleinasien
1563 2000 1648 2038 cap.
1679 1989 1754 2024 XII

1092 2057 1131 2094 p.
1154 2043 1204 2083 51
1228 2057 1306 2096 seq.
1329 2043 1388 2080 ed.
1409 2043 1563 2094 Lips.)‚
1586 2056 1630 2080 ea
1649 2056 1753 2081 nunc

1093 2101 1290 2137 evanuisse
1311 2107 1438 2136 narrat
1457 2099 1666 2138 Prokesch.
1688 2101 1714 2139 l.
1728 2101 1753 2138 Ι.

1094 2156 1194 2201 Quin
1250 2158 1447 2193 ecclesiam
1502 2155 1754 2194 Christianam

1092 2214 1206 2264 ipsius
1234 2214 1333 2250 illius
1363 2212 1464 2250 aedis
1497 2214 1582 2251 loeo
1604 2221 1754 2250 exstru-

1094 2276 1215 2316 ctam,
1237 2271 1526 2306 celeberrimam
1550 2270 1599 2307 ob
1620 2271 1754 2307 inscri-

1094 2328 1264 2376 ptionem
1292 2327 1396 2362 illam
1425 2327 1581 2377 Sigeam
1602 2325 1650 2363 ad
1670 2329 1755 2363 Au-

1094 2383 1176 2432 glos
1186 2396 1287 2420 nnnc
1300 2384 1453 2420 allatam
1474 2382 1568 2431 (vid.
1578 2382 1752 2424 Boeckh.

1094 2440 1206 2489 Corp.
1243 2441 1430 2490 Inscriptt.
1462 2441 1618 2476 Graeco.
1646 2441 1664 2475 1
1696 2452 1754 2476 nr.

1094 2498 1120 2536 8
1141 2508 1228 2546 pag.
1253 2495 1302 2536 14
1323 2497 1446 2548 seqq.)
1461 2525 1470 2543 ‚
1500 2497 1755 2532 recentissima

1095 2559 1215 2588 aetate
1235 2551 1400 2589 dirutam
1419 2554 1531 2588 fuisse
1561 2551 1664 2588 idem
1695 2558 1754 2588 te-

1093 2615 1211 2645 statur
1242 2607 1450 2646 Prokesch.
1480 2609 1504 2645 l.
1526 2609 1551 2644 l.
1583 2609 1639 2644 De
1663 2608 1754 2646 Sca-

1093 2666 1239 2702 mandro
1259 2666 1360 2703 conf.
1381 2667 1495 2701 etiam
1516 2666 1595 2711 Vll,
1617 2665 1684 2705 43.

1152 2717 1208 2760 ἐπ’
1224 2721 1305 2760 ἔτεα
1321 2721 1358 2769 ἕξ
1371 2735 1410 2759 τε
1431 2720 1495 2759 καὶ
1521 2716 1752 2772 τριήκοντα]

1097 2779 1195 2814 citat
1216 2777 1309 2815 haec
1332 2776 1462 2815 Schol.
1485 2777 1532 2814 ad
1561 2775 1754 2828 Aristoph.

1098 2835 1126 2869 V
1132 2847 1209 2884 esp.
1249 2836 1343 2875 500.
1421 2836 1478 2870 De
1517 2835 1598 2884 ipso
1638 2846 1755 2884 argu-
