1897 3340
538 155 995 194 POLYMNIA
1054 157 1154 193 V11.
1388 166 1470 206 (373

0 239 8 290 i
45 261 141 309 153
294 261 361 314 Ἐς
405 263 452 308 δὲ
488 264 567 320 τὴν
605 265 812 320 Σικελίην
851 260 976 306 ἄλλοι
1004 279 1048 307 τε
1077 261 1264 307 απίκατο
1297 265 1471 323 ἄγγελοι
1527 272 1587 332 2¹¹¹}ss
1581 274 1752 333 ³52¹³¹¹
1705 285 1781 334 0χῦ

207 328 292 373 ἀπὸ
337 335 426 374 τῶν
469 331 721 389 συμμάχων,
760 332 1040 387 συμμίξοντες
1081 330 1271 375 Γέλωνι·
1311 335 1384 377 καὶ
1414 338 1587 400 δήῙΟὶἾξτιι
1578 341 1746 402 ἰξιῐ
1724 343 1782 380 ,Μ

205 469 347 517 λωνος
376 467 538 511 τούτου
565 464 797 523 πρόγονος,
831 466 1018 524 οἰκήτωρ
1050 466 1137 510 έων
1158 468 1308 523 Γέλης,
1337 462 1393 524 ἦν
1422 469 1469 513 ἐκ

205 532 344 588 νήσου
381 537 536 590 Τήλου,
564 538 641 590 τῆς
669 534 738 577 ἐπὶ
773 536 967 592 Τριοπίῳ
996 535 1218 592 κειμένης·
1258 534 1307 586 ὃς
1334 540 1469 589 κτιζο-

4 356 8 477 ἰ
178 398 284 441 Ξκαὶ
313 396 398 442 ἀπὸ
429 404 519 443 τῶν
540 399 899 454 Λακεδαιμονίων
927 398 1150 455 Σύαγρος.
1214 402 1306 443 Τοῦ
1324 401 1370 444 δὲ
1392 405 1469 446 Γέ·

4 492 8 566 !

4 579 8 666 ἰ
204 600 336 658 μένης
374 603 508 659 Γέλης
545 599 634 645 ὑπὸ
673 604 868 646 Λινδίων
906 619 951 647 τε
989 607 1078 647 τῶν
1114 602 1161 646 ἐκ
1194 600 1361 653 Ῥόδου,
1392 604 1468 649 καὶ

144 793 231 834 ster,
265 788 412 838 opinor,
442 787 591 826 cladem
606 788 733 838 illam,
755 787 803 826 de

145 855 221 895 qua
243 843 320 884 vid.
350 845 412 893 VI,
433 848 486 886 76
506 859 586 898 seq.

352 934 445 985 Cap.
468 935 599 971 omn.

201 1004 227 1050 οἷ
239 1027 268 1051 π
281 1011 390 1052 ι’κατ
404 1014 451 1062 ο]
474 1014 500 1051 i.
522 1027 555 1051 e.
577 1013 802 1052 advenerant.

142 1068 285 1118 Respui
306 1065 508 1118 ἀπικέατο,
558 1084 655 1122 quae
676 1072 802 1108 aoristi

142 1131 197 1161 est
217 1126 361 1173 forma3
392 1140 483 1163 nam
505 1122 673 1166 οἷπὶκατο
694 1129 802 1178 plus-

141 1183 473 1233 quamperfectum
486 1213 495 1231 ,
518 1192 667 1234 praeter
685 1185 800 1222 libros

138 1244 304 1276 vetustos
317 1269 326 1287 ,
356 1241 442 1277 satis
463 1247 589 1278 tuetur
615 1254 703 1278 usus
724 1243 800 1278 He-

138 1294 339 1343 rodomus,
379 1296 427 1332 de
454 1310 529 1348 quo
559 1297 633 1336 vid.
662 1298 798 1337 Matth.

139 1352 206 1388 Gr.
241 1353 307 1389 Gr.
337 1353 374 1398 ξ.
406 1353 499 1401 505,
531 1355 595 1391 IV.
642 1356 700 1391 De
720 1357 801 1406 ipsa

135 1407 261 1445 forma
282 1408 357 1447 vid.
380 1410 491 1446 allata
511 1410 560 1447 ad
601 1412 681 1459 Vll,
705 1415 799 1454 118.

139 1485 188 1492 -·
211 1464 274 1502 Ad
296 1467 555 1517 συμμίξοντες
576 1469 678 1505 conf.
699 1475 797 1506 nott.

137 1520 186 1558 ad
206 1521 434 1570 V1‚23.—
461 1523 524 1560 Ad
545 1520 727 1577 Σύαγρος
749 1526 798 1564 cf.

135 1576 278 1616 Athen.
277 1580 409 1644 pr.
431 1580 509 1621 401
534 1582 580 1620 D.

193 1630 368 1686 οἰκήτωρ
383 1634 461 1676 ἔων
480 1636 626 1688 Γέλης]
645 1639 702 1675 Ita
713 1646 799 1689 post

137 1690 394 1729 Schaeferum
445 1701 548 1731 recte
572 1694 793 1746 Schweigh.

137 1755 175 1785 et
205 1749 321 1786 Gaisf.
371 1749 498 1800 Vulgo
525 1749 697 1803 οἰκήτωρ
718 1751 795 1792 ὁέν

138 1803 253 1858 Γέλῃ,
285 1805 390 1857 quod
409 1807 669 1858 Wesselingio
690 1808 795 1845 idem

134 1860 344 1911 videbatur,
377 1876 456 1899 esse
488 1870 602 1915 atque
629 1867 795 1912 Γελῶος.

133 1919 350 1955 Articulum
389 1918 413 1959 ὁ
461 1918 578 1957 deleri
626 1922 798 1959 voluerat

132 1974 321 2014 Reiskius.
373 1976 568 2027 Equidem
588 1979 628 2014 iu
650 1977 797 2016 Sohae-

124 2031 204 2079 feri
242 2032 510 2070 emendatione
548 2036 796 2087 acquiescen-

134 2087 228 2126 dum
247 2096 354 2140 puto.

192 2144 235 2184 ἐκ
255 2142 383 2196 νήσου
408 2143 566 2197 Τήλου]
601 2146 704 2184 Telos
723 2144 797 2184 'in-

134 2202 216 2239 sula
237 2203 365 2252 exigui
394 2205 568 2252 ambitus,
590 2204 629 2240 in
652 2204 796 2255 Carpa-

132 2256 214 2295 thio
247 2270 353 2294 mare
381 2260 451 2295 sita
477 2273 595 2310 prope
614 2262 796 2313 Nisyrum

134 2327 157 2351 a
186 2313 346 2351 meridie
376 2313 516 2364 Triopiz·
543 2319 795 2366 promontorii

135 2370 203 2421 (de
225 2384 301 2423 quo
330 2369 408 2407 vid.
434 2378 530 2409 nott.
559 2371 608 2408 ad
638 2375 667 2421 Ι,
700 2374 793 2415 144.

136 2427 257 2476 174),
287 2434 484 2477 unguento
514 2428 669 2475 nobilis,
691 2429 794 2480 Spo-

133 2483 285 2521 radibus
317 2485 433 2534 vulgo
469 2491 702 2521 accensetur.
757 2487 794 2523 A

134 2539 369 2578 Callimacho
394 2541 603 2588 Agatlmssa
629 2542 796 2578 vocaba-

133 2602 220 2646 tur,
253 2604 347 2635 teste
374 2598 473 2635 Plin.
509 2599 557 2635 H.
579 2598 626 2633 N.
655 2598 718 2645 IV,
744 2600 795 2638 12

136 2650 225 2703 (23)
257 2655 295 2699 ξ.
318 2656 384 2694 69.
442 2655 554 2690 Nunc
584 2654 713 2691 vocari
734 2652 795 2690 di-

133 2716 226 2747 cunt
244 2710 454 2760 Epz‘scopz'a.
499 2711 605 2756 Quae
624 2723 794 2762 sequun-

133 2771 194 2803 tur
213 2768 328 2803 verba
343 2769 416 2817 τῆς
438 2765 504 2806 ἐπὶ
525 2767 699 2820 Τριοπίῳ
711 2780 794 2806 κει-

188 2824 412 2862 Henonor.
440 2824 508 2861 111.

860 787 1002 839 μένης,
1046 786 1430 839 Schweighaeuserus
1459 792 1523 828 in-

858 851 1104 896 terpretatur:
1164 850 1287 883 contra
1339 847 1374 884 Τ
1374 850 1524 899 rz'opz'um

858 904 944 939 sita.
1011 903 1143 938 Malim
1180 903 1385 955 equidem:
1433 918 1522 956 quae

852 970 962 1008 prope
1001 958 1184 1009 Trz'opz‘um
1221 963 1295 998 sita
1333 964 1396 1008 est,
1439 975 1520 999 non

857 1015 992 1066 procul
1020 1023 1181 1052 remota.

915 1068 958 1117 ὃς
986 1072 1215 1123 κτιζομένης
1240 1069 1518 1122 Γέλης-οὐκ

857 1126 1057 1179 ἐλείφθη]
1098 1130 1142 1165 In
1172 1127 1230 1165 his
1258 1123 1516 1180 Ἀντιφήμου

856 1197 960 1221 nunc
995 1192 1096 1221 recte
1137 1184 1282 1222 editum
1319 1199 1389 1236 pro
1425 1187 1517 1224 olim

856 1242 960 1291 vulg.
981 1237 1125 1281 Ἀντιο
1140 1237 1292 1291 φήμου.
1322 1244 1423 1279 Nam
1441 1244 1522 1281 An-
1546 1266 1550 1269 -

857 1298 1044 1348 tiphernum
1058 1306 1168 1335 vocat
1185 1300 1295 1334 illum
1314 1299 1351 1335 T
1354 1297 1520 1352 hucydi-

857 1354 922 1392 des
955 1356 1018 1402 VI,
1052 1354 1090 1394 4.
1121 1357 1286 1394 Pausan.
1319 1357 1417 1403 VIII,
1448 1359 1517 1398 46.

856 1409 986 1449 Schol.
997 1411 1152 1450 Pindar.
1166 1413 1224 1449 01.
1235 1414 1283 1460 ΙΙ,
1300 1411 1361 1452 14.
1374 1411 1519 1452 Athen.

855 1469 924 1506 VII
944 1482 982 1519 p.
1012 1470 1094 1509 297
1124 1470 1167 1505 F.
1199 1467 1332 1520 Steph.
1354 1471 1517 1522 Byzant-

854 1537 883 1564 ε.
903 1538 928 1562 v
963 1523 1061 1564 Γέλα
1075 1538 1163 1576 pag.
1176 1525 1281 1566 265:
1313 1528 1380 1578 qui
1401 1528 1517 1564 etiam

854 1588 942 1619 sunt
968 1582 1138 1632 primarii
1156 1583 1232 1619 loci
1252 1581 1299 1618 de
1318 1584 1399 1634 ipsa
1422 1584 1517 1621 Gela

855 1639 961 1675 urbe.
974 1660 1031 1665 —-
1051 1634 1127 1677 οὐκ
1148 1638 1318 1690 ἐλείφθη
1339 1653 1407 1690 per
1426 1641 1518 1677 lito-

854 1703 920 1732 ten
943 1694 1138 1747 quandam
1159 1697 1312 1746 accipe:
1343 1697 1515 1734 dominon

852 1752 997 1789 relictus
1016 1755 1087 1800 est,
1118 1752 1178 1789 sed
1206 1765 1280 1789 una
1311 1754 1425 1800 abitt,
1456 1767 1516 1790 as-

853 1812 987 1845 sumtus
1016 1812 1079 1845 est.
1137 1809 1266 1859 Atque
1299 1807 1404 1846 haud
1433 1811 1513 1847 scio

853 1878 902 1902 an
922 1864 980 1902 his
1001 1864 1142 1901 indicet
1161 1867 1297 1901 Noster
1323 1864 1516 1915 Antiphe-

852 1935 964 1958 mum
998 1921 1137 1958 ducem
1176 1923 1348 1958 coloniae
1386 1923 1513 1972 fuisse,

854 1991 971 2030 quem
1001 1977 1166 2014 eundem
1189 1991 1265 2015 una
1286 1992 1375 2015 cum
1399 1979 1514 2016 Euti-

851 2048 917 2072 mo
940 2035 1109 2072 Cretensi
1124 2036 1259 2071 Gelam
1271 2036 1425 2072 colonos
1438 2034 1513 2073 du-

851 2092 951 2129 xisse
981 2102 1081 2128 auno
1095 2092 1176 2132 690
1186 2105 1218 2130 a.
1233 2089 1321 2130 Chr.
1343 2106 1380 2130 u.
1403 2090 1510 2142 (sive,

852 2155 894 2185 ut
906 2149 985 2185 aliis
996 2149 1132 2199 placet,
1148 2148 1248 2199 677)
1260 2147 1512 2186 narratThu-

853 2204 1008 2256 cydides
1024 2206 1086 2251 VI,
1101 2203 1126 2244 4
1149 2206 1234 2241 coll.
1255 2206 1335 2252 VII,
1350 2207 1416 2246 57.
1437 2207 1511 2243 Re-

849 2262 956 2313 liqua
993 2260 1096 2298 dabit
1136 2261 1177 2298 C.
1206 2263 1269 2298 Fr.
1302 2264 1511 2304 Hermann.

852 2317 1004 2356 Griech.
1060 2317 1338 2359 Staatsalterth.
1380 2320 1418 2365 §.
1458 2320 1512 2361 85

849 2382 946 2415 nott.
978 2375 1004 2415 4
1038 2388 1118 2426 seq.
1177 2376 1271 2412 Gela
1291 2376 1380 2413 urbs
1410 2376 1514 2412 cele—

849 2432 1015 2468 berrima
1033 2432 1074 2467 in
1087 2432 1215 2468 Sicilia
1232 2433 1403 2469 orientali
1416 2445 1512 2468 con-

851 2486 928 2524 dita
950 2500 995 2524 eo
1015 2488 1114 2535 loco,
1138 2490 1203 2539 qui
1223 2502 1339 2535 nuuc,
1362 2495 1403 2525 ut
1419 2501 1510 2524 nar-

851 2549 948 2590 rant,
968 2551 1126 2580 vocatur
1145 2545 1259 2582 Terra
1271 2557 1396 2591 nuova,
1420 2556 1510 2580 cum

850 2598 986 2636 fluvius
1006 2602 1286 2650 praeterlabens
1315 2613 1417 2636 nunc
1439 2612 1509 2649 ap-

849 2656 1012 2706 pelletur
1039 2655 1162 2695 Fiume
1192 2657 1233 2695 cli
1259 2662 1354 2693 terra
1381 2667 1508 2692 nuova.

849 2713 907 2748 De
928 2713 1045 2749 Gelae
1067 2715 1141 2751 situ
1163 2721 1276 2764 atque
1296 2713 1380 2748 satis
1400 2712 1509 2761 plura

849 2766 1087 2820 disputarunt
1117 2771 1252 2819 Poppo
1285 2765 1508 2819 Thucydid.
