1897 3340
260 912 325 956 38

54 974 250 1011 Aristagoras
260 985 327 1004 cum

54 1010 234 1046 popularem
248 1010 294 1036 10-

53 1043 140 1071 nibus
166 1047 279 1071 statum

53 1076 279 1112 *indicavisseu

52 1110 196 1146 Spartam
217 1118 326 1146 suppe-

52 1144 111 1171 tias
132 1149 293 1179 rogaturus

54 1178 262 1214 proficiscitur.

396 195 454 236 58
794 194 1247 232 ιιΕΒοοοΤι

338 299 339 302 '
397 300 559 352 ἄλλους
589 299 799 355 συχνούς·
839 300 953 344 οὕτω
985 299 1038 356 δὴ
1068 301 1114 344 ἐκ
1141 306 1224 346 τοῦ
1253 302 1469 358 ἐμφανέος
1499 302 1702 359 ὁἈρι-7ο

395 368 607 423 σταγόρης
637 367 886 422 ἀπεστήκεε,
907 371 996 411 πᾶν
1027 368 1096 412 ἐπὶ
1124 374 1297 430 Δαρείῳ
1325 369 1644 426 μηχανώμενος.

365 436 483 478 ΞΚαὶ
511 439 663 489 πρῶτα
692 433 770 487 μὲν
799 432 913 489 λόγῳ
943 436 1080 490 μετεὶς
1107 436 1188 492 τήν
1215 440 1475 490 τυραννίὸα,
1507 439 1648 481 ἰσονο-

392 505 495 558 μίην
533 501 669 546 ἐποίεε
709 504 763 556 τῇ
801 501 1005 561 Μιλήτῳ,
1044 503 1103 554 ὦς
1143 503 1198 548 ἂν
1246 504 1414 555 ἑκόντες
1446 504 1565 562 αὐτῷ
1603 507 1646 548 οἱ

365 570 608 625 3Μιλήσιοι
639 571 998 613 συναπισταίατο”
1035 572 1140 626 μετὰ
1180 572 1225 614 δὲ
1265 573 1337 614 καὶ
1375 572 1421 615 ἐν
1454 577 1506 629 τῇ
1537 572 1645 630 ἄλλῃ

389 637 527 693 Ἰωνίῃ
556 635 697 680 τώυτὸ
729 641 859 680 τοῦτο
889 637 1041 689 ἐποίεε,
1072 638 1176 690 τούς
1192 639 1269 695 μὲν
1291 638 1530 690 ἐξελαύνων
1559 644 1702 683 τῶν75

390 697 632 759 τυράννωτῖ,
666 704 772 756 τούς
802 704 846 749 δ’
878 706 1000 762 ἔλαβε
1029 706 1271 758 τυράννους
1299 704 1384 749 άπὸ
1416 710 1505 748 τῶν
1532 711 1645 750 νεῶν

388 777 477 815 τῶν
492 773 857 827 συμπλευσασέων
878 774 945 831 ἐπὶ
961 774 1123 826 Νάξον,
1144 773 1330 824 τούτους
1352 773 1398 816 δὲ
1419 776 1525 829 φίλα
1540 777 1643 829 βου.

388 838 569 894 λόμενος
591 839 816 883 ποιέεσθαι
844 845 941 898 τῇσι
961 841 1106 885 πόλισι
1126 842 1330 894 ἐξεδίδου,
1357 839 1488 883 ἄλλον
1508 841 1551 892 ἐς
1573 839 1645 884 ἄλ-

384 912 465 963 λην
484 906 612 950 πόλιν
632 909 923 962 παραδιδοὺς,
954 909 1061 954 ὅθεν
1081 912 1145 966 εἰἠ
1166 909 1355 958 ἕκαστος.
1414 907 1549 964 Κώην
1565 908 1645 962 μέν

385 992 470 1019 νυν
497 978 813 1031 Μυτιληναῖοι,
842 977 935 1020 ἐπεί
961 995 1006 1022 τε
1034 976 1210 1034 τάχιστα
1236 974 1508 1030 παρέλαβον,
1555 975 1703 1028 ἐξα-80

386 1042 592 1099 φαγόντες
612 1044 894 1095 κατέλευσαν,
924 1048 1119 1102 Κυμαῖοι
1149 1045 1194 1089 δὲ
1223 1044 1302 1088 τόν
1332 1043 1546 1099 σφέτερον
1567 1041 1644 1086 αὐ-

385 1115 473 1154 τῶν
502 1109 698 1166 άπῆκαν·
745 1110 805 1163 ὥς
833 1113 879 1156 δὲ
907 1113 981 1156 καὶ
1010 1111 1134 1157 ἄλλοι
1163 1114 1208 1156 οἷ
1236 1116 1416 1162 πλεῦνες
1447 1109 1643 1154 ἀπίεσαν.

385 1178 617 1235 τυράννων
645 1178 725 1234 μέν
750 1196 837 1223 νυν
866 1178 1133 1231 κατάπαυσις
1157 1179 1322 1236 ἐγένετο
1353 1177 1436 1222 άνά
1463 1177 1540 1228 τὰς
1567 1176 1642 1221 πό-

354 1251 493 1298 Ξλιας.
548 1244 851 1303 Ἀρισταγόρης
881 1248 926 1291 δὲ
955 1246 978 1291 ὁ
1010 1246 1229 1304 Μιλήσιος
1269 1245 1328 1297 ὥς
1356 1244 1461 1296 τούς
1488 1244 1643 1300 τυράν-

381 1331 489 1364 νους
512 1313 772 1364 κατέπαυσε,
803 1315 1071 1372 στρατηγοὺς
1100 1316 1147 1358 έν
1178 1313 1333 1369 ἑκάστῃ
1363 1317 1452 1356 τῶν
1480 1315 1697 1356 πολίων85

361 1381 585 1432 κελεύσας
627 1380 835 1433 ἑκάστους
873 1386 1158 1439 καταστῆσαι,
1211 1380 1388 1435 δεύτερα
1426 1379 1558 1432 αὐτὸς
1599 1380 1641 1431 ἐς

326 1549 600 1603 Μυτιλήνην
629 1553 758 1604 scripsi
783 1565 852 1603 pro
883 1554 980 1591 Μι-

324 1605 530 1659 τυλήνην,
552 1615 593 1645 ut
612 1609 656 1656 V,
682 1612 744 1656 11,
766 1611 831 1645 ubi
851 1607 952 1648 vide.

380 1665 424 1704 ἐκ
445 1667 516 1703 τοῦ
542 1664 760 1714 ἐμφανέος]
792 1666 849 1701 De
871 1666 980 1701 locu-

322 1722 425 1757 tione
447 1721 547 1760 conf.
560 1720 694 1757 Matth.
716 1723 781 1758 Gr.
804 1723 869 1758 Gr.
890 1734 977 1771 pag.

327 1777 445 1817 1134.
520 1776 582 1814 Ad
629 1778 860 1814 locutionem
896 1779 980 1815 πᾶν

322 1831 387 1871 ἐπὶ
409 1834 564 1886 Δαρείῳ
590 1830 873 1884 μηχανώμενος
890 1847 978 1883 per-

324 1891 466 1936 iment,
507 1903 604 1942 quae
632 1889 681 1926 ad
711 1891 777 1937 1V,
809 1892 875 1930 80.
900 1888 978 1930 154

323 1945 524 1997 adscripsi3
579 1945 627 1982 ad
669 1959 805 1983 vocem
845 1945 976 1984 ἰσονο-

322 2003 418 2053 μίην
439 2009 534 2039 nott.
560 2002 607 2038 ad
627 2004 692 2049 ΙΙΙ,
713 2006 781 2043 80.
806 2001 896 2042 142.
932 2004 976 2038 In

321 2058 449 2095 dativo
470 2061 518 2112 τῇ
541 2055 711 2111 Μιλήτῳ
734 2072 811 2095 nou
836 2057 974 2094 haereo

322 2114 524 2167 equidem,
555 2129 644 2151 cum
663 2129 792 2151 sensus
813 2117 881 2151 sit:
919 2117 976 2152 in-

319 2174 439 2208 stituit
463 2186 492 2207 s.
524 2173 702 2210 constituit
724 2170 862 2218 Mileto,
893 2172 918 2208 i.
940 2184 973 2208 e.

321 2227 447 2265 Mileti
486 2229 639 2276 civibus,
670 2227 912 2265 democratiam
945 2240 974 2264 s.

316 2285 484 2334 populare
503 2286 694 2335 imperium.
723 2306 779 2311 —
836 2286 878 2320 ln
900 2284 975 2319 sine

320 2342 449 2391 capitis
481 2340 528 2377 ad
556 2343 670 2378 verba
689 2337 781 2386 τούς
804 2337 836 2378 δ’
861 2340 974 2389 ἔλαβε

319 2394 539 2447 τυράννους
559 2413 595 2436 κ.
612 2413 642 2435 τ.
662 2399 696 2434 λ.
722 2397 822 2433 conf.
840 2396 973 2433 Manli.

321 2455 386 2490 Gr.
409 2455 473 2490 Gr.
497 2455 533 2498 ξ.
557 2457 636 2495 292
656 2466 742 2503 pag.
765 2454 846 2494 585
870 2460 905 2489 et
926 2453 972 2488 ml

319 2511 552 2547 locutionem
584 2510 680 2559 φίλα
697 2510 906 2548 ποιέεσθαι
925 2511 972 2558 ΙΙ,

322 2567 413 2608 152.

487 2656 804 2707 oap.xxxvm.

376 2730 631 2787 ἐξαγαγόντες
656 2733 914 2783 κατέλευσαν]
948 2737 971 2771 ἰ.

319 2806 353 2829 ι».
383 2791 447 2829 Ex
476 2793 558 2830 urbe
594 2793 754 2830 eductum
797 2792 972 2844 lapidibus

1035 1552 1234 1590 obruerunt.
1280 1553 1400 1588 Plane
1421 1550 1557 1589 eodem
1576 1550 1695 1588 modo

1034 1610 1169 1645 Noster
1203 1610 1350 1645 locutus
1382 1615 1435 1645 est
1454 1611 1484 1656 I,
1509 1611 1600 1649 167.
1649 1609 1694 1644 Iu

1035 1678 1141 1716 seqq.
1163 1664 1211 1701 ad
1240 1666 1353 1702 verba
1375 1661 1439 1710 ὥς
1473 1662 1527 1703 δὲ
1555 1663 1622 1703 καὶ
1643 1664 1693 1701 cf.

1035 1722 1080 1768 V,
1110 1724 1163 1762 30
1207 1728 1244 1757 et
1271 1720 1320 1757 ad
1351 1721 1466 1758 verba
1497 1717 1609 1759 ἄλλοι
1652 1720 1697 1759 οἷ

1035 1780 1203 1823 πλεῦνες
1224 1776 1359 1814 Matth.
1381 1778 1447 1813 Gr.
1465 1778 1530 1813 Gr.
1554 1778 1590 1822 ξ.
1607 1779 1691 1817 266

1033 1846 1121 1884 pag.
1138 1834 1232 1875 549.
1263 1833 1374 1879 Quod
1393 1831 1692 1870 nonnullicodd.

1034 1897 1117 1940 post
1130 1893 1294 1938 πλεῦνες
1307 1889 1453 1926 addunt
1473 1886 1620 1937 αὐτῶν,
1643 1901 1689 1926 eo

1034 1948 1099 1982 vix
1130 1960 1246 1996 opus,
1295 1960 1385 1983 cum
1405 1947 1505 1983 facili
1535 1947 1691 1997 negotio

1033 2002 1126 2038 illud
1158 2016 1205 2038 ex
1234 2005 1408 2053 proxime
1429 2002 1691 2040 antecedenti-

1033 2060 1101 2095 bus
1112 2056 1203 2104 τούς
1216 2059 1427 2108 σφετέρους
1453 2056 1585 2098 αὐτῶν
1597 2072 1691 2109 sup-

1033 2116 1125 2165 pleri
1148 2123 1272 2166 queat.
1333 2116 1457 2154 Simili
1476 2115 1592 2160 modo,
1624 2117 1688 2162 ait,

1032 2172 1100 2209 alii
1124 2173 1283 2222 plerique
1318 2186 1398 2209 suos
1431 2178 1599 2223 tyrannos
1632 2172 1689 2209 di-

1031 2231 1209 2265 miserunt.
1246 2230 1324 2265 Nec
1344 2232 1465 2280 magis
1485 2242 1579 2279 opus
1599 2241 1688 2265 cum

1030 2287 1109 2321 viro
1141 2284 1250 2321 docto
1279 2286 1404 2335 legere
1444 2285 1485 2324 οἱ
1520 2287 1687 2331 πλεῦνες

1032 2338 1161 2379 αὐτῶν
1174 2336 1416 2391 οἷπήεσαν,εο
1430 2343 1548 2378 ferme
1558 2353 1683 2378 sensu:

1024 2399 1182 2448 plerique
1198 2411 1312 2435 eorum
1329 2400 1575 2449 (tyrannorum
1585 2397 1685 2445 scil.)

1029 2454 1266 2491 discesserunt.
1305 2476 1361 2481 —
1422 2454 1484 2491 Ad
1522 2455 1683 2491 verbum

1029 2508 1271 2549 καταπαύειν
1297 2512 1398 2548 cons.
1429 2517 1527 2547 nott.
1558 2509 1605 2546 ad
1635 2511 1682 2557 11,

1034 2566 1126 2607 144.

1086 2619 1324 2673 στρατηγούς
1356 2622 1398 2662 ἐν
1431 2617 1574 2675 ἑκάστῃ
1604 2624 1683 2661 τῶν

1028 2679 1179 2717 πολίων
1189 2699 1242 2707 --
1253 2680 1508 2729 καταστῆσαι]
1525 2692 1683 2729 στρατη-

1028 2733 1124 2787 γούς
1153 2749 1228 2772 non
1251 2734 1364 2772 duces
1384 2737 1578 2788 copiarum
1595 2743 1683 2773 tau-

1028 2800 1111 2829 tum
1142 2791 1202 2829 hic
1234 2793 1423 2843 intelligo,
1462 2792 1529 2830 sed
1555 2794 1681 2844 magi-
