1897 3340
11 1106 122 1159 105

438 258 1102 301 TERPSICHORE.
1163 258 1208 294 V.

1376 257 1460 296 20¹.)

192 390 274 430 ρον
302 373 381 418 τὸν
414 375 457 416 Γ
453 371 588 426 όργον
616 367 915 424 παρηγορέετο
959 365 1227 410 ἀπίστασθαι
1258 363 1344 409 άπό
1386 367 1461 421 βα-

192 441 355 492 σιλέος·
395 440 490 483 τότε
521 436 581 488 δ’,
629 435 687 487 ὡς
727 436 798 480 καὶ
827 434 932 486 τούς
952 433 1108 485 Ἴωνας
1147 433 1334 477 ἐπύθετο
1365 432 1463 477 άπε-

193 508 363 562 στάναι,
393 507 534 563 πάγχυ
565 505 836 559 ἐπικείμενος
865 503 1004 560 ἐνῆγε,
1036 500 1096 553 ὠς
1127 501 1173 545 δὲ
1202 501 1285 546 οὐκ
1316 501 1488 546 ἔπειθει

191 576 270 621 τόν
306 578 348 619 Γ
345 574 507 631 όργον,
557 571 751 618 ἐνθαῦτά
788 588 865 627 μιν
906 569 1103 627 φυλάξας
1145 569 1374 623 ἐξελθόντα
1414 569 1463 614 τὰ

190 643 300 691 ἄστυ
320 642 370 686 τὸ
402 643 690 698 Σαλαμινίων
721 638 745 683 ὁ
769 637 1011 697 Ὀνήσιλος,
1042 637 1131 694 ἅμα
1151 643 1266 682 τοῖσι
1296 637 1465 682 ἑωυτοῦ

160 709 476 768 δστασιώτῃσι,
519 707 752 765 άπεκλήϊσε
800 713 888 752 τῶν
928 707 1114 751 πυλέων.
1173 705 1346 762 Γόργος
1385 706 1466 762 μὲν

190 780 242 835 δή
276 778 500 835 στερηθεὶς
530 781 606 834 τῆς
635 775 812 828 πόλιος,
843 777 999 833 ἔφευγε
1029 775 1071 826 ἐς
1097 774 1308 831 Μήδους·
1334 772 1491 830 Ὀνή-5

189 850 308 897 σιλος
337 846 383 890 δὲ
411 841 513 902 ἦρχε
543 849 807 899 Σαλαμῖνος,
836 844 910 887 καὶ
940 844 1141 888 ἀνέπειθε
1170 841 1339 893 πάντας
1369 845 1463 886 Κυ-

122 904 350 969 ’4πρίους
394 915 756 957 συναπίστασθαι.
819 911 925 964 τούς
964 913 1042 967 μὲν
1085 910 1136 967 δὴ
1180 909 1340 962 ἄλλους
1371 909 1466 953 άνέ-

190 993 331 1026 πεισε·
370 980 696 1036 Ἀμαθουσίους
727 980 796 1034 δὲ,
836 979 890 1025 ού
920 980 1219 1036 βουλομένους
1250 980 1295 1024 οἱ
1322 980 1465 1022 πείθε-

191 1055 321 1102 σθαι,
353 1048 603 1104 ἐπολιόρκεε
633 1049 1000 1105 προσκατήμενος.

279 1116 504 1173 Ὀνήσιλος
534 1117 614 1171 μέν
644 1133 728 1161 νυν
767 1116 1017 1172 ἐπολιόρκεε
1045 1114 1335 1172 Ἀμαθοῦντα.
1388 1116 1465 1171 βα·
1478 1120 1520 1153 10

189 1185 298 1230 σιλέῑ
327 1187 373 1229 δὲ
403 1186 578 1242 Δαρείῳ
610 1184 668 1236 ὥς
700 1184 935 1242 ἐξαγγέλθη
966 1183 1137 1239 Σάρδις
1166 1181 1364 1234 ἁλούσας
1396 1183 1464 1239 ἐμ-

188 1258 444 1310 πεπρῆσθαι
483 1251 574 1295 ὑπό
610 1269 655 1296 τε
693 1252 940 1309 Ἀθηναίων
979 1254 1053 1296 καὶ
1090 1250 1265 1305 Ἰώνων,
1308 1250 1389 1295 τόν
1419 1250 1467 1295 δὲ

190 1322 383 1379 ἡγεμόνα
407 1320 616 1376 γενέσθαι
645 1323 724 1376 τῆς
754 1324 994 1376 συλλογῆς,
1026 1318 1138 1363 ὥστε
1167 1323 1306 1363 ταῦτα
1337 1330 1466 1363 συνυ·

191 1392 440 1446 φανθῆναι,
470 1387 549 1432 τόν
578 1388 801 1445 ιΜιλήσιον
826 1386 1162 1445 Ἀρισταγόρην·
1195 1391 1350 1441 πρῶτα
1386 1387 1467 1443 μὲν

191 1457 359 1513 λέγεται
401 1454 560 1511 αὐτὸν,
600 1456 659 1509 ὠς
698 1455 886 1501 ἐπύθετο
908 1460 1066 1510 ταῦτα,
1100 1454 1263 1500 Ἰώνων
1302 1453 1466 1500 οὐδένα

192 1525 329 1581 λόγον
357 1524 680 1582 ποιησάμενον,
720 1520 769 1568 εὖ
800 1523 947 1568 εἰδότα
979 1523 1037 1575 ὠς
1068 1519 1193 1568 οὗτοί
1221 1540 1270 1581 γε
1301 1523 1357 1567 οὐ
1387 1541 1462 1568 κα·
1480 1530 1523 1564 15

192 1594 502 1649 ταπροΐξονται
540 1592 828 1644 ἀποστάντες,

871 1594 1069 1646 εἴρεσθαι
1108 1594 1268 1644 οἵτινες
1308 1590 1394 1636 εἶεν
1425 1593 1469 1635 οἱ

187 1660 434 1718 Ἀθηναῖοι·
477 1662 582 1717 μετὰ
613 1662 682 1715 ote,
723 1659 1002 1716 πυθόμενον,
1043 1662 1216 1717 αἰτῆσαι
1243 1659 1293 1704 τό
1324 1659 1467 1714 τόξον,

191 1728 386 1785 λαβόντα
424 1728 471 1772 δὲ
500 1729 574 1773 καὶ
603 1729 809 1774 ἐπιθέντα
838 1727 1009 1783 ὀϊστὸν,
1040 1727 1133 1774 ἄνω
1160 1729 1203 1782 ἐς
1231 1728 1310 1773 τόν
1340 1726 1469 1784 οὐρα-

190 1796 272 1841 νόν
302 1796 497 1852 άπεῖναι,
529 1799 605 1842 καί
633 1815 709 1854 μιν
739 1797 783 1848 ἐς
810 1796 890 1841 τὸν
919 1796 1028 1853 ἠέρα
1060 1797 1281 1855 βάλλοντα
1310 1797 1465 1841 εἰπεῖν·

195 1968 422 2025 ἐπολιόρκεε
441 1969 799 2026 προσκατήμενος]

136 2029 348 2078 „Assidebat
377 2031 676 2081 oppugnabatque
705 2031 803 2080 oppi-

137 2087 231 2136 dum,
262 2087 406 2124 Gellius
426 2089 473 2124 N.
494 2088 544 2125 A.
565 2088 653 2132 VII,
677 2089 714 2126 1.
744 2087 802 2122 De

135 2143 365 2191 obsidione‚ut
378 2144 539 2182 adsidere
548 2145 671 2192 Livio,
681 2144 804 2180 Grae-

135 2201 187 2237 cis
216 2199 420 2238 adhibetur
449 2196 564 2242 πόλει
593 2202 655 2239 vel
684 2195 800 2240 πόλιν

134 2260 462 2309 προσκαθῆσθαι.
522 2259 661 2309 Attigit
680 2258 801 2295 Wes‘-

135 2315 269 2365 seling.
301 2313 350 2351 ad
370 2313 486 2357 Diod,
507 2317 524 2351 I
544 2329 583 2367 p.
616 2315 700 2356 502
723 2312 801 2362 [ad

135 2371 223 2418 XII,
245 2373 312 2411 37.
333 2373 406 2421 72]
421 2371 686 2409 Herodoteum
703 2369 801 2408 illud

138 2427 194 2465 bis
214 2433 318 2465 terve
340 2426 444 2466 dedit
468 2431 632 2467 Pausan.
654 2430 672 2465 I
692 2442 731 2478 p.
746 2431 800 2469 30

142 2484 264 2531 [12§.
288 2483 333 2532 5]
364 2486 434 2522 VII
454 2499 494 2537 p-
515 2486 597 2528 558
611 2485 682 2535 [15
700 2486 737 2530 ξ·
754 2484 800 2532 2]

142 2546 178 2575 et
206 2540 293 2576 VIII
323 2554 362 2591 p.
383 2544 475 2590 681,
496 2546 523 2583 2
554 2543 639 2591 [39,
666 2544 705 2589 2,
736 2541 804 2577 ubi

143 2594 242 2632 conf.
271 2596 430 2635 Siebelis
459 2611 548 2650 pag.
579 2599 686 2646 323]
716 2597 804 2635 coll·

143 2649 322 2704 Thucyd.
361 2656 394 2703 1,
427 2656 525 2696 11.“
583 2653 803 2692 Valcken.

381 2755 473 2807 Cap.
494 2755 573 2794 CV.

202 2820 257 2869 αῖς
288 2815 399 2861 οὗτοί
431 2837 475 2874 γε
508 2818 558 2862 οὐ
586 2822 806 2873 καταπροΐ-

145 2880 279 2927 ξονται
294 2873 552 2927 άποστάντες]
584 2881 607 2917 i.
627 2893 660 2916 e.
683 2881 807 2930 quippe

204 2937 426 2972 Hfflzono'r.
447 2936 514 2971 III.

861 1985 945 2022 quos
967 1972 1048 2010 bene
1065 1976 1210 2010 noverat
1231 1985 1299 2010 non
1317 1974 1455 2023 impune
1469 1972 1525 2010 la-

860 2034 958 2067 turos
998 2030 1090 2080 quod
1126 2028 1341 2080 defecissent.
1412 2028 1525 2067 Conf.

858 2085 997 2123 Matth.
1027 2087 1094 2124 Gr.
1125 2088 1192 2124 Gr.
1221 2099 1312 2138 pag.
1345 2088 1453 2129 1088
1489 2093 1526 2123 et

860 2150 958 2180 nott.
982 2142 1030 2180 ad
1049 2145 1114 2192 ΠΙ,
1137 2147 1204 2184 36.
1261 2145 1320 2180 De
1341 2156 1450 2181 arcus
1473 2144 1527 2180 si-

857 2200 1104 2251 gnificatione
1134 2199 1327 2253 quaedam
1362 2199 1443 2237 dixi
1477 2199 1526 2237 ad

857 2259 924 2306 111,
941 2259 1010 2298 21.

915 2369 956 2417 ἐς
975 2366 1047 2410 τὸν
1063 2364 1255 2421 ου’ρανὸν]
1272 2371 1331 2408 lta
1346 2369 1433 2407 libri
1440 2370 1526 2421 ple-

857 2428 967 2480 rique
997 2439 1089 2463 cum
1107 2426 1282 2466 Eustath.
1305 2426 1354 2464 ad
1373 2427 1419 2463 11.
1436 2439 1526 2477 pag.

859 2483 954 2532 248,
987 2483 1039 2524 34
1069 2497 1098 2521 S.
1125 2486 1216 2533 188,
1234 2485 1301 2524 29.
1330 2484 1410 2521 Alii
1428 2481 1530 2536 πρὸς
1590 2531 1595 2535 ,

859 2537 932 2580 τόν
968 2536 1161 2591 ου’ρανόν.
1228 2541 1363 2578 Persas
1397 2540 1528 2579 coelum

863 2596 1038 2634 adorasse
1078 2604 1121 2634 ut
1165 2597 1331 2635 Graecos
1379 2599 1528 2644 Iovem,

860 2653 1047 2693 Valcken.
1065 2655 1217 2691 monuit
1229 2684 1239 2701 ‚
1262 2656 1380 2691 citans
1401 2655 1530 2690 Hero-

862 2707 990 2759 dot.'l‚
1017 2713 1108 2751 131.
1125 2733 1181 2738 —
1211 2711 1307 2748 Mox
1326 2725 1346 2747 e
1367 2712 1530 2747 Floren-

861 2768 940 2804 tino
975 2780 1065 2803 cum
1104 2774 1265 2804 recentt.
1306 2766 1395 2804 dedi
1435 2761 1529 2815 βάλ-

861 2826 980 2862 λοντα
994 2836 1064 2874 pro
1077 2824 1181 2873 vulg.
1204 2820 1379 2874 βαλόντα
1392 2852 1401 2868 ,
1424 2819 1528 2874 quod

862 2878 1058 2916 Schaefer.
1079 2880 1213 2915 tenuit.

1200 2934 1246 2973 14

1524 1111 1636 1139 Darius
1656 1110 1695 1138 ob
1713 1109 1784 1138 Sar-

1524 1146 1579 1173 des
1594 1145 1802 1179 conflagratas

1524 1179 1763 1207 Atheniensibus

1523 1213 1716 1242 iratissimus.
