1897 3340
133 483 165 527 7
230 499 275 527 τε
304 481 376 526 καὶ
405 480 652 537 Αἰγύπτιοι.

646 167 949 206 ERATO.
1007 168 1082 206 Vl.

1414 173 1499 214 235

233 281 331 335 περὶ
364 278 598 328 ἐλάσσονος
626 275 933 333 ποιησάμενοι·
970 279 1053 320 τοῦ
1082 275 1129 319 δὲ
1157 281 1372 320 ναυτικοῦ
1395 280 1497 322 Φοί-

231 365 348 399 νικες
377 347 456 402 μὲν
491 341 600 401 ἦσαν
628 342 984 398 προθυμότατοι,
1026 344 1423 398 συνεστρατεύοντο
1453 346 1499 390 δὲ

231 416 305 459 καὶ
345 412 558 467 Κύπριοι,
597 412 751 456 νεωστὶ
789 412 1170 468 κατεστραμμένοι,
1209 413 1283 456 καὶ
1323 413 1498 465 Κίλικές

1556 524 1618 550 vali
1645 525 1826 553 decernere·

229 549 307 606 τὴν
337 548 471 605 ἄλλην
497 546 666 604 Ἰωνίην
693 547 967 604 ἐστράτευον.
1013 546 1160 599 Ἴωνες
1189 548 1247 600 δὲ,
1270 548 1498 593 πυνθανό-
1509 558 1736 592 70statucnte⁸‚

229 632 354 673 μενοι
382 618 542 668 ταῦτα,
574 615 764 671 ἔπεμπον
791 615 1073 672 προβούλους
1101 616 1250 673 σφέων
1278 617 1425 661 αὐτῶν
1454 619 1497 670 ἐς

199 683 502 729 2Πανιώνιον.
543 682 846 739 ἀπικομένοισι
870 685 915 728 δὲ
944 683 1140 728 τούτοισι
1169 684 1211 736 ἐς
1239 689 1399 729 τοῦτον
1416 685 1497 729 τόν

229 754 372 809 χῶρον
401 752 474 795 καὶ
505 751 888 808 βουλευομένοισι,
928 753 1049 804 ἔδοξε
1085 752 1216 806 πεζὸν
1252 752 1330 808 μὲν
1368 766 1496 808 στρα-

225 817 306 863 τὸν
342 817 401 875 μή
441 819 660 876 συλλέγειν
701 819 905 874 ἀντίξοον
935 821 1153 878 Πέρσῃσι,
1197 818 1307 864 ἄλλα
1334 821 1388 864 τοὶ
1417 823 1496 865 τεί-

223 902 300 944 χεα
338 887 525 942 ῥύεσθαι
574 887 736 941 αὐτοὺς
777 890 1046 946 Μιλησίους·
1104 887 1154 933 τό
1197 888 1244 933 δὲ
1282 890 1493 935 ναυτικὸν
1506 896 1550 931 75

227 1084 413 1134 Φοίνικες
436 1083 509 1137 μὲν
539 1080 644 1136 ἦσαν
673 1090 830 1139 προθυ-

168 1138 354 1194 μότατοι]
406 1142 618 1181 Phoenices
651 1145 830 1181 novimus

168 1201 274 1236 omni
283 1199 361 1236 fere
374 1207 496 1237 aetate
509 1200 662 1238 Graecis
673 1207 709 1238 et
718 1213 782 1252 pra
788 1214 830 1236 e-

167 1257 297 1294 sertim
307 1257 460 1294 Ionibus
471 1258 748 1295 inimicissimos
761 1270 832 1293 ex-

168 1314 323 1362 stitisse3
353 1315 487 1365 procul
513 1313 628 1351 dubio
651 1316 699 1352 ob
725 1327 832 1351 mer-

169 1376 352 1418 caturam,
380 1372 421 1407 in
442 1384 518 1423 qua
534 1378 633 1408 certe
650 1373 701 1408 ita
712 1384 826 1422 prae-

168 1428 337 1464 stiterant
365 1428 497 1476 Iones,
536 1435 579 1465 ut
612 1427 826 1465 Phoenices

167 1482 246 1520 fere
266 1497 458 1535 superasse
486 1484 718 1524 viderentur.
747 1486 827 1521 Ita-

169 1552 243 1591 que
253 1541 308 1577 nil
317 1542 459 1577 mirum
473 1539 685 1579 Phoenices
697 1543 825 1578 animo

164 1598 419 1648 promtissimo
430 1596 525 1636 haec
543 1599 673 1635 onmia
681 1598 826 1644 fecisse,

167 1654 303 1705 quibus
331 1656 472 1691 Ionum
505 1667 596 1706 opes
614 1656 738 1692 minui
757 1654 829 1692 ad—

166 1723 289 1762 eoque
343 1713 460 1750 everti
498 1725 627 1763 posse,
677 1725 828 1764 sperare

166 1774 356 1818 poterant.

399 1847 494 1900 cap.
513 1847 598 1885 VH.

221 1931 486 1989 ἐστράτευον]
527 1937 711 1975 Nonnulli
729 1937 825 1986 {libri

164 1989 468 2046 ἐστρατεύοντο,
500 1992 547 2032 de
568 2007 645 2047 quo
666 1995 766 2033 conf.
794 1997 824 2043 Ι,

164 2052 232 2091 77-
275 2050 371 2092 204.
427 2052 523 2089 Mox
562 2049 697 2092 αὐτῶν
735 2051 825 2089 dedi

163 2119 233 2158 pro
264 2102 430 2149 αὐτέων.
473 2108 656 2146 observat
693 2116 824 2146 autem

165 2162 475 2216 Schweighaeus.
497 2166 536 2202 in
549 2166 682 2207 Lexic.
698 2168 825 2204 Hero-

165 2219 243 2260 dot.
264 2234 295 2259 s.
314 2235 351 2261 v.
363 2218 602 2275 πρόβουλος,
623 2221 663 2260 h.
677 2223 703 2262 l.
726 2221 826 2274 σφέ-

165 2291 222 2317 ων
263 2274 397 2319 αὐτῶν
439 2292 519 2317 non
539 2287 620 2317 tam
643 2293 712 2330 pro
740 2282 827 2332 ipsis

164 2346 282 2386 quam
303 2336 346 2374 de
370 2348 434 2373 suo
454 2349 594 2375 numero
612 2336 826 2388 significare

163 2390 297 2428 videri.
354 2391 417 2429 Ad
437 2406 544 2446 seqq.
573 2394 625 2431 ita
658 2393 826 2432 Wesse-

164 2446 230 2485 lin
242 2459 300 2497 g.:
330 2444 547 2501 πρόβουλοι
579 2458 669 2488 sunt
701 2451 826 2501 legati,

167 2503 219 2540 ad
229 2517 403 2543 commune
421 2504 547 2544 Ionum
564 2507 606 2545 de
623 2510 744 2556 gentis
763 2523 824 2546 sa-

167 2559 240 2597 lute
258 2562 453 2600 consultum
470 2565 588 2611 missi,
620 2571 661 2601 ut
680 2566 710 2611 1,
730 2568 822 2607 170.

167 2616 283 2655 Tales
311 2615 533 2671 πρόβουλοι
551 2622 622 2670 τῆς
635 2618 823 2668 Ἑλλάδος

167 2672 280 2710 simili
298 2687 409 2712 causa
430 2675 479 2713 ad
503 2674 693 2713 Isthmum
719 2679 823 2716 missi

169 2727 250 2775 VII,
274 2731 391 2772 172.“
429 2731 532 2770 Add.
551 2731 821 2772 Waohsmuth.

170 2785 267 2823 Heu.
288 2786 446 2825 Alterth.
479 2791 509 2836 Ι,
548 2792 567 2830 1
601 2802 691 2841 pag.
732 2794 825 2839 113,

886 1086 954 1139 qui
990 1086 1232 1138 potissimum
1260 1086 1423 1124 conferri
1469 1088 1551 1125 vult

885 1144 1040 1182 Aristot.
1054 1145 1169 1181 Polit.
1184 1143 1250 1191 IV,
1272 1146 1336 1183 11.
1350 1147 1388 1184 9.
1404 1144 1468 1191 IV,
1487 1148 1550 1186 12.

887 1202 926 1242 8.
948 1199 1013 1247 VI,
1035 1201 1073 1248 5,
1097 1203 1162 1240 10.
1193 1201 1251 1237 De
1270 1201 1326 1247 iis,
1345 1202 1410 1252 qui
1424 1199 1550 1237 Athe-

886 1257 945 1294 nis
954 1258 1189 1294 vocabantur
1201 1253 1432 1308 πρόβουλοι,
1444 1256 1549 1294 idem

888 1315 1034 1351 consul.
1063 1312 1339 1351 Wachsmuth.
1366 1315 1391 1353 l.
1423 1315 1449 1353 l.
1470 1315 1500 1362 1,
1522 1317 1549 1355 2

881 1383 970 1421 pag.
996 1372 1089 1412 198.
1167 1372 1225 1407 De
1251 1371 1399 1422 reliquo
1435 1370 1547 1409 huius

881 1428 956 1464 loci
991 1435 1218 1478 argumento
1246 1426 1342 1464 haec
1380 1427 1548 1466 Valcke-

881 1485 1051 1521 naerius:
1086 1486 1177 1532 „De
1193 1483 1398 1521 duodecim
1417 1486 1548 1522 Ioniae

883 1541 1095 1578 civitatibus
1123 1540 1326 1578 foederatis
1357 1548 1442 1578 octo
1457 1548 1548 1578 tan-

882 1604 968 1635 tum
997 1596 1048 1634 ad
1074 1596 1171 1635 illud
1195 1611 1403 1635 commune
1423 1600 1547 1649 gentis

883 1655 1092 1692 concilium
1130 1667 1218 1692 suos
1256 1654 1332 1692 hoc
1375 1662 1550 1707 tempore

882 1713 1028 1749 misisse
1052 1710 1232 1750 videntur
1265 1713 1410 1762 legatos
1439 1712 1486 1750 de
1507 1727 1548 1750 re

883 1781 1036 1806 summa
1057 1770 1355 1817 consultatur053
1384 1768 1547 1806 totidem

885 1826 991 1861 enim
1009 1832 1162 1862 tantum
1175 1833 1443 1863 memorantur
1463 1840 1548 1877 cap.

884 1895 992 1934 seq.‚
1022 1895 1122 1934 quae
1159 1895 1229 1933 pro
1263 1883 1340 1920 suis
1371 1896 1548 1935 quaeque

879 1939 1022 1976 viribus
1052 1952 1169 1977 naves
1198 1937 1378 1977 adversus
1413 1942 1547 1978 Persas

879 1996 1140 2035 instruxerint.
1210 1997 1368 2033 Praeter
1395 1997 1484 2034 istas
1503 1998 1544 2034 in

885 2049 1119 2092 Πανιώνιον
1157 2054 1363 2091 convenire
1408 2067 1547 2092 sueve-

880 2116 965 2146 rant
984 2108 1141 2160 Ephesii
1154 2139 1164 2158 ‚
1195 2109 1447 2161 Colophonii,
1468 2113 1546 2148 Le-

879 2165 983 2204 bedii
1013 2173 1052 2204 et
1081 2167 1329 2205 Clazomenii.
1358 2169 1546 2206 Recenset

881 2223 969 2261 istas
991 2222 1198 2261 duodecim
1217 2225 1386 2262 civitates
1401 2224 1547 2263 Herod.

881 2281 912 2329 1,
935 2279 1029 2328 142,
1061 2294 1159 2334 quae
1176 2280 1224 2318 de
1243 2283 1368 2332 gentis
1387 2283 1552 2321 nomine

882 2338 1072 2388 templum
1123 2334 1360 2378 Πανιώνιον
1400 2338 1548 2377 djctum

884 2394 981 2443 [vid.
1001 2396 1032 2443 I,
1057 2393 1156 2444 148]
1186 2394 1428 2433 condiderint
1441 2424 1456 2441 ,
1477 2410 1548 2434 cu-

882 2452 940 2489 ius
960 2453 1019 2488 sui
1037 2453 1188 2503 generis
1208 2453 1300 2490 alios
1329 2454 1456 2491 nullos
1476 2466 1553 2491 νοτ

882 2509 1023 2545 luerint
1075 2522 1155 2546 esse
1194 2510 1418 2561 participe53
1468 2509 1545 2548 vid.

878 2566 1112 2616 VVesseling.
1134 2564 1182 2603 ad
1197 2565 1355 2604 Diodor.
1375 2568 1459 2614 XV,
1471 2569 1540 2607 49.

879 2623 1035 2659 Praeter
1071 2630 1240 2661 caeteros
1267 2625 1341 2663 τοῦ
1379 2625 1545 2662 Πανιω-

880 2679 971 2719 νίου
982 2680 1240 2717 meminerunt
1251 2682 1542 2730 Diogen.Laert.

880 2737 910 2782 1,
921 2734 988 2777 40.
1004 2737 1169 2774 Pausan.
1184 2737 1265 2785 VII,
1286 2740 1310 2776 3
1325 2743 1363 2774 et
1377 2735 1416 2775 4.
1437 2736 1542 2771 Max.

881 2792 978 2844 Tyr.
1010 2794 1172 2840 XXVII,
1196 2796 1233 2834 2.
1266 2791 1343 2831 w'd.
1364 2789 1543 2842 Appeud.

713 480 767 523 Οἱ
797 480 876 535 μὲν
903 480 956 537 δὴ
986 479 1054 524 ἐπὶ
1081 479 1161 537 τὴν
1189 482 1395 538 Μίλητον
1421 482 1496 525 καὶ
1553 489 1640 517 lom-s
1660 498 1760 524 putum
1776 499 1838 521 nrt-

1832 696 1843 876 v-«u-----.
1837 663 1842 679 -.
