1897 3340
60 324 127 370 99

429 207 1077 249 TERPSICHORE.
1136 208 1182 244 V.
1362 210 1443 250 2⁰1

181 390 318 432 είκοσι
347 388 521 457 νηυσὶ,
544 385 632 437 ἅμα
664 383 889 452 ἀγόμενοι
901 382 1152 436 Ἐρετριέων
1180 385 1305 428 πέντε
1334 383 1451 438 τριή-

181 462 293 499 ρεας,
325 448 368 488 οἳ
391 442 459 487 οὐ
476 444 554 497 τὴν
572 441 816 497 ἫΑθηιαίων
836 439 964 496 χάριν
990 442 1314 497 ἐστρατεύοντο,
1345 439 1453 484 ἄλλα
1512 469 1543 495 p.
1534 437 1604 487 erii'u
1602 439 1651 489 ..ιΙΙΙ
1657 440 1723 496 Qu.
1705 406 1780 491 3¹1:ae

178 512 259 568 τὴν
288 511 437 556 αὐτων
458 511 714 565 Μιλησίων,
745 508 1009 564 ὀφειλόμενά
1040 523 1120 565 σφι
1147 508 1448 560 ἀποδιδόντες·

178 583 222 625 οἱ
250 579 334 636 γάρ
357 579 409 634 δὴ
441 578 654 634 Μιλήσιοι
692 577 909 631 πρότερον
938 583 1052 621 τοῖσι
1081 577 1344 633 Ἐρετριεῦσι
1371 575 1450 619 τὸν
1463 582 1507 615 30

177 648 285 701 πρὸς
316 646 554 697 Χαλκιδέας
583 647 774 700 πόλεμον
803 643 1134 701 συνδιήνεικαν,
1165 646 1234 689 ὅτε
1265 661 1345 698 περ
1376 643 1451 688 καὶ

175 716 440 760 Χαλκιδεῦσι
478 712 606 757 ἀντία
640 712 889 767 Ἐρετριέων
918 714 991 756 καὶ
1022 716 1254 770 Μιλησίων
1283 712 1448 768 Σάμιοι
1504 722 1586 764 428

175 782 411 839 ἐβοήθεον·
457 777 582 826 οὗτοι
612 778 675 825 ὧν
713 781 805 824 ἐπεί
834 781 876 824 τέ
918 793 998 836 σφι
1028 782 1257 834 ἀπικέατο,
1294 781 1369 824 καὶ
1408 780 1452 822 οἱ

177 849 542 907 ἄλλοισύμμαχοι
571 853 787 907 παρῆσαν,
819 848 1008 894 ἐποιέετο
1028 853 1264 907 στρατηίην
1287 848 1310 892 ὁ
1334 847 1450 900 Ἀρι-

145 917 397 974 Ξσταγόρης
418 918 460 969 ἐς
488 917 671 971 Σάρδις.

733 915 867 968 αὐτὸς
894 917 974 973 μὲν
1009 919 1062 975 δὴ
1099 917 1182 962 οὐκ
1204 914 1451 971 ἐστρατεύε-

173 1002 248 1039 το,
282 985 381 1030 dm?
415 986 534 1042 ἔμενε
566 987 613 1030 ἐν
638 986 849 1046 Μιλήτῳ·
890 987 1162 1042 στρατηγούς
1202 985 1249 1029 δὲ
1288 984 1508 1034 ἅλλουςδὸ

175 1052 351 1106 ἀπέδεξε
389 1055 627 1110 Μιλησίων
663 1053 796 1109 εἶναι,
834 1053 913 1098 τὸν
954 1054 1124 1098 εωυτοῦ
1158 1070 1202 1097 τε
1234 1051 1452 1109 αδελφεόν

173 1127 454 1178 Χαροπῖνον,
501 1124 573 1166 καὶ
617 1127 707 1167 τῶν
755 1122 903 1166 ἄλλων
949 1120 1094 1166 αστῶν
1129 1120 1446 1177 Ἑρμόφαντον.
1507 1131 1622 1158 53ωά

10 1195 146 1241 100
175 1189 452 1247 Ἀπικόμενοι
481 1191 527 1234 δὲ
565 1195 627 1248 τῷ
667 1190 806 1248 στόλῳ
837 1191 979 1248 τούτῳ
999 1191 1144 1240 Ἴωνες
1182 1191 1222 1241 ἐς
1241 1189 1448 1245 ’Έφεσον,

175 1264 307 1304 πλοῖα
335 1259 415 1316 μὲν
445 1237 676 1303 κατέλιπον
705 1260 753 1304 ἐν
768 1259 986 1317 Κορήσσῳ
1016 1264 1091 1316 τῆς
1119 1257 1342 1315 Ἐφεσίης·
1376 1255 1508 1302 avj-40

122 1409 220 1460 129)
242 1410 498 1461 profecerunt,
529 1410 615 1447 coll.
637 1409 782 1449 Herod.

119 1467 214 1515 Vll,
243 1467 311 1508 25.
351 1469 443 1507 106.
501 1468 601 1502 Nam
639 1468 679 1504 in
710 1466 782 1504 hac

119 1523 201 1574 ipsa
233 1523 391 1574 planitie
420 1525 495 1560 late
528 1530 683 1573 patente
715 1537 784 1561 co-

120 1581 201 1630 pias
232 1592 318 1616 suas
339 1580 509 1616 lustravit
531 1581 693 1617 Xerxes.
724 1581 781 1619 Cf.

119 1637 305 1677 Gatterer.
345 1637 403 1672 De
441 1635 584 1673 Herod.
637 1636 781 1676 Thrac.

117 1706 207 1744 pag.
237 1695 306 1734 60.
345 1694 535 1730 Mannert.
570 1694 710 1745 Geogr.
744 1693 783 1732 d.

119 1751 187 1787 Gr.
208 1763 247 1787 ιι.
268 1751 380 1786 Βϋιῐι.
400 1751 470 1788 Vll
490 1763 578 1802 pag.
600 1754 681 1793 208
702 1764 783 1803 seq,

119 1827 177 1835 -—
196 1806 260 1843 Ad
281 1807 443 1843 verbum
462 1803 717 1860 κομιζόμενοι
736 1808 785 1846 cf.

118 1865 149 1913 Ι,
174 1863 252 1905 185
272 1876 361 1914 pag.
381 1863 478 1905 413.

327 1967 420 2019 Cap.
437 1968 580 2006 XCIX.

177 2031 312 2085 ἐπειδή
335 2035 378 2075 02¹
401 2050 442 2074 τε
460 2031 668 2087 Ἀθηναῖοι
691 2031 783 2076 dm-

119 2088 236 2130 κέατο
259 2091 384 2131 εἴκοσι
403 2093 540 2143 νηυσὶ]
576 2092 781 2144 Schweig-

118 2146 292 2185 haeuser.
314 2151 476 2186 coniecit
496 2149 580 2190 ε’πεί
606 2166 647 2190 τε
668 2151 718 2198 οἷ,
740 2157 782 2187 ut

119 2205 164 2252 V,
187 2206 254 2245 98.
312 2208 370 2242 De
391 2206 517 2244 dativo
539 2207 657 2257 νηυσὶ
678 2208 780 2246 conf.

119 2260 254 2301 Matth.
278 2264 344 2300 Gr.
366 2264 431 2300 Gr.
463 2263 665 2314 pag.1741.
726 2267 781 2302 Ita

121 2331 204 2369 cap.
229 2322 308 2360 100
330 2317 453 2374 στόλῳ
471 2317 598 2374 τούτῳ
625 2328 661 2358 et
684 2321 781 2373 χειρὶ

120 2378 263 2428 πολλῆ.
303 2377 408 2421 Quae
415 2362 647 2444 sequuntur
666 2380 781 2416 verba

123 2447 206 2482 αμα
226 2428 409 2484 οἷγόμενοι
415 2427 646 2484 Ἐρετριέων
666 2435 738 2473 πέι
743 2451 782 2475 τε

119 2503 326 2538 τριηρεας,
380 2492 577 2528 cavillatur
607 2492 783 2530 Pseudo-

120 2545 305 2594 plutarch.
327 2547 377 2584 T.
397 2548 433 2583 ΙΙ
462 2561 499 2598 p.
532 2550 610 2589 861
631 2550 677 2587 Β.
719 2548 782 2586 Ad

121 2613 258 2638 vocem
286 2599 402 2655 χάριν
430 2604 530 2641 conf.
551 2604 687 2642 Matth.
715 2608 781 2645 Gr.

123 2657 188 2694 Gr.
220 2672 259 2708 p.
286 2663 392 2701 1138
421 2661 551 2712 ibique
582 2662 707 2699 citata.
730 2685 781 2691 --

125 2712 201 2749 Pro
222 2711 373 2755 αὐτέων
393 2718 523 2768 scripsi
544 2712 690 2759 αὐτῶν.

184 2768 225 2807 οἷ
242 2767 317 2823 γὰρ
337 2769 388 2822 δη
416 2769 614 2823 Μιλησιοι
645 2771 783 2841 πρότε-

128 2838 199 2875 ρον
210 2845 266 2852 —
278 2825 588 2880 συνδιήνεικαν]
620 2832 719 2871 συνδ
723 2847 784 2883 ιη

840 1425 980 1451 νεικαν
1010 1424 1101 1448 cum
1134 1409 1252 1447 Gaisf.
1293 1415 1330 1446 et
1367 1406 1507 1445 matth.

841 1468 930 1505 dedi
970 1481 1038 1519 pro
1078 1469 1184 1518 vulg.
1216 1463 1508 1504 συνδιένεικαν.

839 1527 1081 1561 Florentinus
1104 1538 1195 1561 culn
1217 1524 1297 1559 aliis
1320 1519 1508 1573 συνήνει-

839 1597 928 1620 nav.
969 1583 1026 1617 De
1046 1583 1127 1632 ipso
1148 1581 1265 1617 verbo
1288 1580 1387 1618 conf.
1409 1585 1505 1617 nott.

841 1637 889 1675 ad
908 1639 959 1683 V,
980 1640 1049 1679 79.
1106 1637 1168 1674 Ad
1197 1636 1271 1673 hoc
1301 1650 1391 1673 vero
1424 1637 1508 1672 bel-

839 1696 922 1732 lum
968 1696 1068 1731 inter
1109 1696 1344 1731 Eretrienses
1393 1700 1508 1745 atque

842 1751 1111 1789 Chalcidenses
1144 1759 1297 1802 gestum
1327 1751 1507 1801 respexit,

840 1816 999 1846 notante
1018 1807 1219 1856 Valcken.‚
1256 1806 1509 1859 Thucydides

839 1868 869 1913 I,
904 1866 968 1906 15.
1026 1867 1125 1902 Belli
1146 1878 1257 1902 causa
1275 1867 1415 1901 exsti1it
1435 1864 1510 1901 Le-

842 1923 938 1960 lanti
980 1935 1138 1973 campus
1171 1922 1422 1958 fertilissimus
1472 1927 1509 1958 et

841 1980 1111 2017 saluberrimus
1129 1979 1258 2016 calidis
1278 1979 1446 2015 fontibus
1459 1977 1509 2015 ad

841 2037 996 2073 morbos
1045 2036 1245 2075 sanandos.
1323 2037 1382 2072 De
1430 2048 1508 2086 quo

840 2094 965 2132 Strab.
989 2095 1124 2144 Xpag.
1148 2096 1229 2135 688
1251 2095 1296 2130 Β.
1319 2093 1405 2130 οοΙΙ.
1428 2094 1509 2133 686

838 2152 886 2189 Α.
910 2149 1122 2202 Spanhem.
1153 2150 1200 2187 ad
1223 2148 1446 2187 Callimach.
1466 2150 1508 2185 in

838 2209 922 2246 Del.
936 2210 1030 2249 289.
1044 2207 1320 2259 Wyttenbach.
1340 2206 1388 2243 ad
1406 2206 1509 2243 Plut-

839 2265 973 2303 Moral.
996 2267 1046 2301 T.
1067 2267 1085 2301 I
1104 2278 1192 2316 pag.
1215 2265 1309 2312 955,
1351 2263 1398 2301 ad
1419 2276 1509 2314 pag.

843 2323 922 2364 153
943 2324 986 2359 F.
1009 2329 1045 2359 et
1067 2324 1133 2374 qui
1152 2335 1275 2372 nuper
1295 2329 1420 2358 totum
1436 2320 1508 2358 hoc

840 2387 1112 2429 argumentum
1152 2381 1350 2426 tractavit,
1392 2379 1432 2418 C.
1463 2379 1507 2417 F.

839 2438 1053 2473 Hermann.
1071 2438 1109 2472 in
1121 2435 1323 2473 Welcker.
1337 2443 1372 2472 et
1384 2434 1509 2473 Naek.

838 2495 971 2530 Museo
1005 2492 1181 2530 Rhenau.
1221 2495 1250 2539 Ι,
1286 2497 1303 2534 1
1337 2506 1425 2544 pag.
1456 2492 1509 2533 85

842 2564 950 2603 seqq.
991 2573 1043 2577 —
1093 2549 1157 2586 Ad
1186 2551 1303 2588 verba
1347 2545 1510 2596 οἷπὲδεξέ

842 2607 1061 2658 Μιλησίων
1083 2603 1187 2646 εἶναι
1218 2607 1321 2644 conf.
1343 2613 1440 2644 nott.
1462 2604 1510 2642 ad

839 2665 886 2713 V,
905 2664 972 2706 25

1092 2719 1185 2771 Cap.
1208 2720 1250 2758 C.

898 2775 940 2816 ἐν
969 2773 1180 2841 Κορησσῳ
1199 2778 1270 2826 τῆς
1297 2770 1509 2822 Ἐφεσίης]

841 2834 928 2870 Duo
958 2834 1045 2870 libri
1066 2828 1291 2885 Κορήσσω,·
1322 2830 1512 2866 Florenti-

268 319 571 376 Ἀρισταγόρης
599 319 664 369 δὲ,
697 315 842 373 ἐπειδὴ
871 317 919 360 οἴ
936 332 980 359 τε
996 315 1221 373 Ἀθηναῖοι
1241 316 1448 360 ἀπικέατο
1508 327 1537 353 ¹n
1531 331 1572 386 ιε’
1558 336 1600 355 en
1562 328 1779 391 T111‘0i²¹¹.‘‡.

1508 369 1549 452 ἓῐ
1562 371 1604 454 ,ῐὲἓὶ
1606 401 1660 455 Qtitul

1508 502 1565 521 anxi
1571 471 1747 524 ii'lisiuucti

1506 528 1607 564 lones,

1625 1140 1713 1167 lira
1703 1135 1766 1158 ιρῑρ
1751 1141 1785 1158 er

1507 1174 1621 1201 alioci:
1625 1153 1780 1202 εαρὶυυῃ
