<?xml version="1.0" encoding="UTF-8"?>
<!DOCTYPE html PUBLIC "-//W3C//DTD XHTML 1.0 Transitional//EN"
    "http://www.w3.org/TR/xhtml1/DTD/xhtml1-transitional.dtd">
<html xmlns="http://www.w3.org/1999/xhtml" xml:lang="en" lang="en">
 <head>
  <title>
</title>
<meta http-equiv="Content-Type" content="text/html;charset=utf-8" />
  <meta name='ocr-system' content='tesseract 3.04.00' />
  <meta name='ocr-capabilities' content='ocr_page ocr_carea ocr_par ocr_line ocrx_word'/>
</head>
<body>
  <div class='ocr_page' id='page_1' title='image "./musaeher03hero_0357.png"; bbox 0 0 1897 3340; ppageno 0'>
   <div class='ocr_carea' id='block_1_1' title="bbox 0 2 43 592">
    <p class='ocr_par' dir='ltr' id='par_1_1' title="bbox 0 2 43 592">
     <span class='ocr_line' id='line_1_1' title="bbox 0 2 43 592; baseline 0 2748"><span class='ocrx_word' id='word_1_1' title='bbox 0 2 43 592; x_wconf 95' lang='lat' dir='ltr'><em> </em></span> 
     </span>
    </p>
   </div>
   <div class='ocr_carea' id='block_1_2' title="bbox 636 189 1484 234">
    <p class='ocr_par' dir='ltr' id='par_1_2' title="bbox 636 189 1484 234">
     <span class='ocr_line' id='line_1_2' title="bbox 636 189 1484 234; baseline -0.006 -5"><span class='ocrx_word' id='word_1_2' title='bbox 636 189 936 229; x_wconf 83' lang='lat' dir='ltr'><strong>ERATO.</strong></span> <span class='ocrx_word' id='word_1_3' title='bbox 994 189 1067 225; x_wconf 91' lang='lat' dir='ltr'><em>Vl.</em></span> <span class='ocrx_word' id='word_1_4' title='bbox 1401 194 1484 234; x_wconf 65' lang='lat'><em>345</em></span> 
     </span>
    </p>
   </div>
   <div class='ocr_carea' id='block_1_3' title="bbox 200 295 1511 490">
    <p class='ocr_par' dir='ltr' id='par_1_3' title="bbox 200 295 1511 490">
     <span class='ocr_line' id='line_1_3' title="bbox 230 295 1485 355; baseline -0.002 -11"><span class='ocrx_word' id='word_1_5' title='bbox 230 304 326 353; x_wconf 86' lang='grc' dir='ltr'><em>δεα,</em></span> <span class='ocrx_word' id='word_1_6' title='bbox 371 298 460 344; x_wconf 84' lang='grc' dir='ltr'><em>εἶπέ</em></span> <span class='ocrx_word' id='word_1_7' title='bbox 501 311 578 355; x_wconf 86' lang='grc' dir='ltr'><em>σφι</em></span> <span class='ocrx_word' id='word_1_8' title='bbox 622 298 832 353; x_wconf 84' lang='grc' dir='ltr'><em>Θεασίδης</em></span> <span class='ocrx_word' id='word_1_9' title='bbox 881 296 905 339; x_wconf 90' lang='grc' dir='ltr'>ὁ</span> <span class='ocrx_word' id='word_1_10' title='bbox 946 295 1252 350; x_wconf 78' lang='grc' dir='ltr'><em>Λεωπρέπεος,</em></span> <span class='ocrx_word' id='word_1_11' title='bbox 1305 295 1390 339; x_wconf 73' lang='grc' dir='ltr'><em>ἐών</em></span> <span class='ocrx_word' id='word_1_12' title='bbox 1439 300 1485 341; x_wconf 80' lang='grc' dir='ltr'><em>ἐν</em></span> 
     </span>
     <span class='ocr_line' id='line_1_4' title="bbox 200 363 1486 424; baseline -0.002 -15"><span class='ocrx_word' id='word_1_13' title='bbox 200 367 414 424; x_wconf 79' lang='grc' dir='ltr'><em>4Σπάρτῃ</em></span> <span class='ocrx_word' id='word_1_14' title='bbox 445 367 620 422; x_wconf 83' lang='grc' dir='ltr'><em>δόκιμος</em></span> <span class='ocrx_word' id='word_1_15' title='bbox 649 363 786 420; x_wconf 76' lang='grc' dir='ltr'><em>ἀνήρ·</em></span> <span class='ocrx_word' id='word_1_16' title='bbox 832 365 916 415; x_wconf 67' lang='lat' dir='ltr'><em>„Ti</em></span> <span class='ocrx_word' id='word_1_17' title='bbox 944 364 1160 419; x_wconf 82' lang='grc' dir='ltr'><em>βούλεσθε</em></span> <span class='ocrx_word' id='word_1_18' title='bbox 1199 363 1378 418; x_wconf 81' lang='grc' dir='ltr'><em>ποιέειν,</em></span> <span class='ocrx_word' id='word_1_19' title='bbox 1415 365 1486 408; x_wconf 76' lang='grc' dir='ltr'><em>ἄν-</em></span> 
     </span>
     <span class='ocr_line' id='line_1_5' title="bbox 229 430 1511 490; baseline -0.004 -11"><span class='ocrx_word' id='word_1_20' title='bbox 229 438 353 489; x_wconf 84' lang='grc' dir='ltr'><em>,,δρες</em></span> <span class='ocrx_word' id='word_1_21' title='bbox 382 437 628 490; x_wconf 81' lang='grc' dir='ltr'><em>Αἰγινῆται,</em></span> <span class='ocrx_word' id='word_1_22' title='bbox 662 432 740 475; x_wconf 87' lang='grc' dir='ltr'><em>τὸν</em></span> <span class='ocrx_word' id='word_1_23' title='bbox 768 430 945 487; x_wconf 82' lang='grc' dir='ltr'><em>βασιλέα</em></span> <span class='ocrx_word' id='word_1_24' title='bbox 964 435 1054 474; x_wconf 79' lang='grc' dir='ltr'><em>τῶν</em></span> <span class='ocrx_word' id='word_1_25' title='bbox 1074 431 1385 487; x_wconf 81' lang='grc' dir='ltr'><em>Σπαρτιητέων</em></span> <span class='ocrx_word' id='word_1_26' title='bbox 1416 433 1511 476; x_wconf 67' lang='grc' dir='ltr'><em>«ἔκ-1</em></span> 
     </span>
    </p>
   </div>
   <div class='ocr_carea' id='block_1_4' title="bbox 229 497 1617 557">
    <p class='ocr_par' dir='ltr' id='par_1_4' title="bbox 229 497 1617 557">
     <span class='ocr_line' id='line_1_6' title="bbox 229 497 1617 557; baseline -0.001 -11"><span class='ocrx_word' id='word_1_27' title='bbox 229 505 387 555; x_wconf 87' lang='grc' dir='ltr'><em>,,δοτον</em></span> <span class='ocrx_word' id='word_1_28' title='bbox 415 500 651 557; x_wconf 90' lang='grc' dir='ltr'><em>γενόμενον</em></span> <span class='ocrx_word' id='word_1_29' title='bbox 679 498 765 543; x_wconf 77' lang='grc' dir='ltr'><em>ὑπό</em></span> <span class='ocrx_word' id='word_1_30' title='bbox 794 502 883 542; x_wconf 78' lang='grc' dir='ltr'><em>τῶν</em></span> <span class='ocrx_word' id='word_1_31' title='bbox 905 498 1145 554; x_wconf 79' lang='grc' dir='ltr'><em>πολιητέων</em></span> <span class='ocrx_word' id='word_1_32' title='bbox 1171 497 1312 554; x_wconf 78' lang='grc' dir='ltr'><em>ἄγειν,-</em></span> <span class='ocrx_word' id='word_1_33' title='bbox 1342 502 1379 543; x_wconf 87' lang='grc' dir='ltr'><em>εἰ</em></span> <span class='ocrx_word' id='word_1_34' title='bbox 1397 504 1482 544; x_wconf 85' lang='grc' dir='ltr'><em>νῦν</em></span> <span class='ocrx_word' id='word_1_35' title='bbox 1538 504 1617 545; x_wconf 74' lang='grc'><em>477</em></span> 
     </span>
    </p>
   </div>
   <div class='ocr_carea' id='block_1_5' title="bbox 196 565 1515 963">
    <p class='ocr_par' dir='ltr' id='par_1_5' title="bbox 196 565 1515 963">
     <span class='ocr_line' id='line_1_7' title="bbox 229 565 1487 626; baseline -0.002 -12"><span class='ocrx_word' id='word_1_36' title='bbox 229 568 365 626; x_wconf 79' lang='grc' dir='ltr'><em>,,ὀργῇ</em></span> <span class='ocrx_word' id='word_1_37' title='bbox 392 567 626 624; x_wconf 78' lang='grc' dir='ltr'><em>χρεώμενοι</em></span> <span class='ocrx_word' id='word_1_38' title='bbox 656 567 852 622; x_wconf 78' lang='grc' dir='ltr'><em>ἔγνωσαν</em></span> <span class='ocrx_word' id='word_1_39' title='bbox 890 565 1005 610; x_wconf 82' lang='grc' dir='ltr'><em>οὕτω</em></span> <span class='ocrx_word' id='word_1_40' title='bbox 1035 570 1333 622; x_wconf 80' lang='grc' dir='ltr'><em>Σπαρτιῆται,</em></span> <span class='ocrx_word' id='word_1_41' title='bbox 1372 567 1487 620; x_wconf 83' lang='grc' dir='ltr'><em>ὅκως</em></span> 
     </span>
     <span class='ocr_line' id='line_1_8' title="bbox 227 633 1486 691; baseline -0.001 -12"><span class='ocrx_word' id='word_1_42' title='bbox 227 638 296 689; x_wconf 59' lang='lat' dir='ltr'><em>„gg</em></span> <span class='ocrx_word' id='word_1_43' title='bbox 324 635 503 691; x_wconf 82' lang='grc' dir='ltr'><em>ὑστέρης</em></span> <span class='ocrx_word' id='word_1_44' title='bbox 527 634 584 691; x_wconf 84' lang='grc' dir='ltr'><em>μή</em></span> <span class='ocrx_word' id='word_1_45' title='bbox 617 651 658 678; x_wconf 91' lang='grc' dir='ltr'><em>τι</em></span> <span class='ocrx_word' id='word_1_46' title='bbox 685 633 813 690; x_wconf 76' lang='grc' dir='ltr'><em>ὑμῖν,</em></span> <span class='ocrx_word' id='word_1_47' title='bbox 854 633 912 690; x_wconf 78' lang='grc' dir='ltr'><em>ἢν</em></span> <span class='ocrx_word' id='word_1_48' title='bbox 949 637 1085 677; x_wconf 84' lang='grc' dir='ltr'><em>ταῦτα</em></span> <span class='ocrx_word' id='word_1_49' title='bbox 1115 633 1357 691; x_wconf 84' lang='grc' dir='ltr'><em>πρήσσητε,</em></span> <span class='ocrx_word' id='word_1_50' title='bbox 1399 651 1486 678; x_wconf 91' lang='grc' dir='ltr'><em>πα-</em></span> 
     </span>
     <span class='ocr_line' id='line_1_9' title="bbox 196 700 1515 758; baseline 0 -13"><span class='ocrx_word' id='word_1_51' title='bbox 196 701 478 758; x_wconf 82' lang='grc' dir='ltr'><em>5,,νω’λεθρον</em></span> <span class='ocrx_word' id='word_1_52' title='bbox 506 702 642 746; x_wconf 86' lang='grc' dir='ltr'><em>κακὸν</em></span> <span class='ocrx_word' id='word_1_53' title='bbox 671 702 713 754; x_wconf 79' lang='grc' dir='ltr'><em>ἐς</em></span> <span class='ocrx_word' id='word_1_54' title='bbox 746 702 826 758; x_wconf 87' lang='grc' dir='ltr'><em>τὴν</em></span> <span class='ocrx_word' id='word_1_55' title='bbox 853 702 1000 758; x_wconf 77' lang='grc' dir='ltr'><em>χώρην</em></span> <span class='ocrx_word' id='word_1_56' title='bbox 1029 700 1283 757; x_wconf 75' lang='grc' dir='ltr'><em>ἐσβάλωσι.“</em></span> <span class='ocrx_word' id='word_1_57' title='bbox 1335 706 1515 748; x_wconf 86' lang='grc' dir='ltr'><em>Ταῦτα5</em></span> 
     </span>
     <span class='ocr_line' id='line_1_10' title="bbox 227 770 1484 828; baseline 0 -14"><span class='ocrx_word' id='word_1_58' title='bbox 227 770 496 821; x_wconf 74' lang='grc' dir='ltr'><em>ἀκούσαντες</em></span> <span class='ocrx_word' id='word_1_59' title='bbox 542 773 585 815; x_wconf 81' lang='grc' dir='ltr'><em>οἱ</em></span> <span class='ocrx_word' id='word_1_60' title='bbox 633 772 887 827; x_wconf 78' lang='grc' dir='ltr'><em>Αἰγινῆται,</em></span> <span class='ocrx_word' id='word_1_61' title='bbox 943 770 1119 824; x_wconf 77' lang='grc' dir='ltr'><em>ἔσχοντο</em></span> <span class='ocrx_word' id='word_1_62' title='bbox 1170 773 1246 825; x_wconf 78' lang='grc' dir='ltr'><em>τῆς</em></span> <span class='ocrx_word' id='word_1_63' title='bbox 1293 770 1484 828; x_wconf 79' lang='grc' dir='ltr'><em>ἀγωγῆς·</em></span> 
     </span>
     <span class='ocr_line' id='line_1_11' title="bbox 224 837 1486 896; baseline 0.001 -14"><span class='ocrx_word' id='word_1_64' title='bbox 224 837 433 896; x_wconf 84' lang='grc' dir='ltr'><em>ὁμολογίῃ</em></span> <span class='ocrx_word' id='word_1_65' title='bbox 464 838 509 883; x_wconf 76' lang='grc' dir='ltr'><em>δὲ</em></span> <span class='ocrx_word' id='word_1_66' title='bbox 542 838 776 895; x_wconf 83' lang='grc' dir='ltr'><em>ἐχρήσαντο</em></span> <span class='ocrx_word' id='word_1_67' title='bbox 806 839 972 894; x_wconf 82' lang='grc' dir='ltr'><em>τοιῇδε,</em></span> <span class='ocrx_word' id='word_1_68' title='bbox 1005 837 1297 892; x_wconf 81' lang='grc' dir='ltr'><em>ἐπισπόμενον</em></span> <span class='ocrx_word' id='word_1_69' title='bbox 1324 843 1486 883; x_wconf 88' lang='grc' dir='ltr'><em>Λευτυ-</em></span> 
     </span>
     <span class='ocr_line' id='line_1_12' title="bbox 224 904 1486 963; baseline 0.002 -15"><span class='ocrx_word' id='word_1_70' title='bbox 224 908 344 963; x_wconf 83' lang='grc' dir='ltr'><em>χίδεα</em></span> <span class='ocrx_word' id='word_1_71' title='bbox 373 906 416 957; x_wconf 80' lang='grc' dir='ltr'><em>ἐς</em></span> <span class='ocrx_word' id='word_1_72' title='bbox 439 904 648 962; x_wconf 80' lang='grc' dir='ltr'><em>Ἀθήνας,</em></span> <span class='ocrx_word' id='word_1_73' title='bbox 695 904 944 950; x_wconf 76' lang='grc' dir='ltr'><em>ἀποδοῦναι</em></span> <span class='ocrx_word' id='word_1_74' title='bbox 984 905 1238 963; x_wconf 82' lang='grc' dir='ltr'><em>Αἰγινήτῃσι</em></span> <span class='ocrx_word' id='word_1_75' title='bbox 1272 906 1378 958; x_wconf 83' lang='grc' dir='ltr'><em>τούς</em></span> <span class='ocrx_word' id='word_1_76' title='bbox 1413 908 1486 951; x_wconf 83' lang='grc' dir='ltr'><em>ἄν-</em></span> 
     </span>
    </p>
   </div>
   <div class='ocr_carea' id='block_1_6' title="bbox 99 970 1666 1167">
    <p class='ocr_par' dir='ltr' id='par_1_6' title="bbox 99 970 1666 1167">
     <span class='ocr_line' id='line_1_13' title="bbox 99 970 1483 1031; baseline 0.002 -15"><span class='ocrx_word' id='word_1_77' title='bbox 99 970 165 1016; x_wconf 85' lang='grc'><em>86</em></span> <span class='ocrx_word' id='word_1_78' title='bbox 222 976 342 1029; x_wconf 81' lang='grc' dir='ltr'><em>δρας.</em></span> <span class='ocrx_word' id='word_1_79' title='bbox 393 974 470 1026; x_wconf 79' lang='grc' dir='ltr'><em>Ὡς</em></span> <span class='ocrx_word' id='word_1_80' title='bbox 499 976 545 1018; x_wconf 84' lang='grc' dir='ltr'><em>δὲ</em></span> <span class='ocrx_word' id='word_1_81' title='bbox 576 973 839 1030; x_wconf 76' lang='grc' dir='ltr'><em>ἀπικόμενος</em></span> <span class='ocrx_word' id='word_1_82' title='bbox 868 976 1134 1030; x_wconf 79' lang='grc' dir='ltr'><em>Λευτυχίδης</em></span> <span class='ocrx_word' id='word_1_83' title='bbox 1174 974 1216 1025; x_wconf 79' lang='grc' dir='ltr'><em>ἐς</em></span> <span class='ocrx_word' id='word_1_84' title='bbox 1254 975 1328 1026; x_wconf 84' lang='grc' dir='ltr'><em>τὰς</em></span> <span class='ocrx_word' id='word_1_85' title='bbox 1356 974 1483 1031; x_wconf 82' lang='grc' dir='ltr'><em>Ἀθή-</em></span> 
     </span>
     <span class='ocr_line' id='line_1_14' title="bbox 226 1039 1482 1099; baseline 0 -13"><span class='ocrx_word' id='word_1_86' title='bbox 226 1059 319 1096; x_wconf 85' lang='grc' dir='ltr'><em>νας,</em></span> <span class='ocrx_word' id='word_1_87' title='bbox 350 1041 524 1086; x_wconf 73' lang='grc' dir='ltr'><em>ἀπαίτεε</em></span> <span class='ocrx_word' id='word_1_88' title='bbox 552 1043 634 1099; x_wconf 72' lang='grc' dir='ltr'><em>τήν</em></span> <span class='ocrx_word' id='word_1_89' title='bbox 666 1041 956 1098; x_wconf 78' lang='grc' dir='ltr'><em>παραθήκην,</em></span> <span class='ocrx_word' id='word_1_90' title='bbox 988 1044 1032 1085; x_wconf 82' lang='grc' dir='ltr'><em>οἱ</em></span> <span class='ocrx_word' id='word_1_91' title='bbox 1055 1039 1282 1098; x_wconf 79' lang='grc' dir='ltr'><em>Ἀθηναῖοι</em></span> <span class='ocrx_word' id='word_1_92' title='bbox 1310 1043 1482 1099; x_wconf 80' lang='grc' dir='ltr'><em>προφά-</em></span> 
     </span>
     <span class='ocr_line' id='line_1_15' title="bbox 227 1107 1666 1167; baseline -0.001 -14"><span class='ocrx_word' id='word_1_93' title='bbox 227 1121 320 1161; x_wconf 90' lang='grc' dir='ltr'><em>σιας</em></span> <span class='ocrx_word' id='word_1_94' title='bbox 344 1107 506 1162; x_wconf 80' lang='grc' dir='ltr'><em>εἷλκον,</em></span> <span class='ocrx_word' id='word_1_95' title='bbox 537 1109 590 1154; x_wconf 84' lang='grc' dir='ltr'><em>οὐ</em></span> <span class='ocrx_word' id='word_1_96' title='bbox 614 1109 876 1167; x_wconf 84' lang='grc' dir='ltr'><em>βουλόμενοι</em></span> <span class='ocrx_word' id='word_1_97' title='bbox 906 1108 1173 1154; x_wconf 75' lang='grc' dir='ltr'><em>ἀποδοῦναι·</em></span> <span class='ocrx_word' id='word_1_98' title='bbox 1204 1109 1375 1166; x_wconf 82' lang='grc' dir='ltr'><em>φάντες,</em></span> <span class='ocrx_word' id='word_1_99' title='bbox 1408 1109 1490 1155; x_wconf 84' lang='grc' dir='ltr'><em>δύο</em></span> <span class='ocrx_word' id='word_1_100' title='bbox 1502 1113 1614 1152; x_wconf 68' lang='lat'><em>10‘1‘2111</em></span> <span class='ocrx_word' id='word_1_101' title='bbox 1637 1121 1666 1138; x_wconf 87' lang='lat'><em>¹¹¹</em></span> 
     </span>
    </p>
   </div>
   <div class='ocr_carea' id='block_1_7' title="bbox 171 1220 401 1227">
    <p class='ocr_par' dir='ltr' id='par_1_7' title="bbox 171 1220 401 1227">
     <span class='ocr_line' id='line_1_16' title="bbox 171 1220 401 1227; baseline 0 0"><span class='ocrx_word' id='word_1_102' title='bbox 171 1220 401 1227; x_wconf 95' lang='lat' dir='ltr'><em> </em></span> 
     </span>
    </p>
   </div>
   <div class='ocr_carea' id='block_1_8' title="bbox 166 1271 830 2850">
    <p class='ocr_par' dir='ltr' id='par_1_8' title="bbox 166 1271 828 2046">
     <span class='ocr_line' id='line_1_17' title="bbox 170 1271 826 1322; baseline 0.003 -14"><span class='ocrx_word' id='word_1_103' title='bbox 170 1272 250 1322; x_wconf 86' lang='lat' dir='ltr'><em>ipso</em></span> <span class='ocrx_word' id='word_1_104' title='bbox 263 1272 354 1308; x_wconf 88' lang='lat' dir='ltr'>olim</span> <span class='ocrx_word' id='word_1_105' title='bbox 366 1272 445 1321; x_wconf 79' lang='lat' dir='ltr'>(vl,</span> <span class='ocrx_word' id='word_1_106' title='bbox 456 1275 481 1313; x_wconf 87' lang='lat'>7</span> <span class='ocrx_word' id='word_1_107' title='bbox 484 1271 826 1322; x_wconf 81' lang='lat' dir='ltr'><em>3)Atheniensibus</em></span> 
     </span>
     <span class='ocr_line' id='line_1_18' title="bbox 171 1327 827 1374; baseline 0.003 -10"><span class='ocrx_word' id='word_1_108' title='bbox 171 1327 408 1366; x_wconf 81' lang='lat' dir='ltr'><em>traditorum.</em></span> <span class='ocrx_word' id='word_1_109' title='bbox 427 1329 569 1374; x_wconf 76' lang='lat' dir='ltr'><em>Quibus</em></span> <span class='ocrx_word' id='word_1_110' title='bbox 580 1329 674 1367; x_wconf 82' lang='lat' dir='ltr'><em>haec</em></span> <span class='ocrx_word' id='word_1_111' title='bbox 687 1329 827 1368; x_wconf 79' lang='lat' dir='ltr'><em>adscri-</em></span> 
     </span>
     <span class='ocr_line' id='line_1_19' title="bbox 169 1386 826 1438; baseline 0.005 -17"><span class='ocrx_word' id='word_1_112' title='bbox 169 1387 243 1436; x_wconf 89' lang='lat' dir='ltr'><strong>psit</strong></span> <span class='ocrx_word' id='word_1_113' title='bbox 265 1386 306 1424; x_wconf 89' lang='lat' dir='ltr'><em>C.</em></span> <span class='ocrx_word' id='word_1_114' title='bbox 329 1387 373 1423; x_wconf 86' lang='grc' dir='ltr'><em>Ο.</em></span> <span class='ocrx_word' id='word_1_115' title='bbox 393 1387 542 1423; x_wconf 74' lang='grc' dir='ltr'><strong>ΜἰἰΠθΓ.</strong></span> <span class='ocrx_word' id='word_1_116' title='bbox 565 1388 756 1437; x_wconf 82' lang='lat' dir='ltr'><em>Aeginett.</em></span> <span class='ocrx_word' id='word_1_117' title='bbox 786 1401 826 1438; x_wconf 89' lang='lat' dir='ltr'><em>p.</em></span> 
     </span>
     <span class='ocr_line' id='line_1_20' title="bbox 174 1443 827 1493; baseline 0.003 -15"><span class='ocrx_word' id='word_1_118' title='bbox 174 1444 194 1481; x_wconf 88' lang='lat'>1</span> <span class='ocrx_word' id='word_1_119' title='bbox 203 1445 252 1482; x_wconf 90' lang='grc'><em>17</em></span> <span class='ocrx_word' id='word_1_120' title='bbox 262 1450 357 1479; x_wconf 86' lang='lat' dir='ltr'><em>nott.</em></span> <span class='ocrx_word' id='word_1_121' title='bbox 371 1444 534 1493; x_wconf 82' lang='lat' dir='ltr'><em>„Arguit</em></span> <span class='ocrx_word' id='word_1_122' title='bbox 543 1443 727 1480; x_wconf 81' lang='lat' dir='ltr'>Herodoti</span> <span class='ocrx_word' id='word_1_123' title='bbox 735 1456 827 1480; x_wconf 86' lang='lat' dir='ltr'><em>nar-</em></span> 
     </span>
     <span class='ocr_line' id='line_1_21' title="bbox 170 1498 826 1551; baseline 0.005 -17"><span class='ocrx_word' id='word_1_124' title='bbox 170 1499 276 1547; x_wconf 82' lang='lat' dir='ltr'><em>ratio,</em></span> <span class='ocrx_word' id='word_1_125' title='bbox 290 1498 337 1536; x_wconf 87' lang='lat' dir='ltr'><em>de</em></span> <span class='ocrx_word' id='word_1_126' title='bbox 353 1513 427 1551; x_wconf 83' lang='lat' dir='ltr'><em>qua</em></span> <span class='ocrx_word' id='word_1_127' title='bbox 444 1500 545 1541; x_wconf 84' lang='lat' dir='ltr'>conf.</span> <span class='ocrx_word' id='word_1_128' title='bbox 556 1502 688 1537; x_wconf 84' lang='lat' dir='ltr'><em>Mauso</em></span> <span class='ocrx_word' id='word_1_129' title='bbox 700 1501 826 1551; x_wconf 80' lang='lat' dir='ltr'><strong>Spart.</strong></span> 
     </span>
     <span class='ocr_line' id='line_1_22' title="bbox 167 1555 827 1609; baseline 0.005 -19"><span class='ocrx_word' id='word_1_130' title='bbox 167 1555 198 1601; x_wconf 82' lang='grc' dir='ltr'><em>Ι,</em></span> <span class='ocrx_word' id='word_1_131' title='bbox 228 1558 255 1595; x_wconf 84' lang='lat'><strong>2</strong></span> <span class='ocrx_word' id='word_1_132' title='bbox 293 1568 381 1606; x_wconf 83' lang='lat' dir='ltr'><em>pag.</em></span> <span class='ocrx_word' id='word_1_133' title='bbox 413 1559 516 1604; x_wconf 82' lang='lat'>307,</span> <span class='ocrx_word' id='word_1_134' title='bbox 570 1564 712 1609; x_wconf 86' lang='lat' dir='ltr'><em>quanta</em></span> <span class='ocrx_word' id='word_1_135' title='bbox 743 1564 827 1594; x_wconf 89' lang='lat' dir='ltr'><em>tum</em></span> 
     </span>
     <span class='ocr_line' id='line_1_23' title="bbox 167 1610 827 1651; baseline 0.006 -4"><span class='ocrx_word' id='word_1_136' title='bbox 167 1610 280 1648; x_wconf 87' lang='lat' dir='ltr'><em>fuerit</em></span> <span class='ocrx_word' id='word_1_137' title='bbox 298 1614 498 1649; x_wconf 82' lang='lat' dir='ltr'><em>nationum</em></span> <span class='ocrx_word' id='word_1_138' title='bbox 506 1614 749 1651; x_wconf 84' lang='lat' dir='ltr'><em>Doriensium</em></span> <span class='ocrx_word' id='word_1_139' title='bbox 760 1627 827 1650; x_wconf 85' lang='lat' dir='ltr'><em>ae-</em></span> 
     </span>
     <span class='ocr_line' id='line_1_24' title="bbox 168 1669 828 1723; baseline 0.005 -19"><span class='ocrx_word' id='word_1_140' title='bbox 168 1669 365 1719; x_wconf 77' lang='lat' dir='ltr'><em>quabilitas</em></span> <span class='ocrx_word' id='word_1_141' title='bbox 377 1670 731 1723; x_wconf 80' lang='lat' dir='ltr'><em>Spartanorumque</em></span> <span class='ocrx_word' id='word_1_142' title='bbox 739 1684 828 1707; x_wconf 85' lang='lat' dir='ltr'><em>mo-</em></span> 
     </span>
     <span class='ocr_line' id='line_1_25' title="bbox 168 1724 828 1779; baseline 0.006 -19"><span class='ocrx_word' id='word_1_143' title='bbox 168 1724 333 1774; x_wconf 82' lang='lat' dir='ltr'><em>derati0‚</em></span> <span class='ocrx_word' id='word_1_144' title='bbox 363 1734 406 1763; x_wconf 90' lang='lat' dir='ltr'><em>ut</em></span> <span class='ocrx_word' id='word_1_145' title='bbox 426 1728 491 1779; x_wconf 89' lang='lat' dir='ltr'><em>qui</em></span> <span class='ocrx_word' id='word_1_146' title='bbox 524 1729 610 1778; x_wconf 84' lang='lat' dir='ltr'><strong>ipsis</strong></span> <span class='ocrx_word' id='word_1_147' title='bbox 630 1729 685 1764; x_wconf 86' lang='lat' dir='ltr'><em>rei</em></span> <span class='ocrx_word' id='word_1_148' title='bbox 706 1729 828 1764; x_wconf 81' lang='lat' dir='ltr'><em>Grae-</em></span> 
     </span>
     <span class='ocr_line' id='line_1_26' title="bbox 166 1783 828 1835; baseline 0.005 -17"><span class='ocrx_word' id='word_1_149' title='bbox 166 1794 301 1818; x_wconf 89' lang='lat' dir='ltr'><em>corum</em></span> <span class='ocrx_word' id='word_1_150' title='bbox 331 1785 544 1820; x_wconf 83' lang='lat' dir='ltr'><em>communis</em></span> <span class='ocrx_word' id='word_1_151' title='bbox 573 1783 828 1835; x_wconf 81' lang='lat' dir='ltr'>proditoribus</span> 
     </span>
     <span class='ocr_line' id='line_1_27' title="bbox 168 1839 828 1888; baseline 0.005 -14"><span class='ocrx_word' id='word_1_152' title='bbox 168 1851 300 1888; x_wconf 85' lang='lat' dir='ltr'><em>regem</em></span> <span class='ocrx_word' id='word_1_153' title='bbox 320 1853 431 1877; x_wconf 89' lang='lat' dir='ltr'><em>suum</em></span> <span class='ocrx_word' id='word_1_154' title='bbox 459 1839 608 1877; x_wconf 83' lang='lat' dir='ltr'>tradere</span> <span class='ocrx_word' id='word_1_155' title='bbox 637 1839 741 1877; x_wconf 82' lang='lat' dir='ltr'><em>haud</em></span> <span class='ocrx_word' id='word_1_156' title='bbox 764 1854 828 1877; x_wconf 82' lang='lat' dir='ltr'><em>re-</em></span> 
     </span>
     <span class='ocr_line' id='line_1_28' title="bbox 167 1898 827 1949; baseline 0.005 -18"><span class='ocrx_word' id='word_1_157' title='bbox 167 1903 361 1944; x_wconf 82' lang='lat' dir='ltr'><em>cusarent,</em></span> <span class='ocrx_word' id='word_1_158' title='bbox 392 1898 576 1933; x_wconf 86' lang='lat' dir='ltr'><em>nimirum</em></span> <span class='ocrx_word' id='word_1_159' title='bbox 597 1899 686 1949; x_wconf 84' lang='lat' dir='ltr'><em>quia</em></span> <span class='ocrx_word' id='word_1_160' title='bbox 713 1899 827 1934; x_wconf 86' lang='lat' dir='ltr'>Dori-</span> 
     </span>
     <span class='ocr_line' id='line_1_29' title="bbox 169 1953 826 2005; baseline 0.005 -17"><span class='ocrx_word' id='word_1_161' title='bbox 169 1965 275 1989; x_wconf 83' lang='lat' dir='ltr'><strong>enses</strong></span> <span class='ocrx_word' id='word_1_162' title='bbox 308 1954 451 2005; x_wconf 80' lang='lat' dir='ltr'><em>populo</em></span> <span class='ocrx_word' id='word_1_163' title='bbox 494 1955 625 1991; x_wconf 81' lang='lat' dir='ltr'>lonico</span> <span class='ocrx_word' id='word_1_164' title='bbox 665 1953 826 1992; x_wconf 83' lang='lat' dir='ltr'><strong>dedide-</strong></span> 
     </span>
     <span class='ocr_line' id='line_1_30' title="bbox 167 2010 265 2046; baseline 0.01 -1"><span class='ocrx_word' id='word_1_165' title='bbox 167 2010 265 2046; x_wconf 81' lang='lat' dir='ltr'><em>rat.“</em></span> 
     </span>
    </p>

    <p class='ocr_par' dir='ltr' id='par_1_9' title="bbox 168 2061 830 2850">
     <span class='ocr_line' id='line_1_31' title="bbox 223 2061 822 2118; baseline 0.002 -14"><span class='ocrx_word' id='word_1_166' title='bbox 223 2061 326 2112; x_wconf 82' lang='grc' dir='ltr'><em>ὅκως</em></span> <span class='ocrx_word' id='word_1_167' title='bbox 358 2064 398 2114; x_wconf 80' lang='grc' dir='ltr'><em>ἐξ</em></span> <span class='ocrx_word' id='word_1_168' title='bbox 436 2064 603 2118; x_wconf 70' lang='grc' dir='ltr'><em>ὑστέρης</em></span> <span class='ocrx_word' id='word_1_169' title='bbox 632 2082 668 2106; x_wconf 92' lang='grc' dir='ltr'><em>κ.</em></span> <span class='ocrx_word' id='word_1_170' title='bbox 705 2082 738 2105; x_wconf 88' lang='grc' dir='ltr'><em>τ.</em></span> <span class='ocrx_word' id='word_1_171' title='bbox 768 2068 822 2116; x_wconf 90' lang='grc' dir='ltr'><em>λ.]</em></span> 
     </span>
     <span class='ocr_line' id='line_1_32' title="bbox 169 2121 826 2174; baseline 0.003 -16"><span class='ocrx_word' id='word_1_172' title='bbox 169 2123 194 2158; x_wconf 93' lang='lat' dir='ltr'><em>i.</em></span> <span class='ocrx_word' id='word_1_173' title='bbox 207 2135 240 2159; x_wconf 85' lang='lat' dir='ltr'><em>e.</em></span> <span class='ocrx_word' id='word_1_174' title='bbox 258 2121 378 2160; x_wconf 73' lang='lat' dir='ltr'><em>Videte</em></span> <span class='ocrx_word' id='word_1_175' title='bbox 390 2154 400 2171; x_wconf 94' lang='lat'>,</span> <span class='ocrx_word' id='word_1_176' title='bbox 422 2136 464 2160; x_wconf 77' lang='lat' dir='ltr'><em>ne</em></span> <span class='ocrx_word' id='word_1_177' title='bbox 484 2124 710 2174; x_wconf 80' lang='lat' dir='ltr'><em>(Spartani)</em></span> <span class='ocrx_word' id='word_1_178' title='bbox 726 2128 826 2174; x_wconf 76' lang='lat' dir='ltr'><em>post-</em></span> 
     </span>
     <span class='ocr_line' id='line_1_33' title="bbox 169 2178 827 2219; baseline 0.006 -5"><span class='ocrx_word' id='word_1_179' title='bbox 169 2178 236 2215; x_wconf 78' lang='grc' dir='ltr'><em>Ῐιαε</em></span> <span class='ocrx_word' id='word_1_180' title='bbox 258 2181 442 2217; x_wconf 75' lang='lat' dir='ltr'><em>exitiosum</em></span> <span class='ocrx_word' id='word_1_181' title='bbox 470 2182 602 2218; x_wconf 79' lang='lat' dir='ltr'><em>malum</em></span> <span class='ocrx_word' id='word_1_182' title='bbox 629 2184 666 2219; x_wconf 78' lang='lat' dir='ltr'><em>in</em></span> <span class='ocrx_word' id='word_1_183' title='bbox 697 2184 827 2218; x_wconf 79' lang='lat' dir='ltr'><em>terram</em></span> 
     </span>
     <span class='ocr_line' id='line_1_34' title="bbox 169 2237 827 2288; baseline 0.005 -17"><span class='ocrx_word' id='word_1_184' title='bbox 169 2237 371 2275; x_wconf 78' lang='lat' dir='ltr'><em>immittant.</em></span> <span class='ocrx_word' id='word_1_185' title='bbox 429 2238 486 2273; x_wconf 84' lang='lat' dir='ltr'><em>De</em></span> <span class='ocrx_word' id='word_1_186' title='bbox 524 2244 710 2275; x_wconf 86' lang='lat' dir='ltr'><em>structura</em></span> <span class='ocrx_word' id='word_1_187' title='bbox 737 2250 827 2288; x_wconf 79' lang='lat' dir='ltr'><em>par-</em></span> 
     </span>
     <span class='ocr_line' id='line_1_35' title="bbox 168 2289 826 2344; baseline 0.006 -17"><span class='ocrx_word' id='word_1_188' title='bbox 168 2292 306 2328; x_wconf 83' lang='lat' dir='ltr'><em>ticulae</em></span> <span class='ocrx_word' id='word_1_189' title='bbox 326 2289 428 2340; x_wconf 75' lang='grc' dir='ltr'><em>ὅκως</em></span> <span class='ocrx_word' id='word_1_190' title='bbox 448 2294 548 2331; x_wconf 88' lang='lat' dir='ltr'><strong>conf.</strong></span> <span class='ocrx_word' id='word_1_191' title='bbox 569 2296 634 2344; x_wconf 83' lang='grc' dir='ltr'><em>ΠΙ,</em></span> <span class='ocrx_word' id='word_1_192' title='bbox 658 2294 750 2341; x_wconf 82' lang='lat'>135,</span> <span class='ocrx_word' id='word_1_193' title='bbox 771 2301 826 2339; x_wconf 83' lang='lat' dir='ltr'><em>et,</em></span> 
     </span>
     <span class='ocr_line' id='line_1_36' title="bbox 172 2348 825 2399; baseline 0.006 -15"><span class='ocrx_word' id='word_1_194' title='bbox 172 2360 270 2399; x_wconf 85' lang='lat' dir='ltr'><em>quae</em></span> <span class='ocrx_word' id='word_1_195' title='bbox 288 2348 473 2387; x_wconf 80' lang='lat' dir='ltr'><em>Valcken.</em></span> <span class='ocrx_word' id='word_1_196' title='bbox 494 2350 554 2390; x_wconf 84' lang='lat' dir='ltr'><em>ad.</em></span> <span class='ocrx_word' id='word_1_197' title='bbox 581 2350 620 2390; x_wconf 89' lang='lat' dir='ltr'><em>h.</em></span> <span class='ocrx_word' id='word_1_198' title='bbox 642 2352 668 2389; x_wconf 92' lang='lat' dir='ltr'><em>l.</em></span> <span class='ocrx_word' id='word_1_199' title='bbox 704 2350 825 2399; x_wconf 83' lang='lat' dir='ltr'><em>affert,</em></span> 
     </span>
     <span class='ocr_line' id='line_1_37' title="bbox 172 2403 826 2460; baseline 0.011 -21"><span class='ocrx_word' id='word_1_200' title='bbox 172 2403 394 2442; x_wconf 86' lang='lat' dir='ltr'><em>Herodoteis</em></span> <span class='ocrx_word' id='word_1_201' title='bbox 413 2407 625 2445; x_wconf 81' lang='lat' dir='ltr'>simillima:</span> <span class='ocrx_word' id='word_1_202' title='bbox 661 2406 826 2460; x_wconf 86' lang='lat' dir='ltr'><strong>Thucy-</strong></span> 
     </span>
     <span class='ocr_line' id='line_1_38' title="bbox 174 2459 825 2513; baseline 0.009 -17"><span class='ocrx_word' id='word_1_203' title='bbox 174 2459 250 2498; x_wconf 88' lang='lat' dir='ltr'>did.</span> <span class='ocrx_word' id='word_1_204' title='bbox 272 2462 338 2508; x_wconf 87' lang='lat'>111,</span> <span class='ocrx_word' id='word_1_205' title='bbox 360 2461 426 2501; x_wconf 84' lang='lat'><em>57.</em></span> <span class='ocrx_word' id='word_1_206' title='bbox 447 2464 609 2513; x_wconf 83' lang='lat' dir='ltr'><strong>Diogen.</strong></span> <span class='ocrx_word' id='word_1_207' title='bbox 631 2465 757 2502; x_wconf 79' lang='lat' dir='ltr'><em>Laert.</em></span> <span class='ocrx_word' id='word_1_208' title='bbox 777 2465 825 2513; x_wconf 87' lang='grc' dir='ltr'><em>ΙΙ,</em></span> 
     </span>
     <span class='ocr_line' id='line_1_39' title="bbox 178 2516 827 2569; baseline 0.012 -17"><span class='ocrx_word' id='word_1_209' title='bbox 178 2519 270 2557; x_wconf 81' lang='lat'><strong>102.</strong></span> <span class='ocrx_word' id='word_1_210' title='bbox 317 2516 494 2569; x_wconf 85' lang='lat' dir='ltr'><strong>Aeschyl.</strong></span> <span class='ocrx_word' id='word_1_211' title='bbox 523 2519 718 2560; x_wconf 78' lang='lat' dir='ltr'><em>Prometh.</em></span> <span class='ocrx_word' id='word_1_212' title='bbox 761 2524 827 2562; x_wconf 86' lang='grc'><em>68.</em></span> 
     </span>
     <span class='ocr_line' id='line_1_40' title="bbox 174 2574 827 2625; baseline 0.009 -17"><span class='ocrx_word' id='word_1_213' title='bbox 174 2574 216 2608; x_wconf 87' lang='lat' dir='ltr'><em>In</em></span> <span class='ocrx_word' id='word_1_214' title='bbox 245 2585 320 2625; x_wconf 90' lang='lat' dir='ltr'><em>qua</em></span> <span class='ocrx_word' id='word_1_215' title='bbox 348 2581 555 2622; x_wconf 81' lang='lat' dir='ltr'><em>structura,</em></span> <span class='ocrx_word' id='word_1_216' title='bbox 600 2575 758 2613; x_wconf 79' lang='lat' dir='ltr'><em>docente</em></span> <span class='ocrx_word' id='word_1_217' title='bbox 779 2578 827 2614; x_wconf 87' lang='lat' dir='ltr'><em>G.</em></span> 
     </span>
     <span class='ocr_line' id='line_1_41' title="bbox 176 2630 828 2682; baseline 0.009 -18"><span class='ocrx_word' id='word_1_218' title='bbox 176 2630 396 2667; x_wconf 81' lang='lat' dir='ltr'>Hermanno</span> <span class='ocrx_word' id='word_1_219' title='bbox 435 2632 473 2667; x_wconf 89' lang='lat' dir='ltr'><em>in</em></span> <span class='ocrx_word' id='word_1_220' title='bbox 513 2632 672 2682; x_wconf 81' lang='lat' dir='ltr'><em>Opuscc.</em></span> <span class='ocrx_word' id='word_1_221' title='bbox 699 2633 750 2669; x_wconf 91' lang='lat' dir='ltr'><em>T.</em></span> <span class='ocrx_word' id='word_1_222' title='bbox 778 2635 828 2670; x_wconf 83' lang='lat' dir='ltr'><em>lv</em></span> 
     </span>
     <span class='ocr_line' id='line_1_42' title="bbox 176 2689 830 2738; baseline 0.009 -18"><span class='ocrx_word' id='word_1_223' title='bbox 176 2697 262 2735; x_wconf 82' lang='lat' dir='ltr'><em>pag.</em></span> <span class='ocrx_word' id='word_1_224' title='bbox 301 2691 377 2728; x_wconf 81' lang='lat'><em>127</em></span> <span class='ocrx_word' id='word_1_225' title='bbox 415 2689 676 2725; x_wconf 85' lang='lat' dir='ltr'><em>coniunctivus</em></span> <span class='ocrx_word' id='word_1_226' title='bbox 713 2691 830 2738; x_wconf 83' lang='lat' dir='ltr'><em>parti-</em></span> 
     </span>
     <span class='ocr_line' id='line_1_43' title="bbox 176 2738 830 2797; baseline 0.009 -21"><span class='ocrx_word' id='word_1_227' title='bbox 176 2742 301 2778; x_wconf 88' lang='lat' dir='ltr'>culam</span> <span class='ocrx_word' id='word_1_228' title='bbox 321 2738 425 2789; x_wconf 79' lang='grc' dir='ltr'><em>ὅκως</em></span> <span class='ocrx_word' id='word_1_229' title='bbox 459 2746 619 2795; x_wconf 79' lang='lat' dir='ltr'><em>excipit,</em></span> <span class='ocrx_word' id='word_1_230' title='bbox 649 2747 830 2797; x_wconf 80' lang='lat' dir='ltr'><em>quoniam</em></span> 
     </span>
     <span class='ocr_line' id='line_1_44' title="bbox 177 2806 829 2850; baseline 0.011 -18"><span class='ocrx_word' id='word_1_231' title='bbox 177 2810 273 2847; x_wconf 80' lang='lat' dir='ltr'><em>quae</em></span> <span class='ocrx_word' id='word_1_232' title='bbox 292 2806 501 2850; x_wconf 82' lang='lat' dir='ltr'><em>sequuntur</em></span> <span class='ocrx_word' id='word_1_233' title='bbox 530 2814 607 2837; x_wconf 89' lang='lat' dir='ltr'><em>uon</em></span> <span class='ocrx_word' id='word_1_234' title='bbox 640 2807 720 2838; x_wconf 83' lang='lat' dir='ltr'><em>tam</em></span> <span class='ocrx_word' id='word_1_235' title='bbox 749 2814 829 2839; x_wconf 89' lang='lat' dir='ltr'><em>mo-</em></span> 
     </span>
    </p>
   </div>
   <div class='ocr_carea' id='block_1_9' title="bbox 1542 975 1817 1147">
    <p class='ocr_par' dir='ltr' id='par_1_10' title="bbox 1542 975 1817 1147">
     <span class='ocr_line' id='line_1_45' title="bbox 1542 975 1775 1011; baseline 0.009 -10"><span class='ocrx_word' id='word_1_236' title='bbox 1542 975 1658 1009; x_wconf 79' lang='lat' dir='ltr'><em>Quibus</em></span> <span class='ocrx_word' id='word_1_237' title='bbox 1684 977 1775 1011; x_wconf 72' lang='lat' dir='ltr'><em>tergi-</em></span> 
     </span>
     <span class='ocr_line' id='line_1_46' title="bbox 1542 1009 1817 1045; baseline 0.004 -9"><span class='ocrx_word' id='word_1_238' title='bbox 1542 1009 1748 1045; x_wconf 66' lang='lat' dir='ltr'><em>versantibus,</em></span> <span class='ocrx_word' id='word_1_239' title='bbox 1768 1019 1817 1037; x_wconf 70' lang='lat' dir='ltr'><em>cx-</em></span> 
     </span>
     <span class='ocr_line' id='line_1_47' title="bbox 1542 1045 1779 1079; baseline 0.004 -9"><span class='ocrx_word' id='word_1_240' title='bbox 1542 1045 1643 1079; x_wconf 78' lang='lat' dir='ltr'>cmplo</span> <span class='ocrx_word' id='word_1_241' title='bbox 1669 1045 1779 1071; x_wconf 80' lang='lat' dir='ltr'>Glauci</span> 
     </span>
     <span class='ocr_line' id='line_1_48' title="bbox 1542 1078 1800 1113; baseline 0.012 -10"><span class='ocrx_word' id='word_1_242' title='bbox 1542 1078 1690 1113; x_wconf 71' lang='lat' dir='ltr'><em>Spartani</em></span> <span class='ocrx_word' id='word_1_243' title='bbox 1715 1078 1800 1106; x_wconf 83' lang='lat' dir='ltr'><em>frau-</em></span> 
     </span>
     <span class='ocr_line' id='line_1_49' title="bbox 1638 1112 1816 1147; baseline 0.006 -9"><span class='ocrx_word' id='word_1_244' title='bbox 1638 1112 1645 1117; x_wconf 78' lang='grc'><strong>”</strong></span> <span class='ocrx_word' id='word_1_245' title='bbox 1698 1112 1816 1147; x_wconf 73' lang='lat' dir='ltr'><em>deposi·</em></span> 
     </span>
    </p>
   </div>
   <div class='ocr_carea' id='block_1_10' title="bbox 1546 1149 1800 1176">
    <p class='ocr_par' dir='ltr' id='par_1_11' title="bbox 1546 1149 1800 1176">
     <span class='ocr_line' id='line_1_50' title="bbox 1546 1149 1800 1176; baseline 0.008 -2"><span class='ocrx_word' id='word_1_246' title='bbox 1546 1153 1575 1175; x_wconf 87' lang='grc' dir='ltr'><em>ιο</em></span> <span class='ocrx_word' id='word_1_247' title='bbox 1594 1149 1694 1176; x_wconf 72' lang='lat' dir='ltr'><em>moliti</em></span> <span class='ocrx_word' id='word_1_248' title='bbox 1717 1149 1800 1176; x_wconf 75' lang='lat' dir='ltr'>idco-</span> 
     </span>
    </p>
   </div>
   <div class='ocr_carea' id='block_1_11' title="bbox 880 1274 1544 2849">
    <p class='ocr_par' dir='ltr' id='par_1_12' title="bbox 881 1274 1541 1604">
     <span class='ocr_line' id='line_1_51' title="bbox 883 1274 1541 1325; baseline -0.003 -15"><span class='ocrx_word' id='word_1_249' title='bbox 883 1274 1029 1321; x_wconf 83' lang='lat' dir='ltr'><em>nentis,</em></span> <span class='ocrx_word' id='word_1_250' title='bbox 1061 1285 1179 1325; x_wconf 82' lang='lat' dir='ltr'><em>quam</em></span> <span class='ocrx_word' id='word_1_251' title='bbox 1208 1274 1412 1310; x_wconf 80' lang='lat' dir='ltr'><em>metuentis</em></span> <span class='ocrx_word' id='word_1_252' title='bbox 1441 1280 1541 1309; x_wconf 78' lang='lat' dir='ltr'><em>sunt.</em></span> 
     </span>
     <span class='ocr_line' id='line_1_52' title="bbox 881 1326 1538 1380; baseline -0.002 -14"><span class='ocrx_word' id='word_1_253' title='bbox 881 1331 1070 1367; x_wconf 86' lang='lat' dir='ltr'><em>Futurum</em></span> <span class='ocrx_word' id='word_1_254' title='bbox 1088 1337 1173 1380; x_wconf 87' lang='lat' dir='ltr'><em>post</em></span> <span class='ocrx_word' id='word_1_255' title='bbox 1195 1326 1298 1377; x_wconf 78' lang='grc' dir='ltr'><em>ὅκως</em></span> <span class='ocrx_word' id='word_1_256' title='bbox 1322 1332 1538 1380; x_wconf 82' lang='lat' dir='ltr'><em>Nosterpo-</em></span> 
     </span>
     <span class='ocr_line' id='line_1_53' title="bbox 881 1385 1541 1434; baseline -0.002 -11"><span class='ocrx_word' id='word_1_257' title='bbox 881 1389 955 1424; x_wconf 88' lang='lat' dir='ltr'><em>suit</em></span> <span class='ocrx_word' id='word_1_258' title='bbox 975 1387 1072 1423; x_wconf 84' lang='lat' dir='ltr'><em>infra</em></span> <span class='ocrx_word' id='word_1_259' title='bbox 1093 1388 1155 1434; x_wconf 91' lang='lat' dir='ltr'><em>Vl,</em></span> <span class='ocrx_word' id='word_1_260' title='bbox 1183 1389 1275 1427; x_wconf 79' lang='lat'><strong>133.</strong></span> <span class='ocrx_word' id='word_1_261' title='bbox 1308 1409 1360 1415; x_wconf 88' lang='lat'><em>-—</em></span> <span class='ocrx_word' id='word_1_262' title='bbox 1399 1385 1461 1422; x_wconf 84' lang='lat' dir='ltr'><em>Ad</em></span> <span class='ocrx_word' id='word_1_263' title='bbox 1482 1387 1541 1422; x_wconf 93' lang='lat' dir='ltr'><em>lo-</em></span> 
     </span>
     <span class='ocr_line' id='line_1_54' title="bbox 884 1441 1539 1495; baseline 0 -15"><span class='ocrx_word' id='word_1_264' title='bbox 884 1445 1077 1481; x_wconf 84' lang='lat' dir='ltr'><em>cutionem</em></span> <span class='ocrx_word' id='word_1_265' title='bbox 1107 1442 1146 1490; x_wconf 77' lang='grc' dir='ltr'><em>ἐξ</em></span> <span class='ocrx_word' id='word_1_266' title='bbox 1177 1441 1342 1495; x_wconf 73' lang='grc' dir='ltr'><em>ὑστέρης</em></span> <span class='ocrx_word' id='word_1_267' title='bbox 1362 1443 1464 1479; x_wconf 88' lang='lat' dir='ltr'>conf.</span> <span class='ocrx_word' id='word_1_268' title='bbox 1494 1444 1539 1491; x_wconf 87' lang='lat' dir='ltr'><em>V,</em></span> 
     </span>
     <span class='ocr_line' id='line_1_55' title="bbox 887 1495 1540 1552; baseline 0.003 -16"><span class='ocrx_word' id='word_1_269' title='bbox 887 1503 965 1541; x_wconf 85' lang='lat'><em>106</em></span> <span class='ocrx_word' id='word_1_270' title='bbox 998 1507 1036 1537; x_wconf 83' lang='lat' dir='ltr'><em>et</em></span> <span class='ocrx_word' id='word_1_271' title='bbox 1064 1499 1111 1537; x_wconf 87' lang='lat' dir='ltr'><em>de</em></span> <span class='ocrx_word' id='word_1_272' title='bbox 1141 1513 1236 1538; x_wconf 80' lang='lat' dir='ltr'>voce</span> <span class='ocrx_word' id='word_1_273' title='bbox 1275 1495 1540 1552; x_wconf 76' lang='grc' dir='ltr'><em>πανώλεθρον</em></span> 
     </span>
     <span class='ocr_line' id='line_1_56' title="bbox 882 1555 1322 1604; baseline -0.005 -9"><span class='ocrx_word' id='word_1_274' title='bbox 882 1555 959 1595; x_wconf 77' lang='lat' dir='ltr'><strong>vid.</strong></span> <span class='ocrx_word' id='word_1_275' title='bbox 981 1563 1077 1594; x_wconf 86' lang='lat' dir='ltr'><em>nott.</em></span> <span class='ocrx_word' id='word_1_276' title='bbox 1099 1555 1147 1593; x_wconf 86' lang='lat' dir='ltr'><em>ad</em></span> <span class='ocrx_word' id='word_1_277' title='bbox 1166 1557 1211 1604; x_wconf 87' lang='lat' dir='ltr'><em>V,</em></span> <span class='ocrx_word' id='word_1_278' title='bbox 1230 1559 1322 1597; x_wconf 78' lang='lat'><strong>106.</strong></span> 
     </span>
    </p>

    <p class='ocr_par' dir='ltr' id='par_1_13' title="bbox 880 1610 1544 2118">
     <span class='ocr_line' id='line_1_57' title="bbox 939 1610 1541 1664; baseline -0.002 -12"><span class='ocrx_word' id='word_1_279' title='bbox 939 1610 1211 1664; x_wconf 84' lang='grc' dir='ltr'><em>ἐπισπόμενον</em></span> <span class='ocrx_word' id='word_1_280' title='bbox 1242 1633 1298 1641; x_wconf 92' lang='grc'><strong>-</strong></span> <span class='ocrx_word' id='word_1_281' title='bbox 1325 1610 1420 1660; x_wconf 77' lang='grc' dir='ltr'><em>τούς</em></span> <span class='ocrx_word' id='word_1_282' title='bbox 1468 1610 1541 1652; x_wconf 73' lang='grc' dir='ltr'><em>ἅν-</em></span> 
     </span>
     <span class='ocr_line' id='line_1_58' title="bbox 884 1670 1542 1721; baseline -0.005 -12"><span class='ocrx_word' id='word_1_283' title='bbox 884 1670 1006 1721; x_wconf 86' lang='grc' dir='ltr'><em>δρας]</em></span> <span class='ocrx_word' id='word_1_284' title='bbox 1028 1671 1053 1708; x_wconf 89' lang='lat' dir='ltr'><em>i.</em></span> <span class='ocrx_word' id='word_1_285' title='bbox 1075 1684 1110 1706; x_wconf 87' lang='lat' dir='ltr'><em>e.</em></span> <span class='ocrx_word' id='word_1_286' title='bbox 1130 1672 1183 1707; x_wconf 88' lang='lat' dir='ltr'><em>ita</em></span> <span class='ocrx_word' id='word_1_287' title='bbox 1196 1671 1301 1720; x_wconf 82' lang='lat' dir='ltr'><em>pacti</em></span> <span class='ocrx_word' id='word_1_288' title='bbox 1321 1673 1404 1706; x_wconf 84' lang='lat' dir='ltr'><em>sunt</em></span> <span class='ocrx_word' id='word_1_289' title='bbox 1420 1683 1542 1706; x_wconf 80' lang='lat' dir='ltr'><em>s.con-</em></span> 
     </span>
     <span class='ocr_line' id='line_1_59' title="bbox 883 1726 1542 1777; baseline -0.002 -13"><span class='ocrx_word' id='word_1_290' title='bbox 883 1739 1023 1774; x_wconf 76' lang='lat' dir='ltr'><em>venere,</em></span> <span class='ocrx_word' id='word_1_291' title='bbox 1058 1731 1098 1763; x_wconf 83' lang='lat' dir='ltr'><em>ut</em></span> <span class='ocrx_word' id='word_1_292' title='bbox 1121 1726 1363 1777; x_wconf 73' lang='lat' dir='ltr'><em>Leutyclzicles</em></span> <span class='ocrx_word' id='word_1_293' title='bbox 1380 1729 1474 1777; x_wconf 79' lang='lat' dir='ltr'><em>ipsos</em></span> <span class='ocrx_word' id='word_1_294' title='bbox 1490 1740 1542 1763; x_wconf 81' lang='lat' dir='ltr'><em>se-</em></span> 
     </span>
     <span class='ocr_line' id='line_1_60' title="bbox 884 1783 1542 1831; baseline -0.002 -10"><span class='ocrx_word' id='word_1_295' title='bbox 884 1788 987 1821; x_wconf 78' lang='lat' dir='ltr'><em>cutus</em></span> <span class='ocrx_word' id='word_1_296' title='bbox 1017 1783 1195 1831; x_wconf 78' lang='lat' dir='ltr'><em>Athenas,</em></span> <span class='ocrx_word' id='word_1_297' title='bbox 1234 1785 1328 1820; x_wconf 80' lang='lat' dir='ltr'><em>viros</em></span> <span class='ocrx_word' id='word_1_298' title='bbox 1355 1784 1542 1831; x_wconf 75' lang='lat' dir='ltr'><em>Aeginetis</em></span> 
     </span>
     <span class='ocr_line' id='line_1_61' title="bbox 883 1836 1544 1892; baseline 0.003 -15"><span class='ocrx_word' id='word_1_299' title='bbox 883 1839 1056 1877; x_wconf 76' lang='lat' dir='ltr'><em>redderet.</em></span> <span class='ocrx_word' id='word_1_300' title='bbox 1113 1842 1246 1892; x_wconf 82' lang='lat' dir='ltr'><em>Itaque</em></span> <span class='ocrx_word' id='word_1_301' title='bbox 1267 1838 1316 1876; x_wconf 83' lang='lat' dir='ltr'><em>ad</em></span> <span class='ocrx_word' id='word_1_302' title='bbox 1333 1836 1544 1890; x_wconf 82' lang='grc' dir='ltr'><em>ἐπισπόμε-</em></span> 
     </span>
     <span class='ocr_line' id='line_1_62' title="bbox 884 1895 1544 1946; baseline -0.006 -11"><span class='ocrx_word' id='word_1_303' title='bbox 884 1911 956 1936; x_wconf 90' lang='grc' dir='ltr'><em>νον</em></span> <span class='ocrx_word' id='word_1_304' title='bbox 975 1895 1100 1945; x_wconf 81' lang='lat' dir='ltr'><em>(cuius</em></span> <span class='ocrx_word' id='word_1_305' title='bbox 1113 1897 1198 1934; x_wconf 90' lang='lat' dir='ltr'>loco</span> <span class='ocrx_word' id='word_1_306' title='bbox 1214 1897 1304 1933; x_wconf 89' lang='lat' dir='ltr'>olim</span> <span class='ocrx_word' id='word_1_307' title='bbox 1324 1909 1439 1946; x_wconf 80' lang='lat' dir='ltr'><em>prave</em></span> <span class='ocrx_word' id='word_1_308' title='bbox 1457 1895 1544 1935; x_wconf 78' lang='grc' dir='ltr'><em>ἐπι-</em></span> 
     </span>
     <span class='ocr_line' id='line_1_63' title="bbox 884 1948 1541 2003; baseline -0.006 -11"><span class='ocrx_word' id='word_1_309' title='bbox 884 1948 1108 2003; x_wconf 78' lang='grc' dir='ltr'><em>σπώμενον,</em></span> <span class='ocrx_word' id='word_1_310' title='bbox 1129 1951 1207 1990; x_wconf 84' lang='lat' dir='ltr'><strong>vid.</strong></span> <span class='ocrx_word' id='word_1_311' title='bbox 1227 1960 1323 1990; x_wconf 83' lang='lat' dir='ltr'><em>nott.</em></span> <span class='ocrx_word' id='word_1_312' title='bbox 1345 1951 1393 1989; x_wconf 81' lang='lat' dir='ltr'><em>ad</em></span> <span class='ocrx_word' id='word_1_313' title='bbox 1417 1954 1446 2000; x_wconf 87' lang='grc' dir='ltr'><em>Ι,</em></span> <span class='ocrx_word' id='word_1_314' title='bbox 1470 1953 1541 2001; x_wconf 83' lang='grc'><em>91)</em></span> 
     </span>
     <span class='ocr_line' id='line_1_64' title="bbox 880 2005 1541 2061; baseline 0 -13"><span class='ocrx_word' id='word_1_315' title='bbox 880 2010 1004 2060; x_wconf 87' lang='lat' dir='ltr'><strong>suppl.</strong></span> <span class='ocrx_word' id='word_1_316' title='bbox 1031 2005 1176 2057; x_wconf 68' lang='grc' dir='ltr'><em>αὐτούς</em></span> <span class='ocrx_word' id='word_1_317' title='bbox 1205 2011 1285 2047; x_wconf 88' lang='lat' dir='ltr'><strong>scil.</strong></span> <span class='ocrx_word' id='word_1_318' title='bbox 1310 2006 1404 2055; x_wconf 69' lang='grc' dir='ltr'><em>τούς</em></span> <span class='ocrx_word' id='word_1_319' title='bbox 1425 2009 1541 2061; x_wconf 72' lang='grc' dir='ltr'><em>Αἰγι-</em></span> 
     </span>
     <span class='ocr_line' id='line_1_65' title="bbox 882 2065 1017 2118; baseline -0.007 -13"><span class='ocrx_word' id='word_1_320' title='bbox 882 2065 1017 2118; x_wconf 83' lang='grc' dir='ltr'><em>νήτας.</em></span> 
     </span>
    </p>

    <p class='ocr_par' dir='ltr' id='par_1_14' title="bbox 1051 2122 1373 2174">
     <span class='ocr_line' id='line_1_66' title="bbox 1051 2122 1373 2174; baseline 0 -15"><span class='ocrx_word' id='word_1_321' title='bbox 1051 2122 1144 2174; x_wconf 81' lang='lat' dir='ltr'><em>cap.</em></span> <span class='ocrx_word' id='word_1_322' title='bbox 1158 2124 1373 2160; x_wconf 76' lang='lat' dir='ltr'><strong>LXXXVI.</strong></span> 
     </span>
    </p>

    <p class='ocr_par' dir='ltr' id='par_1_15' title="bbox 882 2175 1543 2739">
     <span class='ocr_line' id='line_1_67' title="bbox 937 2175 1541 2231; baseline -0.005 -13"><span class='ocrx_word' id='word_1_323' title='bbox 937 2177 1011 2231; x_wconf 80' lang='grc' dir='ltr'><em>τήν</em></span> <span class='ocrx_word' id='word_1_324' title='bbox 1042 2175 1316 2231; x_wconf 79' lang='grc' dir='ltr'><em>παραθήκην]</em></span> <span class='ocrx_word' id='word_1_325' title='bbox 1354 2182 1411 2217; x_wconf 84' lang='lat' dir='ltr'><em>Ita</em></span> <span class='ocrx_word' id='word_1_326' title='bbox 1444 2178 1541 2216; x_wconf 84' lang='lat' dir='ltr'><em>eth.</em></span> 
     </span>
     <span class='ocr_line' id='line_1_68' title="bbox 883 2235 1541 2282; baseline -0.003 -8"><span class='ocrx_word' id='word_1_327' title='bbox 883 2237 910 2274; x_wconf 88' lang='lat' dir='ltr'><em>l.</em></span> <span class='ocrx_word' id='word_1_328' title='bbox 932 2244 968 2274; x_wconf 80' lang='lat' dir='ltr'><em>et</em></span> <span class='ocrx_word' id='word_1_329' title='bbox 988 2237 1086 2273; x_wconf 84' lang='lat' dir='ltr'><em>iufra</em></span> <span class='ocrx_word' id='word_1_330' title='bbox 1108 2238 1145 2282; x_wconf 64' lang='grc' dir='ltr'><em>ξ.</em></span> <span class='ocrx_word' id='word_1_331' title='bbox 1170 2239 1206 2276; x_wconf 86' lang='grc'><em>1.</em></span> <span class='ocrx_word' id='word_1_332' title='bbox 1232 2239 1270 2277; x_wconf 80' lang='grc'><em>2.</em></span> <span class='ocrx_word' id='word_1_333' title='bbox 1294 2237 1320 2276; x_wconf 76' lang='lat'><strong>4</strong></span> <span class='ocrx_word' id='word_1_334' title='bbox 1342 2235 1430 2273; x_wconf 87' lang='lat' dir='ltr'>dedi</span> <span class='ocrx_word' id='word_1_335' title='bbox 1451 2249 1541 2273; x_wconf 84' lang='lat' dir='ltr'><em>cum</em></span> 
     </span>
     <span class='ocr_line' id='line_1_69' title="bbox 883 2292 1543 2344; baseline -0.002 -13"><span class='ocrx_word' id='word_1_336' title='bbox 883 2292 1102 2344; x_wconf 78' lang='lat' dir='ltr'><strong>Scluveigh.</strong></span> <span class='ocrx_word' id='word_1_337' title='bbox 1123 2300 1159 2330; x_wconf 89' lang='lat' dir='ltr'><em>et</em></span> <span class='ocrx_word' id='word_1_338' title='bbox 1171 2293 1286 2331; x_wconf 84' lang='lat' dir='ltr'><strong>Gaisf.</strong></span> <span class='ocrx_word' id='word_1_339' title='bbox 1304 2294 1420 2330; x_wconf 86' lang='lat' dir='ltr'><em>trium</em></span> <span class='ocrx_word' id='word_1_340' title='bbox 1429 2292 1543 2330; x_wconf 85' lang='lat' dir='ltr'><strong>codd.</strong></span> 
     </span>
     <span class='ocr_line' id='line_1_70' title="bbox 884 2351 1543 2401; baseline -0.003 -13"><span class='ocrx_word' id='word_1_341' title='bbox 884 2364 933 2388; x_wconf 81' lang='lat' dir='ltr'><em>ex</em></span> <span class='ocrx_word' id='word_1_342' title='bbox 953 2351 1174 2388; x_wconf 79' lang='lat' dir='ltr'><em>auctoritate</em></span> <span class='ocrx_word' id='word_1_343' title='bbox 1196 2357 1232 2387; x_wconf 87' lang='lat' dir='ltr'><em>et</em></span> <span class='ocrx_word' id='word_1_344' title='bbox 1250 2351 1435 2401; x_wconf 84' lang='lat' dir='ltr'><em>probante</em></span> <span class='ocrx_word' id='word_1_345' title='bbox 1446 2351 1543 2386; x_wconf 90' lang='lat' dir='ltr'><em>Por—</em></span> 
     </span>
     <span class='ocr_line' id='line_1_71' title="bbox 882 2406 1543 2458; baseline -0.005 -13"><span class='ocrx_word' id='word_1_346' title='bbox 882 2421 964 2447; x_wconf 82' lang='lat' dir='ltr'><em>son.</em></span> <span class='ocrx_word' id='word_1_347' title='bbox 986 2406 1163 2445; x_wconf 82' lang='lat' dir='ltr'><strong>Adverss.</strong></span> <span class='ocrx_word' id='word_1_348' title='bbox 1193 2421 1232 2458; x_wconf 94' lang='lat' dir='ltr'><em>p.</em></span> <span class='ocrx_word' id='word_1_349' title='bbox 1260 2409 1342 2448; x_wconf 78' lang='lat'><em>298</em></span> <span class='ocrx_word' id='word_1_350' title='bbox 1363 2408 1449 2445; x_wconf 88' lang='lat' dir='ltr'>coll.</span> <span class='ocrx_word' id='word_1_351' title='bbox 1469 2407 1543 2443; x_wconf 89' lang='lat' dir='ltr'><em>Lo-</em></span> 
     </span>
     <span class='ocr_line' id='line_1_72' title="bbox 883 2462 1541 2516; baseline -0.005 -14"><span class='ocrx_word' id='word_1_352' title='bbox 883 2463 995 2502; x_wconf 72' lang='lat' dir='ltr'><strong>beck.</strong></span> <span class='ocrx_word' id='word_1_353' title='bbox 1017 2463 1065 2501; x_wconf 84' lang='lat' dir='ltr'><em>ad</em></span> <span class='ocrx_word' id='word_1_354' title='bbox 1084 2462 1343 2515; x_wconf 84' lang='lat' dir='ltr'><strong>Pl1rynich.p.</strong></span> <span class='ocrx_word' id='word_1_355' title='bbox 1361 2466 1443 2504; x_wconf 79' lang='lat'><em>312</em></span> <span class='ocrx_word' id='word_1_356' title='bbox 1462 2476 1541 2516; x_wconf 62' lang='grc' dir='ltr'><em>εεᾳ.</em></span> 
     </span>
     <span class='ocr_line' id='line_1_73' title="bbox 884 2520 1542 2573; baseline 0 -16"><span class='ocrx_word' id='word_1_357' title='bbox 884 2535 972 2558; x_wconf 85' lang='lat' dir='ltr'><em>cum</em></span> <span class='ocrx_word' id='word_1_358' title='bbox 981 2534 1073 2558; x_wconf 85' lang='lat' dir='ltr'><em>mox</em></span> <span class='ocrx_word' id='word_1_359' title='bbox 1083 2528 1262 2573; x_wconf 80' lang='lat' dir='ltr'><em>sequatur</em></span> <span class='ocrx_word' id='word_1_360' title='bbox 1272 2520 1542 2572; x_wconf 84' lang='grc' dir='ltr'><em>παραθέσθαι.</em></span> 
     </span>
     <span class='ocr_line' id='line_1_74' title="bbox 884 2574 1542 2630; baseline -0.006 -15"><span class='ocrx_word' id='word_1_361' title='bbox 884 2579 1008 2628; x_wconf 84' lang='lat' dir='ltr'>Vulgo</span> <span class='ocrx_word' id='word_1_362' title='bbox 1037 2574 1407 2630; x_wconf 81' lang='grc' dir='ltr'><em>παρακαταθήκην,</em></span> <span class='ocrx_word' id='word_1_363' title='bbox 1439 2574 1542 2628; x_wconf 87' lang='lat' dir='ltr'><em>quod</em></span> 
     </span>
     <span class='ocr_line' id='line_1_75' title="bbox 884 2631 1543 2686; baseline -0.003 -16"><span class='ocrx_word' id='word_1_364' title='bbox 884 2635 1027 2686; x_wconf 88' lang='lat' dir='ltr'><em>ubique</em></span> <span class='ocrx_word' id='word_1_365' title='bbox 1058 2634 1211 2670; x_wconf 82' lang='lat' dir='ltr'><em>retinuit</em></span> <span class='ocrx_word' id='word_1_366' title='bbox 1230 2632 1398 2670; x_wconf 86' lang='lat' dir='ltr'><strong>Bekker.</strong></span> <span class='ocrx_word' id='word_1_367' title='bbox 1458 2633 1490 2668; x_wconf 78' lang='lat' dir='ltr'><strong>V</strong></span> <span class='ocrx_word' id='word_1_368' title='bbox 1492 2631 1543 2668; x_wconf 89' lang='lat' dir='ltr'><em>id.</em></span> 
     </span>
     <span class='ocr_line' id='line_1_76' title="bbox 885 2689 1218 2739; baseline -0.003 -12"><span class='ocrx_word' id='word_1_369' title='bbox 885 2697 979 2728; x_wconf 86' lang='lat' dir='ltr'><em>nott.</em></span> <span class='ocrx_word' id='word_1_370' title='bbox 997 2689 1044 2727; x_wconf 81' lang='lat' dir='ltr'><em>ad</em></span> <span class='ocrx_word' id='word_1_371' title='bbox 1066 2691 1130 2739; x_wconf 85' lang='lat' dir='ltr'><em>Vl,</em></span> <span class='ocrx_word' id='word_1_372' title='bbox 1151 2693 1218 2731; x_wconf 81' lang='grc'><em>73.</em></span> 
     </span>
    </p>

    <p class='ocr_par' dir='ltr' id='par_1_16' title="bbox 885 2741 1544 2849">
     <span class='ocr_line' id='line_1_77' title="bbox 942 2741 1543 2799; baseline -0.005 -14"><span class='ocrx_word' id='word_1_373' title='bbox 942 2743 1172 2799; x_wconf 75' lang='grc' dir='ltr'><em>προφάσιας</em></span> <span class='ocrx_word' id='word_1_374' title='bbox 1191 2741 1341 2792; x_wconf 84' lang='grc' dir='ltr'><em>εἷλκον]</em></span> <span class='ocrx_word' id='word_1_375' title='bbox 1372 2745 1397 2783; x_wconf 89' lang='lat' dir='ltr'><em>i.</em></span> <span class='ocrx_word' id='word_1_376' title='bbox 1420 2756 1452 2777; x_wconf 79' lang='lat' dir='ltr'><em>e·</em></span> <span class='ocrx_word' id='word_1_377' title='bbox 1473 2754 1543 2777; x_wconf 77' lang='lat'><em>²110-</em></span> 
     </span>
     <span class='ocr_line' id='line_1_78' title="bbox 885 2797 1544 2849; baseline -0.011 -9"><span class='ocrx_word' id='word_1_378' title='bbox 885 2816 946 2840; x_wconf 66' lang='grc' dir='ltr'><em>ταε</em></span> <span class='ocrx_word' id='word_1_379' title='bbox 991 2803 1200 2849; x_wconf 78' lang='lat' dir='ltr'><em>trahebant,</em></span> <span class='ocrx_word' id='word_1_380' title='bbox 1261 2797 1544 2848; x_wconf 67' lang='lat' dir='ltr'><em>tergiversaban-</em></span> 
     </span>
    </p>
   </div>
  </div>
 </body>
</html>
