1897 3340
67 671 214 698 Getarum
232 670 270 698 de
289 670 342 698 im-

67 704 268 744 mort-aliine,

67 737 315 799 ἷίΡέἓὲέῑῑῒέἅᾞ·

67 809 154 832 natos
181 803 303 838 lugent:

67 841 249 865 mortuorum
282 837 328 863 su-

67 879 123 897 nus
148 870 341 905 gratulabun-

68 903 95 931 di
108 908 339 940 prosequuntur.

397 228 426 266 8
792 225 1247 262 llERODOTl

401 333 481 377 ὅσα
510 349 586 388 μιν
615 335 682 376 δεῖ
708 333 796 376 ἐπεί
824 349 867 376 τε
897 332 1061 388 ἐγένετο
1093 332 1335 387 ἀναπλῆσαι
1365 332 1500 383 κακὰ,
1541 331 1650 388 ἀνη-

398 400 600 456 γεόμενοι
629 399 681 442 τά
714 399 973 456 ἀνθρωπήϊα
992 399 1135 443 πάντα
1164 398 1331 442 πάθεα·
1361 399 1438 443 τὸν
1468 399 1510 442 δ’
1540 396 1653 442 ἄπο-

398 467 634 523 γενόμενον
659 467 881 520 παίζοντές
909 484 953 510 τε
976 468 1049 510 καὶ
1076 466 1282 523 ἡδόμενοι
1310 470 1366 522 γῇ
1397 466 1651 520 κρύπτουσι,

397 535 663 590 ἐπιλέγοντες
687 534 804 578 ὅσων
822 538 968 577 κακῶν
988 535 1330 590 ἐξαπαλλαχθεὶς,
1361 534 1447 577 ἔστι
1467 534 1512 578 ἐν
1534 531 1650 589 πάσῃ

305 595 337 641 5

395 601 665 659 εὐδαιμονίῃ.

730 604 783 646 Οἱ
804 602 850 645 δὲ
871 599 1116 655 κατύπερθε
1138 602 1462 658 Κρηστωναίων
1479 604 1651 643 ποιεῦσι
1661 607 1707 641 50

397 668 554 712 τοιάδε.
604 669 686 724 ἔχει
723 673 934 723 γυναῖκας
974 668 1154 719 ἕκαστος
1190 667 1369 718 πολλάς·
1417 667 1548 711 ἐπεάν
1587 663 1651 710 ὧν

399 753 464 787 τις
493 735 639 779 αὐτῶν
668 735 895 791 ἀποθάνῃ,
924 737 1063 788 κρίσις
1089 737 1252 790 γίνεται
1281 734 1442 790 μεγάλη
1464 739 1552 778 τῶν
1570 751 1652 790 γυ-

401 807 587 855 ναικῶν,
635 804 706 846 καὶ
757 804 899 857 φίλων
940 803 1131 846 σπουδαὶ
1170 802 1341 857 ἰσχυραὶ
1378 802 1477 855 περὶ
1511 803 1653 850 τοῦδε..

399 870 492 927 ἥτις
521 868 686 913 αὐτέων
725 869 917 925 ἐφιλέετο
958 868 1143 925 μάλιστα
1170 868 1258 913 ὑπὸ
1288 872 1368 912 τοῦ
1400 867 1574 922 ἀνδρός.
1625 867 1707 924 ἣ55

368 936 446 981 26’
488 937 542 980 ἂν
582 941 718 994 κριθῇ
759 937 831 980 καὶ
872 940 1056 992 τιμηθῇ,
1096 937 1442 991 ἐγκωμιασθεῖσα
1481 933 1569 979 ὑπό
1605 951 1651 978 τε

394 1003 572 1060 ἀνδρῶν
601 1005 674 1048 καὶ
702 1008 947 1059 γυναικῶν,
979 1003 1186 1060 σφάζεται
1209 1004 1253 1055 ἐς
1280 1002 1358 1047 τὸν
1386 1002 1532 1058 τάφον
1562 1001 1649 1046 ὑπὸ

340 1179 463 1215 Latini
492 1179 681 1214 imitantes
702 1184 860 1214 utuntur
879 1179 994 1216 verbo

340 1234 520 1284 implendi,
541 1235 700 1280 monuit,
722 1233 938 1271 Herodoteo
954 1233 994 1272 h.

340 1291 365 1326 l.
378 1291 503 1337 allato,
515 1289 670 1327 Walch.
683 1289 732 1326 ad
743 1291 867 1327 Tacit.
878 1292 996 1340 Agri-

339 1346 411 1382 col.
441 1345 495 1386 45
525 1358 613 1396 pag.
643 1345 738 1392 415,
769 1359 791 1381 a
823 1345 890 1383 Cr.
923 1361 994 1383 ex-

339 1402 484 1438 citatus.

367 1461 370 1465 Α
589 1467 682 1517 Cap.
703 1468 749 1504 V.

398 1566 473 1618 ἔχει
500 1570 691 1619 γυναῖκας
715 1566 876 1614 ἕκαστος
893 1571 992 1607 πολ-

340 1618 436 1671 λάς]
467 1622 615 1660 Eadem
636 1623 682 1660 de
703 1625 919 1661 Paeonibus
930 1625 993 1660 in—

340 1680 395 1715 fra
415 1680 460 1725 V,
485 1682 557 1726 163
586 1680 625 1715 in
648 1678 809 1716 eandem
838 1687 994 1717 senten-

340 1736 431 1771 tiam
442 1734 641 1786 Euripides
656 1736 694 1771 in
714 1735 900 1773 Androm.
914 1735 994 1777 215

341 1798 455 1842 atque
492 1791 629 1828 Strabo
659 1793 728 1828 vll
765 1806 803 1843 p.
845 1795 925 1832 297
964 1805 994 1828 s.

340 1846 435 1888 455.
468 1847 509 1893 C,
553 1854 713 1899 uterque
741 1861 762 1884 a
782 1849 995 1885 wesselin-

341 1904 403 1952 gio
432 1902 619 1940 laudatus.
678 1905 771 1940 Mox
803 1903 891 1941 dedi
925 1899 995 1942 αὕ-

340 1960 421 1996 τῶν
450 1972 517 2009 pro
548 1955 714 1999 αὐτέων.
768 1961 907 2009 Κρίσις
941 1966 994 1996 est

341 2014 564 2064 disceptatio,
608 2023 651 2053 ut
688 2017 768 2061 Vll,
809 2019 876 2056 26.
949 2018 993 2052 lu

342 2082 448 2121 seqq.
479 2069 650 2118 ἐφιλέετο
685 2073 817 2122 optimi
851 2073 993 2124 quique

342 2126 438 2162 libri.
496 2128 595 2162 Male
617 2128 708 2164 olim
728 2127 894 2176 ἐφίλετυ.
933 2127 994 2164 Ad

343 2183 457 2218 verba
477 2179 558 2221 ὖπό
588 2198 636 2222 τε
655 2180 816 2234 α’νὸρῶν
836 2183 902 2222 καὶ
925 2199 995 2235 γυ-

343 2240 494 2276 ναικῶν
511 2239 831 2276 coufiWellauer.
849 2241 885 2275 in
907 2239 995 2276 Iah-

345 2295 396 2329 nii
410 2307 452 2330 ac
462 2294 616 2331 Sebodii
635 2295 784 2334 Annall.
797 2297 995 2346 Supplem.

346 2351 359 2384 l
391 2350 536 2397 (1852)
569 2364 655 2402 pag.
686 2352 765 2393 385
802 2351 847 2388 de
869 2365 938 2388 usu
960 2359 997 2389 et

346 2407 428 2442 loco
448 2408 652 2456 particulae
674 2422 712 2445 τε
726 2437 735 2454 ,
770 2409 835 2444 ubi
857 2410 997 2445 articu-

345 2462 401 2498 lus
421 2464 566 2498 nomini
586 2477 661 2500 non
678 2463 838 2511 additur,
861 2478 998 2516 quem-

345 2516 554 2555 admodum
583 2522 621 2556 in
652 2521 832 2557 similibus
870 2522 992 2558 Nostri

345 2574 432 2610 locis
453 2575 481 2619 1,
506 2577 594 2614 106.
622 2576 710 2616 154.

389 2627 577 2677 σφάζεται
596 2631 634 2677 ἒς
645 2629 713 2669 τόν
725 2628 874 2681 τάφον]
894 2634 991 2668 Male

345 2685 434 2721 olim
455 2685 516 2725 ἐπὶ
541 2684 610 2725 τὸν
630 2683 773 2735 τάφον.
820 2690 992 2740 Namque

344 2742 393 2777 ita
413 2749 598 2780 mactatur
610 2745 756 2790 mulier,
779 2751 819 2780 nt
833 2748 870 2781 v'n
881 2748 993 2795 ipsum

345 2798 515 2835 'annulum
544 2801 695 2850 sanguis
725 2800 875 2837 defluat.
929 2802 992 2838 Si-

1051 1178 1149 1215 milis
1167 1179 1260 1215 ratio
1272 1178 1335 1225 IV,
1349 1180 1416 1225 62,
1436 1177 1503 1214 ubi
1521 1175 1598 1214 vid.
1610 1183 1707 1214 nott.

1053 1235 1135 1282 VII,
1162 1233 1253 1275 114.
1277 1236 1369 1274 113.
1426 1234 1521 1270 Mox
1541 1232 1630 1270 dedi
1650 1232 1707 1272 οἰ-

1052 1286 1284 1341 κηϊοτάτου
1325 1302 1415 1327 eum
1449 1297 1607 1327 receutt.
1636 1301 1707 1340 pro

1055 1342 1335 1397 οἰκηϊωτάτου
1358 1374 1369 1393 ,
1437 1345 1543 1398 quod
1594 1344 1709 1382 habet

1051 1401 1290 1440 Schaeferus.
1348 1403 1414 1439 Tu
1433 1402 1510 1440 vid.
1535 1403 1638 1439 Nott.
1660 1400 1709 1438 ad

1049 1460 1116 1505 III,
1149 1458 1216 1499 65.
1287 1459 1448 1495 Locutio
1494 1456 1709 1508 συμφορήν

1050 1517 1257 1553 ποιεῖσθαι
1279 1514 1536 1561 (calamitatem
1554 1515 1623 1551 sibi
1642 1515 1708 1552 du·

1051 1582 1123 1607 cere
1158 1569 1316 1619 aliquid,
1379 1570 1598 1607 calamitatis
1632 1570 1705 1607 loco

1050 1625 1191 1675 aliquid
1207 1625 1329 1661 habere
1354 1625 1499 1676 indeque
1520 1627 1639 1676 lugere
1662 1639 1706 1663 ac

1052 1682 1189 1731 dolere)
1231 1681 1425 1718 Herodoto
1454 1681 1558 1719 haud
1586 1683 1707 1720 infre-—

1051 1749 1194 1789 quens:
1216 1738 1279 1783 IV,
1301 1739 1353 1777 79
1373 1739 1464 1790 ibiq.
1483 1746 1563 1776 not.
1583 1740 1628 1786 V,
1638 1742 1706 1780 90.

1051 1793 1119 1834 35.
1151 1794 1213 1839 VI,
1236 1796 1302 1834 61-
1323 1795 1375 1834 86
1398 1796 1420 1840 ξ
1442 1797 1481 1835 3.
1506 1796 1587 1842 Vll,
1612 1798 1706 1836 118.

1050 1871 1106 1877 —
1136 1851 1320 1886 Getarum
1349 1863 1519 1900 morem,
1561 1864 1636 1904 quo
1665 1853 1705 1888 in

1051 1907 1121 1941 viri
1140 1906 1288 1942 tumulo
1310 1913 1496 1944 mactatur
1526 1921 1625 1944 uxor
1643 1921 1706 1944 re-

1052 1963 1158 2008 licta,
1200 1963 1321 2011 attigit
1352 1976 1505 2015 quoque
1537 1963 1706 2015 Stepha-

1051 2031 1121 2054 nus
1143 2020 1375 2069 Byzantinus
1395 2033 1424 2056 s.
1445 2034 1482 2057 v,
1516 2022 1644 2068 Γετία,
1665 2035 1706 2072 p·

1051 2076 1127 2114 271
1155 2073 1201 2110 de
1217 2077 1432 2121 certamine,
1464 2076 1567 2128 quod
1593 2091 1706 2128 super

1051 2128 1122 2166 hac
1155 2144 1195 2166 re
1224 2130 1352 2167 haberi
1381 2133 1507 2170 scribit
1527 2133 1704 2172 Herodo-

1051 2193 1132 2232 tus,
1161 2194 1300 2223 tacens.
1369 2188 1431 2225 Ad
1464 2189 1704 2228 Herodotum

1053 2244 1226 2292 proxime
1237 2244 1324 2280 facit
1335 2244 1466 2282 Cicero
1479 2247 1518 2282 in
1528 2247 1703 2285 Tuscull.

1051 2299 1101 2342 V,
1114 2300 1179 2345 27,
1199 2300 1264 2335 ubi
1279 2299 1504 2349 vid.1)avis.‚
1531 2304 1593 2340 oui
1613 2302 1702 2340 add.

1053 2355 1260 2405 interprett.
1304 2356 1352 2392 ad
1390 2359 1539 2396 Aelian.
1575 2360 1621 2397 V.
1652 2362 1702 2396 H.

1053 2412 1132 2456 vn,
1146 2413 1208 2450 18.
1238 2410 1344 2448 Idem
1365 2413 1465 2464 apud
1484 2414 1597 2452 Indos
1611 2417 1703 2452 olim

1053 2467 1212 2503 valuisse
1248 2481 1267 2503 e
1297 2469 1453 2506 Diodori
1488 2473 1702 2509 narratione

1054 2523 1274 2572 intelligitur
1309 2526 1416 2573 XIX,
1454 2529 1519 2568 33.
1542 2526 1607 2574 34,
1635 2529 1701 2566 ubi

1048 2578 1124 2618 vid.
1148 2581 1403 2631 VVesseling‚;
1444 2584 1535 2634 quin
1565 2586 1701 2621 etiam-

1049 2648 1142 2670 num
1174 2637 1298 2672 valere
1323 2651 1439 2674 nemo
1460 2639 1538 2675 sere
1568 2642 1699 2682 nescit.

1048 2690 1162 2727 Aliud
1213 2694 1443 2730 Graecarum
1499 2698 1699 2735 muliermn

1050 2749 1293 2798 exemplum,
1332 2763 1430 2801 quae
1460 2764 1591 2790 omnes
1619 2759 1702 2802 τοῖς

1051 2801 1244 2855 ἅνδρασιν
1274 2804 1416 2853 ἑαυτάς
1442 2806 1698 2859 ἐπικατέσφα-
