1897 3340
507 207 986 248 POLYMNIA.
1045 208 1147 244 VII.

11 338 13 341 ’
25 318 125 398 {54
198 320 373 378 Ταύτην
400 321 480 378 μὲν
509 320 588 376 τὴν
608 288 770 375 ἡμέρην
785 315 1211 398 παρασκευάζοντο’
1194 334 1236 369 ες
1255 317 1336 376 τὴν
1366 321 1459 364 διὰ-

390 406 442 446 τη
483 387 528 432 δὲ
557 385 762 440 ὑστεραίῃ
793 382 1009 439 ἀνέμενον
1048 385 1127 429 τὸν
1166 385 1317 444 ἥλιον,
1357 388 1486 432 {tie-l

189 393 332 446 βασιν.

1377 214 1462 254 529

1519 312 1669 342 Solennia
1695 319 1794 343 trann-

1517 347 1590 406 lttuffl
1610 357 1662 376 au).-
1659 349 1769 384 [116811-

1534 389 1562 407 la

189 463 338 509 λοντες
377 456 548 500 ἰδέσθαι
579 451 835 508 ἀνίσχοντα,
881 452 1141 510 θυμιήματά
1184 470 1228 498 τε
1269 461 1459 500 παντοῖα
1517 468 1598 509 536

189 528 258 571 ἐπὶ
305 529 394 569 τῶν
439 521 668 580 γεφυρέων
703 522 1029 576 καταγίζοντες,

132 737 345 776 davest.111
366 746 454 786 pag.
475 730 542 772 24.
602 732 676 778 Qui
697 746 790 771 sane

128 795 288 832 maximi
317 791 418 843 apud
448 791 581 826 Persas
604 789 791 827 habentur

127 852 230 901 genii
248 851 326 888 sive
340 849 402 896 dii,
424 847 577 898 reliquis
597 848 717 897 geniis
726 849 790 884 111-

126 907 326 944 ferioribus
357 905 464 958 quasi
493 904 687 955 praefecti,
727 911 790 942 to-

124 965 198 1002 tius
226 963 325 1001 orbis
353 970 539 1000 terrarum
569 975 701 998 curam
727 963 791 998 in-

125 1028 184 1058 ter
221 1034 261 1059 se
302 1020 463 1058 divisam
491 1020 632 1067 sortiti,
666 1021 718 1056 ita
747 1026 790 1056 ut

125 1079 254 1116 omnia
273 1079 313 1114 in
334 1078 440 1115 terris
451 1077 528 1113 ab
519 1077 607 1126 ipsis
627 1089 688 1113 leo
669 1077 708 1127 0¹⁰
729 1083 790 1113 at-

125 1148 199 1188 que
244 1135 423 1172 constitui
470 1140 664 1184 putentur.
729 1134 788 1170 De

123 1193 260 1244 quibus
281 1193 402 1228 multa
422 1189 580 1228 Rhode:
612 1192 685 1227 Die
704 1188 791 1227 hei-

123 1249 199 1300 lige
220 1249 321 1299 Sage
352 1248 417 1286 des
444 1246 679 1287 Zendvolks.
701 1261 790 1299 pag.

125 1306 206 1347 315
245 1319 353 1358 seqq.
421 1304 659 1350 Quibuscum
699 1318 790 1342 sane

122 1364 363 1401 'conveniunt
411 1374 540 1399 sacrae
583 1363 791 1412 scripturae

124 1420 334 1469 archangeli
351 1420 430 1456 sive
464 1420 582 1472 Ε’Ἶὶρ,
621 1419 688 1470 qui
729 1418 791 1456 dei

122 1477 226 1514 iussu
249 1477 399 1527 singula
438 1488 557 1525 regna
581 1482 790 1528 gentesque

123 1534 243 1571 sortiti
272 1540 452 1570 tueantur
484 1545 695 1585 earumque
732 1546 790 1570 res

124 1603 254 1628 coram
285 1590 357 1627 deo
387 1596 593 1640 peragant,
626 1591 691 1642 qui
710 1591 790 1640 ipse

123 1646 213 1685 hinc
260 1654 419 1685 vocatur
461 1647 667 1699 musy-5³23
698 1647 722 1686 i.
757 1661 790 1685 e.

120 1707 319 1756 principum
334 1703 680 1752 εὖΔτεΙιαηξρΙοηιτη
689 1707 791 1754 prin-

124 1774 203 1811 ceps
223 1760 325 1812 apud
345 1761 496 1797 Daniel.
520 1761 694 1808 V111,25.
725 1763 791 1798 Tu

123 1817 203 1855 vid.
225 1817 370 1855 ibidem
389 1819 440 1863 X,
466 1820 530 1857 13.
556 1819 723 1866 21.X11‚
753 1821 790 1858 1.

122 1876 260 1926 quue
292 1875 409 1911 etiam
428 1874 492 1909 illa
520 1875 710 1924 pertinere
731 1873 793 1911 di-

123 1933 223 1970 citur
273 1931 505 1968 Iudaeorum
564 1932 791 1982 superstitio,

124 1988 211 2041 quiz,
225 2001 315 2025 cum
334 1987 574 2038 septuaginta
593 1995 714 2025 terrae
735 1995 792 2026 to-

123 2047 196 2083 tius
207 2046 380 2082 nationes
390 2045 619 2094 statuissent,
635 2052 790 2096 septua-

121 2103 228 2154 ginta
249 2115 403 2154 quoque
425 2102 600 2151 angelos,
624 2104 689 2154 qui
710 2104 791 2139 sin-

121 2160 203 2211 guli
228 2160 385 2209 singulis
424 2159 641 2196 nationibus
676 2173 790 2211 prae-

122 2223 259 2264 essent,
292 2222 518 2253 statuerunt.
579 2216 690 2258 Conf,
713 2218 787 2254 Ge-

122 2285 204 2309 nes.
233 2273 303 2323 XI,
326 2275 364 2313 7.
385 2271 486 2310 Phil.
519 2273 618 2325 Opp.
641 2275 677 2310 ΙΙ
696 2286 786 2326 pag.

122 2326 218 2369 242.

331 2417 426 2470 cap.
456 2420 556 2457 LIV.

182 2489 376 2546 ἀνέμενον
408 2493 479 2536 τόν
508 2493 651 2548 ἥλιον]
704 2501 789 2537 Ex-

124 2559 312 2602 spectasse
324 2553 406 2590 illos
418 2554 500 2590 vult
522 2553 740 2592 Kleukem.
761 2557 788 2593 l.

123 2609 211 2646 solis
232 2616 359 2646 ortum
379 2616 421 2646 ut
449 2610 712 2660 proficiscendi
740 2613 794 2648 si-

125 2677 260 2715 gnum,
283 2668 424 2718 quippe
446 2667 583 2718 quibus
603 2668 682 2704 sole
694 2666 792 2705 duce

125 2723 356 2774 signumque
419 2721 533 2760 dante
588 2725 792 2775 progressis

127 2780 259 2815 omnia
291 2779 417 2816 forent
452 2792 646 2831 prospera.
720 2781 794 2827 Qui

126 2833 245 2883 idem,
264 2836 331 2872 ubi
351 2834 543 2874 advocem
555 2832 794 2890 θυμιήματα

184 2893 419 2932 Hnuono‘rf
431 2892 500 2931 111.

1099 522 1176 567 καὶ
1216 526 1457 583 μυρσίνῃσι

849 738 1026 780 annotat,
1078 732 1181 784 apud
1222 735 1355 772 Persas
1402 734 1517 773 thura

848 791 1016 842 aliasque
1029 790 1217 828 eiusmodi
1230 805 1287 828 res
1302 794 1515 830 maximam

845 859 1042 884 sacrorum
1081 850 1318 886 constituisse
1352 858 1515 900 partem,

847 905 1075 943 sacrificium
1104 905 1209 957 quod
1238 905 1278 943 11.
1301 907 1322 943 l.
1345 920 1516 944 comme-

846 969 1040 1009 moratur,
1080 961 1178 998 mari
1208 964 1322 1000 fuisse
1343 965 1515 1002 oblatum

845 1021 974 1057 statuit
993 1019 1072 1055 sive
1091 1021 1217 1070 potius
1239 1034 1380 1084 aquae,
1416 1035 1515 1074 quae

845 1083 930 1126 post
966 1078 1098 1126 ignem
1125 1070 1296 1113 maxime
1325 1079 1462 1115 colitur
1493 1093 1515 1116 a

847 1135 970 1170 Pelsis
997 1134 1098 1170 inter
1136 1147 1266 1171 rerum
1313 1136 1514 1174 elementa.

846 1191 979 1240 Bring.
1001 1191 1042 1226 in
1069 1191 1340 1229 Dissertatione
1363 1192 1411 1229 ad
1431 1194 1513 1241 VH,

849 1248 901 1289 35
930 1246 1084 1284 laudat&
1104 1262 1194 1299 pag.
1216 1251 1269 1289 37
1303 1248 1350 1286 de
1372 1249 1516 1301 duplici

847 1302 910 1341 hic
941 1306 1002 1355 agi
1026 1312 1134 1355 putat
1154 1305 1349 1355 sacrificio,
1371 1314 1414 1344 ut
1428 1315 1516 1344 ante

851 1368 979 1398 ortum
1009 1362 1096 1399 solis
1131 1361 1310 1400 odoribus
1333 1371 1369 1400 et
1390 1371 1517 1415 myrto

848 1419 1141 1469 Hellespontum
1189 1420 1260 1456 sibi
1306 1422 1517 1471 propitium

848 1475 1007 1512 reddere
1022 1505 1031 1523 ‚
1065 1483 1150 1526 post
1168 1477 1254 1513 solis
1275 1491 1365 1514 vero
1388 1486 1517 1515 ortum

847 1534 1030 1569 libatione
1050 1531 1154 1569 hunc
1176 1534 1273 1570 coeli
1292 1547 1426 1585 regem
1446 1548 1517 1572 ve-

847 1590 972 1626 nerari
993 1590 1156 1627 voluerit
1177 1591 1350 1637 Xerxe53
1383 1593 1449 1643 qui
1470 1593 1515 1628 li-

847 1647 1002 1684 batione
1042 1659 1133 1683 cum
1172 1649 1347 1697 precibus
1397 1650 1516 1694 facta,

849 1702 1040 1755 phialam,
1070 1710 1260 1740 craterem
1291 1718 1450 1742 aureum
1480 1713 1517 1741 et

848 1760 1019 1811 gladium
1042 1761 1238 1798 Persicum
1251 1763 1351 1799 mari
1370 1761 1515 1800 donare

848 1818 1010 1856 voluisse
1030 1816 1217 1856 videatur.

908 1933 1122 1987 μυρσίιῃσι
1168 1929 1402 1984 στορνύντες
1443 1949 1517 1984 την

848 1985 971 2038 ὁδὸν]
1004 1991 1091 2026 Duo
1119 1989 1231 2027 codd.
1249 1991 1435 2042 μυρσίνη.
1458 1990 1517 2030 Cf.

849 2046 949 2094 VIII
987 2048 1052 2094 99,
1094 2047 1162 2083 ubi
1195 2046 1332 2083 eadem
1362 2047 1519 2084 locutio.

847 2103 927 2140 Nec
947 2105 1069 2153 magis
1081 2102 1346 2154 recipiendum
1358 2117 1517 2154 στορεν-

846 2156 990 2206 νύντες
1011 2173 1060 2197 ex
1079 2160 1244 2197 Aldinae
1255 2165 1451 2211 margine3
1468 2161 1519 2199 cf.

847 2217 1082 2254 Strabonem
1110 2218 1201 2255 XIV
1228 2231 1268 2268 p.
1305 2218 1386 2258 646
1419 2231 1449 2255 s.
1479 2232 1518 2269 p.

847 2274 928 2315 956
940 2274 982 2311 C.
998 2275 1056 2310 De
1069 2275 1151 2325 ipso
1165 2281 1295 2311 autem
1307 2287 1427 2322 more,
1441 2288 1518 2326 quo

846 2331 925 2368 vias
954 2331 1109 2368 fioribus
1139 2330 1384 2384 odoratisque
1404 2333 1519 2368 ramis

846 2395 1089 2425 consternere
1118 2388 1191 2425 fuit
1219 2389 1387 2435 solitum,
1410 2390 1520 2439 plura

844 2445 1069 2496 interpretes
1091 2444 1139 2482 ad
1155 2444 1292 2482 Matth.
1313 2447 1422 2493 XXI,
1445 2448 1470 2486 8
1497 2458 1519 2483 a

846 2501 1107 2552 Wesselingio
1130 2503 1305 2550 excitati,
1339 2501 1519 2550 addente,

849 2558 990 2595 Xerxis
1019 2559 1188 2611 phialam
1223 2566 1260 2596 et
1287 2571 1376 2596 vasa
1405 2572 1519 2597 aurea

849 2613 890 2649 in
910 2627 1015 2652 mare
1035 2617 1265 2667 proficientis
1295 2617 1519 2666 exemplum

849 2677 981 2720 postea
1019 2680 1195 2711 secutum
1226 2685 1305 2710 esse
1345 2673 1519 2708 Alexan·

852 2725 965 2764 drum
1003 2730 1212 2781 Magnum,
1233 2736 1329 2766 teste
1358 2727 1518 2766 Diodor.

849 2783 982 2832 XVII,
1016 2786 1095 2826 104-
1127 2794 1164 2823 et
1203 2786 1356 2822 Arrian.
1393 2784 1520 2820 Anah.-

849 2839 914 2888 VI,
939 2843 990 2883 19
1011 2843 1050 2888 §.
1072 2845 1136 2883 11.
1195 2842 1304 2886 Quae
1325 2838 1522 2878 Herodoto
