1897 3340
621 212 929 253 ERATO.
989 213 1063 250 VI.
1396 219 1480 258 405

213 327 472 384 Λεωκήδης,
508 326 729 373 Φείδωνος
769 321 816 364 δὲ
844 323 925 365 τοῦ
960 319 1013 364 τὰ
1045 319 1179 375 μέτρα
1215 320 1479 378 ποιήσαντος

214 395 628 449 Πελοποννησίοισι,
658 390 731 433 καὶ
758 388 1024 445 1ὑβρίσαντος
1051 389 1228 444 μέγιστα
1257 389 1310 446 δή
1337 388 1477 445 Ἑλλή-

211 479 303 506 νων
333 460 548 511 ἁπάντων,
582 457 630 510 ὃς
656 456 948 514 ἐξαναστήσας
977 457 1080 507 τοὺς
1103 455 1283 500 Ἠλείων
1313 457 1478 512 α’γωνο-

210 531 361 580 θέτας,
410 525 541 577 αὐτὸς
577 525 656 569 τόν
686 525 733 568 ἐν
762 523 973 582 Ὀλυμπίῃ
1004 523 1155 581 ἀγῶνα
1185 525 1334 581 ἔθηκε·
1370 524 1532 568 τού-65

208 614 290 641 του
319 611 363 638 τε
391 594 443 650 δή
473 593 596 644 πάϊς·
637 593 710 636 καὶ
750 592 974 648 Ἀμίαντος
1002 592 1294 650 Λυκούργου,
1320 591 1476 648 Ἀρκὰς

206 665 254 708 ἐκ
294 665 640 718 Τραπεζοῦντος·
689 661 763 705 καὶ
787 658 912 716 Ἀζὴν
951 660 998 703 ἐκ
1031 661 1177 703 Παίου
1204 660 1358 712 πόλιος
1388 666 1472 705 Λα-

206 731 368 788 φάνης,
415 728 708 786 Εὐφορίωνος
748 732 829 772 τοῦ
869 728 1106 783 δεξαμένου
1146 745 1211 781 τε,
1254 728 1314 781 ὠς
1344 729 1473 785 λόγος

203 800 251 842 ἐν
289 790 493 854 Ἀρκαδίῃ
536 796 721 852 λέγεται,
770 795 878 847 τούς
925 796 1236 852 Διοσκούρους
1281 799 1471 850 οἰκίοισι,

201 868 276 911 καὶ
307 866 392 910 ἀπὸ
423 865 585 909 τούτου
615 863 963 917 ξεινοδοκέοντος
992 863 1159 915 πάντας
1191 863 1472 920 ἀνθρώπους·

176 934 282 978 4καὶ
311 932 475 985 Ἠλεῖος
510 931 780 989 Ὀνομαστὸς
812 930 1000 987 Ἀγαίου.
1059 928 1182 976 οὗτοι
1227 934 1306 988 μὲν
1348 932 1401 988 δὴ
1431 933 1528 986 έξ7ο

202 1002 337 1060 αὐτῆς
368 1000 713 1057 Πελοποννήσου
742 996 894 1057 ἦλθον.
953 1000 1023 1044 Ἐκ
1053 1001 1099 1044 δὲ
1124 999 1343 1058 Ἀθηνέων
1372 1000 1472 1044 ἀπί-

200 1087 332 1115 κοντο
375 1069 630 1127 Μεγακλέης
671 1085 715 1113 τε
752 1069 775 1113 ὁ
816 1069 1127 1125 Ἀλκμαίωνος,
1186 1067 1348 1114 τούτου
1386 1071 1470 1112 τοῦ

143 1248 252 1286 bach.
273 1250 313 1285 in
334 1245 617 1285 Animadv.elss
653 1243 701 1281 ad
722 1242 794 1281 11.1
783 1245 806 1281 1.

144 1307 185 1354 (3
209 1305 275 1343 Cr.
298 1302 497 1356 excitatus)
520 1316 606 1355 pag.
628 1303 721 1343 625.

199 1364 274 1401 τοῦ
308 1377 356 1401 τα
391 1360 509 1414 μέτρα
562 1370 806 1409 ποιησαντος

145 1417 527 1469 Πελοποννησίοισι]
551 1418 583 1452 F
587 1414 736 1452 iusdem
750 1416 805 1450 rei

141 1474 258 1512 fidem
288 1476 433 1512 faciunt
462 1473 587 1511 Strab.
607 1473 694 1509 VIII
715 1483 803 1522 pag.

141 1532 221 1573 358
249 1545 277 1570 S.
312 1531 403 1572 549.
436 1532 536 1567 Ρ1111.
567 1531 616 1567 H.
647 1530 692 1564 N.
721 1529 803 1576 VII,

140 1590 193 1629 57
217 1588 322 1638 (56).
354 1588 487 1625 Isidor.
526 1587 657 1635 Origg.
697 1586 801 1633 XVI,

138 1644 205 1692 24,
237 1646 299 1681 alii
320 1658 341 1682 a
371 1645 413 1682 C.
437 1645 480 1682 Ο.
501 1644 662 1680 Miillero
694 1643 801 1678 exci-

137 1703 205 1738 tati
244 1703 270 1738 l.
317 1703 343 1739 Ι.
382 1714 469 1753 pag.
513 1700 590 1747 56,
656 1699 723 1749 qui
759 1699 801 1734 in

137 1760 360 1796 universum
391 1758 448 1795 his
479 1757 704 1794 testimoniis
730 1753 800 1791 de-

138 1815 271 1852 clarari
280 1817 373 1862 vult,
394 1814 611 1851 Phidonem
631 1813 799 1863 primum

137 1872 271 1920 fuisse,
303 1873 368 1924 qui
386 1884 509 1908 umun
528 1869 709 1921 idemque
729 1881 800 1918 ge—

137 1941 209 1965 nus
238 1941 523 1975 mensurarum,
568 1925 797 1977 ponderum,

136 1984 343 2022 modorum
363 1999 431 2036 per
460 1991 581 2021 totam
602 1983 797 2033 Pelopon-

135 2055 272 2080 nesum
291 2041 556 2088 introduxerit,
579 2047 616 2077 et
636 2040 701 2092 qui
721 2052 799 2075 nu-

135 2112 289 2136 morum
319 2100 520 2136 instituerit
557 2098 745 2133 rationem
775 2109 796 2132 a

135 2157 420 2207 Peloponnesiis
441 2162 563 2193 ratam
584 2153 766 2191 habitam.

191 2212 259 2252 καὶ
287 2211 527 2278 υβρίσαντος
554 2209 713 2264 μέγιστα
742 2206 793 2260 δη

134 2265 334 2320 Ἑλλήνων
358 2265 577 2316 απαντων]
611 2269 636 2304 1.
667 2281 700 2304 e.
733 2268 797 2316 qui

136 2326 237 2374 longe
265 2327 475 2364 Graecorum
506 2327 657 2363 omnium
694 2337 794 2361 msa—

136 2382 345 2418 lentissimus
386 2382 475 2433 fuit.
566 2382 631 2419 Sic
690 2387 791 2417 recte

137 2437 532 2487 Schweighaeuserus.
608 2437 792 2475 Eiusdem

136 2492 321 2531 Phidonis
351 2490 560 2545 τυράννων
594 2497 676 2533 τῶν
698 2490 791 2532 ΓΈλ-

136 2553 226 2600 λησι
250 2547 416 2601 μάλιστα
439 2548 678 2600 ὑβρίσαντος
705 2563 792 2586 me-

135 2609 247 2643 minit
267 2608 427 2644 Pausan.
447 2607 575 2652 V1‚22
595 2608 631 2651 §.
648 2611 674 2648 2
694 2619 792 2642 eun-

136 2661 300 2714 demque
321 2664 458 2701 Strabo
482 2664 568 2700 VIII
587 2676 622 2712 p.
645 2663 726 2704 358
744 2665 792 2699 B.

135 2731 164 2754 s·
186 2718 266 2760 549
291 2721 338 2757 A.
359 2727 469 2757 vocat
488 2726 694 2770 tyrannum
721 2719 792 2758 δυ-

136 2769 252 2824 νᾶμει
289 2774 647 2843 ,ὕπερβεβλημένον
700 2790 793 2822 τους

136 2825 217 2869 κατ’
246 2826 379 2871 αὐτόν.
430 2834 486 2869 Ac
508 2837 677 2883 spectant
692 2832 791 2880 talia,

866 1246 1021 1295 opinor,
1047 1243 1096 1281 ad
1124 1257 1317 1281 summam
1336 1245 1439 1281 istius
1460 1251 1524 1296 ty-

864 1302 973 1338 1311111
993 1303 1224 1351 potentiam,
1257 1301 1333 1353 qu&
1367 1315 1523 1338 omnem

862 1360 942 1396 fere
980 1359 1292 1409 Peloponnesum
1320 1359 1522 1409 subegerat

861 1415 1130 1467 subditamque
1186 1428 1317 1452 severo
1361 1417 1522 1465 imperio

861 1474 1060 1510 continuit.
1111 1472 1221 1509 Conf.
1244 1472 1284 1508 C.
1307 1472 1351 1509 Ο.
1372 1473 1521 1510 muller.

859 1530 882 1566 1.
905 1530 929 1566 1
952 1542 1040 1580 pag.
1062 1528 1128 1570 55.

917 1583 962 1632 ὂς
975 1581 1310 1636 ἒξαναστήσας-
1325 1578 1463 1635 α’γωνα
1482 1582 1519 1623 ἕ-

858 1643 988 1693 θηκε]
1023 1643 1266 1679 Conveniunt
1288 1642 1424 1679 Strabo
1449 1641 1473 1678 l.
1494 1642 1519 1678 1.

857 1700 1022 1738 Pausan.
1052 1700 1204 1747 V1‚22,
1237 1701 1277 1738 2.
1335 1698 1520 1750 Antiqui-

856 1763 917 1793 tus
938 1757 1040 1792 enim
1061 1755 1172 1792 huius
1192 1754 1273 1792 ludi
1306 1754 1519 1791 adornandi

855 1820 1083 1864 potestatem
1095 1812 1261 1849 habuere
1273 1813 1433 1858 Pisatae,
1451 1812 1518 1862 qui

857 1869 944 1906 dein
966 1870 1030 1905 illa
1049 1876 1137 1919 sunt
1170 1870 1305 1919 privati
1334 1869 1380 1905 ab
1400 1869 1516 1916 Eleis,

854 1925 1083 1974 Heraclidis,
1125 1938 1219 1978 quos
1258 1925 1357 1975 ipsos
1379 1923 1517 1961 eadem

854 1984 958 2020 exuit
978 1981 1116 2030 Phido,
1143 1989 1180 2019 et
1208 1982 1296 2018 alias
1320 1982 1516 2032 Pelopon-

854 2042 934 2077 nesi
947 2047 1071 2091 partes
1092 2046 1128 2076 et
1147 2041 1269 2090 ipsam
1288 2038 1440 2075 Elidem
1451 2051 1513 2075 ar-

853 2099 924 2134 mis
953 2097 1024 2134 sibi
1050 2097 1264 2134 subiiciens.

897 2149 1038 2205 Ἀρκιὶς
1084 2153 1127 2193 ἐκ
1187 2152 1511 2204 Τραπεζοῦντος]

851 2211 1049 2262 Trapezus
1087 2209 1135 2246 acl
1161 2208 1413 2246 meridionale
1442 2209 1514 2244 Al-

848 2266 939 2318 phei
960 2269 1055 2304 latus
1086 2267 1201 2303 iacuit
1230 2279 1309 2302 non
1328 2266 1443 2315 longe
1464 2266 1510 2302 ab

850 2337 895 2361 eo
923 2325 1033 2370 loco,
1064 2337 1140 2376 quo
1171 2321 1328 2375 posthac
1361 2329 1511 2358 exstru—

849 2388 908 2418 cta
928 2381 999 2417 fuit
1018 2381 1289 2431 Megalopolis,
1330 2379 1370 2415 in
1393 2391 1510 2430 quam

847 2438 1239 2488 urbemTrapezuntis
1249 2437 1396 2473 incolae
1407 2448 1511 2472 com-

847 2496 1029 2545 migrasse
1059 2493 1510 2532 dicuntur.Cf.ll1an-

847 2559 942 2590 nert.
963 2552 1051 2589 VIII
1072 2564 1160 2603 pag.
1187 2549 1285 2591 457.
1344 2551 1388 2585 In
1417 2561 1509 2599 pro—

847 2609 952 2644 xime
973 2622 1053 2661 seq.
1080 2608 1195 2646 verba
1220 2605 1285 2645 καὶ
1312 2601 1436 2656 Ἀζην
1465 2603 1508 2644 ἔκ

850 2665 982 2703 Παίου
1012 2659 1153 2710 πόλιος
1181 2659 1333 2712 Λαφάι
1338 2677 1386 2712 ης
1426 2656 1508 2698 Ευ-

848 2721 1049 2771 φορίωνος
1091 2721 1245 2758 valent:
1302 2717 1506 2766 Laphanes,

848 2776 1087 2827 Euphorwnis
1096 2777 1202 2827 filaus
1223 2775 1328 2821 Paeo,
1345 2774 1505 2810 Azamae

849 2832 924 2881 (in
963 2832 1160 2882 Arcadia)
1190 2831 1290 2878 urbe,
1322 2828 1503 2867 oriundus.
