1897 3340
446 264 530 303 498
845 262 1310 300 HERODOTI

417 367 702 425 3λησπόντου
738 372 846 414 κατὰ
892 369 1018 424 ῥόον,

1060 371 1132 413 ἵνα
1172 368 1424 426 ἀνακωχεύῃ
1454 369 1541 413 ’τὸν
1577 368 1709 413 τόνον

445 440 534 480 τῶν
561 436 718 481 ὅπλων.
777 438 1012 489 συνθέντες
1040 439 1098 489 δὲ,
1139 436 1331 493 ἀγκύρας
1368 441 1562 493 κατῆκαν
1590 451 1711 490 περι·
1724 444 1767 477 10

389 611 479 648 bero
499 611 639 648 Baroni
661 609 708 646 de
718 609 969 657 Reizenstein,
982 611 1049 662 qui

387 666 435 704 de
462 666 690 719 quibusdam
709 666 800 703 locis
820 667 1048 702 senteutiam

386 736 495 761 suam
525 723 724 759 nobiscum
763 723 1048 759 communicare

386 774 518 816 voluit.
574 781 631 815 Ita
659 779 764 814 enim
793 777 888 815 haec
924 780 1048 829 expli-

385 837 462 872 cari
482 848 590 886 posse
610 841 738 886 putat,
767 842 810 871 ut
829 836 933 885 prior
952 848 1047 886 pons

386 892 583 943 obliquam
600 890 773 928 habuerit
785 890 1046 940 directionem,

385 947 553 1000 indeque
570 949 683 985 etiam
692 961 806 985 naves
826 949 951 998 plures
967 962 1046 985 esse

386 1003 586 1042 debuerint
599 1034 608 1051 ,
640 1017 730 1042 cum
751 1005 901 1042 alterius
921 1005 1046 1055 pontis

384 1074 500 1098 naves
537 1061 639 1098 rect&
675 1062 880 1099 collocatae
924 1068 1047 1098 essent

385 1117 543 1155 adverso
584 1118 757 1154 flumine.
833 1116 1046 1154 Larcherus

381 1175 434 1211 ita
455 1176 719 1225 interpretatus
736 1180 790 1210 est
806 1173 855 1211 ad
874 1181 1046 1211 mentem

383 1232 590 1268 Gronovii:
622 1260 645 1278 „
657 1230 728 1267 Les
745 1232 914 1280 pre'mz'ers‘
927 1230 1046 1278 (vais-

343 1322 346 1326 .
384 1288 530 1336 seaux)
556 1288 792 1337 presentctz'ent
820 1287 851 1324 le
872 1288 976 1338 flam:
996 1300 1045 1323 ιιιι

385 1343 669 1390 Ρο)ιί-Εα.τιή;
708 1348 741 1380 et
777 1343 826 1380 les
854 1347 971 1380 autres
995 1343 1044 1380 du

385 1400 462 1438 cote'
482 1400 523 1437 de
550 1399 793 1449 l'Hellespont,
824 1400 1045 1449 repondoient

384 1470 433 1494 αιι
455 1460 602 1494 comant
626 1456 666 1493 cle
689 1456 783 1492 l'eazc
797 1486 805 1502 ,
827 1458 902 1506 asin
930 1457 973 1493 cle
994 1460 1046 1493 te-

382 1515 438 1551 m'r
459 1513 508 1550 les
529 1512 699 1561 cordages
727 1525 845 1549 encore
861 1512 942 1562 plus
965 1516 1045 1550 ten-

383 1570 493 1607 dus.“
550 1570 677 1605 Minus
698 1569 794 1605 bene
814 1570 929 1616 Miot‚
952 1569 1045 1606 alter

383 1626 514 1663 Gallus
535 1626 730 1674 interpres,
750 1624 936 1673 Herodoti
956 1639 1045 1662 ver-

382 1683 430 1720 ba
457 1683 510 1719 sic
538 1680 723 1718 reddidit:
765 1681 841 1729 „les
868 1681 1045 1719 battimens

341 1767 345 1772 ,
383 1738 514 1775 etaient
543 1750 673 1787 ranges
709 1737 801 1775 dans
845 1751 912 1774 une
947 1737 1044 1786 ligne

383 1794 519 1844 oblique
551 1796 574 1831 ἀ
604 1795 642 1831 la
671 1807 762 1841 mer,
811 1794 861 1831 (Ιιι
888 1794 965 1830 σόίό
995 1794 1044 1830 du

385 1850 665 1897 Pont-Euxz·n‚
703 1852 794 1887 mais
818 1850 906 1887 dans
927 1850 965 1887 [a
985 1850 1043 1887 ‹li-

381 1909 513 1945 rection
550 1906 599 1944 du
623 1910 770 1943 comant
801 1906 860 1943 (les
882 1919 975 1943 caux
1002 1907 1044 1944 cle

383 1963 595 2014 l’Ellespont
610 1965 635 1982 “
675 1976 843 2014 eumque
868 1964 983 1999 etiam
1004 1964 1043 1999 iu

382 2033 537 2057 sensum
558 2018 651 2056 haec
672 2020 787 2057 verba
809 2021 978 2070 exponit,
1000 2026 1045 2057 ut

383 2089 517 2113 omnes
546 2089 660 2113 naves
688 2075 855 2113 secundo
885 2076 1043 2113 flumine

383 2133 522 2169 fuerint
542 2133 766 2179 collocatae;
799 2131 899 2168 unde
923 2145 1043 2182 appa-

384 2201 466 2224 rere
503 2189 596 2236 vult,
637 2217 660 2235 „
673 2201 747 2240 que
777 2189 858 2224 leur
878 2190 1042 2238 position

384 2243 495 2293 (nam
536 2245 670 2280 malim
698 2245 778 2294 ipsa
808 2246 886 2281 eius
907 2244 1041 2280 afferre

383 2300 517 2349 verba)
539 2307 575 2336 et
594 2313 662 2350 par
682 2299 916 2351 consequent
935 2301 971 2336 la
993 2301 1041 2335 li-

383 2369 481 2406 gne,
533 2369 607 2407 qne
639 2355 819 2392 decrivait
857 2356 893 2392 le
934 2363 1039 2406 pont,

384 2413 527 2449 etoient
547 2412 716 2462 obliquos
737 2412 839 2447 l'une
860 2419 895 2448 et
908 2412 1040 2448 l'autre

384 2466 407 2504 31
427 2469 463 2505 la
484 2467 666 2504 direction
695 2466 746 2504 du
774 2469 923 2505 canat.“
967 2469 1041 2505 Ubi

385 2538 482 2576 quae
503 2524 550 2561 de
571 2523 715 2561 diversa
728 2525 922 2576 utriusque
942 2538 1042 2575 pon-

383 2582 428 2619 tis
455 2581 660 2618 directione
689 2580 901 2618 Herodotus
931 2595 1043 2618 enar-

385 2644 463 2685 rat,
485 2638 582 2674 bene
605 2636 873 2685 discernenda,
907 2651 951 2674 ea
980 2639 1042 2674 ille

383 2693 555 2731 confudit
584 2701 622 2730 et
641 2693 688 2730 ad
722 2699 924 2745 utrumque
945 2707 1043 2744 pon-

384 2757 483 2798 tem,
505 2751 611 2787 nullo
633 2748 802 2787 adhibito
815 2749 1041 2798 discrimine,

384 2807 522 2845 retulit.
581 2804 945 2856 Schweighaeuser„
978 2809 1042 2860 qui

383 2877 452 2914 pro
475 2860 634 2905 Πόντου
663 2864 875 2901 coniecerat
903 2860 1041 2916 πόρου,

1104 610 1184 661 ipse
1223 608 1424 661 postmodo
1454 607 1554 646 hanc
1574 609 1766 646 coniectu-

1104 679 1187 703 ram
1200 667 1368 703 retraxit.
1398 668 1456 702 De
1471 667 1645 717 pontium
1665 672 1767 702 stru-

1103 730 1209 759 ctura
1239 722 1403 773 disputat
1434 735 1587 774 quoque
1609 722 1706 759 Gaii.
1726 722 1767 758 in

1105 778 1345 829 Geographie
1383 779 1615 816 d’tterodote
1647 779 1697 816 T.
1728 779 1767 814 II

1102 848 1141 900 p.
1155 837 1234 875 182
1253 848 1358 887 seqq.
1371 835 1499 872 addita
1511 835 1764 872 delineatione

1103 893 1143 927 in
1164 892 1269 928 Atlas
1290 905 1348 928 nr.
1372 895 1420 931 11
1446 900 1482 930 et
1502 890 1762 929 c011.F01a1-di

1102 948 1240 999 Polyb.
1253 949 1303 984 T.
1323 948 1368 984 V.
1388 961 1427 998 p.
1448 947 1528 988 304
1543 961 1650 1000 seqq.

1159 1004 1227 1043 ι’να
1265 999 1496 1056 οἷνακωχεύη
1535 1002 1605 1044 τόν
1644 999 1764 1043 τόνον

1102 1074 1184 1098 των
1230 1056 1395 1108 ὅπλων]
1455 1060 1570 1097 scilic.
1609 1059 1632 1099 ό
1658 1055 1762 1111 ῥόος.

1104 1114 1288 1166 Schwgh.
1300 1117 1341 1152 in
1360 1117 1454 1153 Lex.
1479 1117 1570 1153 Her.
1582 1117 1762 1167 exponit:

1103 1202 1128 1221 „
1141 1176 1182 1209 ut
1206 1174 1426 1210 intentionem
1443 1175 1606 1210 retineret
1634 1186 1663 1215 s,
1685 1185 1764 1210 sus-

1104 1232 1228 1266 tineret
1262 1229 1472 1277 rudentium,
1493 1227 1531 1266 id
1553 1235 1618 1275 est,
1638 1230 1765 1280 impe-

1102 1284 1210 1332 diret,
1236 1298 1311 1336 quo
1332 1287 1458 1321 miuus
1487 1286 1678 1322 laxaretur
1697 1298 1765 1322 ru-

1102 1341 1277 1378 dentium
1297 1343 1496 1385 inteutio.“
1553 1343 1652 1379 Nos:
1681 1341 1763 1380 Da-

1101 1400 1165 1435 mit
1189 1398 1252 1435 der
1271 1398 1390 1435 Strom
1409 1398 1466 1435 die
1484 1397 1691 1448 Spannung
1701 1398 1762 1436 der

1103 1454 1199 1492 Seile
1239 1454 1427 1504 beffirdere.
1496 1456 1618 1492 Aliter
1643 1456 1759 1492 Miot:

1103 1511 1206 1559 „asin
1219 1524 1294 1562 que
1314 1512 1366 1548 les
1380 1512 1505 1548 cables
1523 1509 1667 1549 fiissent
1678 1519 1762 1548 tou-

1095 1568 1202 1617 jours
1216 1569 1433 1605 maiutenus
1454 1567 1547 1605 dans
1566 1581 1643 1605 une
1655 1568 1763 1618 egale

1100 1626 1263 1661 tension.
1276 1626 1299 1643 ‘⁴
1359 1625 1442 1669 Quo
1471 1625 1608 1662 rectius
1641 1626 1762 1661 inter-

1100 1687 1264 1730 pretatus
1285 1687 1363 1717 erat
1375 1681 1673 1731 WVesselingius:
1696 1684 1762 1727 „ut

1101 1737 1276 1773 stabiliret
1305 1738 1550 1774 contentionem
1579 1750 1623 1774 ac
1637 1738 1777 1788 firmi-.

1101 1796 1206 1830 tatem
1224 1793 1447 1830 rudentunt.“
1477 1794 1629 1830 Fluctus
1643 1794 1760 1841 enim,

1100 1850 1163 1896 ait,
1212 1850 1448 1900 propellebat
1494 1862 1609 1887 naves
1660 1851 1761 1898 istas,

1104 1918 1202 1957 quae
1240 1906 1426 1957 impulsae
1466 1906 1617 1943 funium
1666 1918 1763 1943 con-

1099 1963 1311 1999 tentionem
1342 1962 1545 2013 augebant.
1632 1963 1763 2012 Ipsum

1100 2020 1261 2056 verbum
1282 2014 1553 2069 (ἷνακωχεύειν
1581 2017 1764 2055 inhiben-

1101 2075 1139 2111 di
1168 2088 1361 2127 navesque
1394 2074 1626 2125 reprimendi
1643 2077 1763 2126 signi-

1099 2131 1274 2168 ficatione
1303 2132 1495 2180 attigimus
1515 2131 1563 2168 ad
1582 2131 1645 2179 VI,
1671 2133 1762 2172 116.

1100 2187 1317 2224 Herodotea
1356 2194 1486 2224 autem
1526 2188 1647 2237 tangit
1683 2188 1760 2224 Ar-

1098 2245 1192 2280 riau.
1223 2244 1346 2280 Anab.
1372 2244 1417 2289 V,
1448 2247 1473 2284 7
1506 2245 1542 2289 §.
1565 2247 1604 2284 3.
1633 2243 1761 2281 Scho-

1098 2300 1194 2335 lium
1237 2298 1432 2350 quoddam
1467 2299 1576 2337 affert
1616 2314 1759 2350 μετεω-

1098 2356 1214 2406 ρίζει,
1247 2350 1522 2406 οἷναβαστάζει.
1579 2357 1637 2392 De
1665 2369 1759 2394 voce

1096 2408 1214 2450 τόνον
1237 2412 1391 2448 laudant
1408 2413 1569 2450 Dobraei
1588 2411 1688 2452 Add.
1711 2412 1759 2450 ad

1098 2469 1254 2505 sorson.
1295 2468 1487 2519 Aristoph.
1535 2482 1623 2520 pag.
1665 2472 1757 2510 112.

1099 2524 1209 2569 Quod
1227 2538 1313 2562 vere
1343 2526 1403 2561 vel
1425 2525 1494 2563 hac
1514 2526 1552 2562 in
1574 2539 1613 2562 re
1633 2527 1759 2562 Hero-

1099 2580 1189 2618 doto
1229 2582 1461 2632 exprobrant
1505 2583 1559 2618 rei
1613 2582 1758 2619 navalis

1100 2638 1377 2687 ignorantiam,
1420 2639 1501 2675 iure
1539 2638 1758 2689 obloquitur

1099 2696 1219 2731 Kruse
1248 2696 1273 2734 Ι.
1304 2695 1328 2734 l.
1361 2707 1446 2745 pag.
1486 2693 1588 2740 104,
1617 2696 1647 2732 si
1668 2695 1758 2746 qui-

1099 2750 1188 2788 dem
1223 2752 1435 2802 posterioris
1473 2751 1598 2801 pontis
1641 2763 1757 2788 naves
1805 2788 1807 2791 ,

1098 2809 1259 2845 malores
1279 2814 1393 2859 atque
1420 2808 1570 2844 latiores
1589 2805 1757 2844 secundo

1098 2864 1213 2902 ssuvio
1251 2866 1394 2916 positae
1426 2865 1612 2901 maiorem
1641 2863 1757 2901 etiam
1812 2885 1819 2894 ·
