1897 3340
413 168 1176 211 TERPSICHORE.V.
1370 174 1426 212 93

171 283 358 334 ἅπαντες
393 283 603 339 χρέωνται
645 279 868 330 Φοίνικες’
897 278 1003 333 μετὰ
1033 278 1101 330 δὲ,
1128 276 1292 333 χρόνου
1311 294 1414 333 προ-

110 470 198 507 beat
218 469 318 516 veri,
349 464 396 502 de
422 463 544 514 figura
569 464 765 500 literarum

112 527 316 576 accipiatur
326 523 473 559 inversa
495 521 541 557 ab
561 521 709 557 sinistra
724 520 765 555 in

110 582 283 620 dextram
301 592 407 616 secus
427 590 544 629 quam
563 584 767 614 exarantur

110 640 237 676 literae
246 635 476 673 Phoeniciae
488 662 498 681 ,
517 647 633 685 quam
644 634 766 670 solam

109 697 149 732 in
185 695 300 731 literis
331 706 352 729 e
389 690 598 727 Phoenicia
646 691 766 727 allatis

109 752 360 788 mutationem
392 761 414 784 a
444 749 597 784 Graecis
626 748 767 784 factam

109 821 188 844 esse
210 806 352 843 iudicat
371 806 606 841 Perizonius.
629 805 766 856 'Atque

108 863 213 900 haud
242 865 320 901 scio
348 875 397 899 an
424 874 469 898 eo
489 867 662 912 spectent
685 862 767 896 No-

107 921 173 958 stri
202 921 341 957 verba:
372 916 588 970 μετέβαλον
609 916 677 956 mxi
695 913 766 956 τόν

109 974 266 1029 ῥυθμὸν
317 977 397 1015 τῶν
444 970 685 1027 γραμμάτων
729 980 766 1010 et

108 1035 223 1085 paulo
242 1039 349 1084 post:
375 1028 766 1084 μεταῤῥυθμίσαντές

108 1103 244 1140 σφεων
278 1085 392 1141 ὀλίγα
422 1104 457 1127 κ.
489 1103 523 1127 τ.
551 1091 585 1126 λ.
656 1088 763 1132 Quae

107 1146 196 1184 dein
218 1146 265 1183 de
285 1146 486 1196 Pelasgicis
505 1146 620 1182 literis
640 1143 768 1181 adiicit

57 1240 59 1242 .
107 1203 296 1241 Diodorus
334 1204 360 1241 l.
399 1204 438 1251 1.,
467 1203 508 1238 in
546 1203 592 1239 ijs
627 1202 767 1238 falsum

109 1274 188 1298 esse
217 1268 282 1297 aut
310 1258 524 1297 Diodorum
556 1265 621 1295 aut
649 1271 768 1310 quem

107 1318 278 1369 sequitur
316 1317 561 1367 Dionysium,
611 1322 768 1351 annotat

108 1374 399 1423 Wesselingius.
446 1371 509 1408 Ad
529 1371 768 1408 Herodotum

108 1438 150 1467 ut
170 1437 345 1477 revertar,
365 1429 488 1468 verbis
509 1427 564 1475 ὥς
584 1427 671 1478 ἐμοὶ
699 1428 768 1467 δο-

108 1485 212 1526 κέειν
250 1486 402 1523 adiectis
440 1483 631 1522 Nitzschio
668 1497 769 1536 quo-

108 1557 184 1596 que
211 1542 298 1593 (De
321 1543 486 1579 Historia
513 1543 670 1579 Homer.
689 1543 708 1578 1
728 1554 766 1591 p.

108 1602 160 1641 78
191 1613 271 1652 seq.
303 1599 375 1650 80)
412 1599 475 1635 ille
504 1597 656 1636 videtur
684 1611 766 1635 non

107 1657 188 1707 ipse
203 1655 486 1694 dubitabundus
507 1654 687 1704 iudicare,
697 1654 766 1692 sed

109 1720 240 1751 contra
264 1714 356 1751 alios
387 1711 574 1765 quosdam
603 1719 765 1749 conten-

109 1769 212 1818 dere,
247 1771 384 1822 quibus
404 1770 540 1807 Graeci
566 1770 645 1806 iam
676 1776 764 1806 ante

109 1840 227 1879 quam
258 1825 423 1864 Cadmus
451 1825 662 1863 Phoenices
697 1825 769 1863 ad—

109 1883 289 1931 duxisset,
319 1885 443 1920 literas
465 1882 638 1921 didicisse
655 1882 767 1920 vide-

108 1941 257 1989 bantur,
268 1941 495 1993 Dionysium
504 1941 690 1991 imprimis
706 1947 767 1977 at-

105 2010 181 2049 que
195 1999 443 2045 Hecataeum,
463 2004 671 2050 utrumque
688 1998 765 2033 Mi-

103 2055 252 2101 lesium,
275 2055 341 2106 qui
359 2067 381 2091 a
399 2056 533 2092 Danao
554 2061 642 2091 ante
663 2053 766 2091 Cad-

104 2123 216 2148 mum
244 2112 369 2148 literas
393 2112 522 2148 allatas
550 2111 666 2149 fuisse
685 2118 766 2148 tra-

107 2167 298 2217 diderant,
349 2167 554 2206 Phoenicias
591 2176 629 2205 et
666 2169 764 2220 ipsas

109 2223 227 2262 dictas
256 2237 277 2261 a
308 2223 529 2274 Phoenice,
575 2226 764 2276 Agenoris

108 2280 200 2319 filio.
238 2282 274 2317 A
298 2283 433 2334 quibus
454 2281 675 2319 dissentiens
685 2284 767 2325 He-

109 2337 264 2375 rodotus
283 2340 448 2376 nominis
469 2352 622 2392 quoque
648 2340 767 2376 ratio-

110 2407 201 2431 nem
248 2396 438 2433 veriorem
482 2395 766 2443 demonstravit,

112 2449 334 2489 Phoenicias
362 2454 487 2489 literas
512 2466 534 2489 a
560 2451 768 2490 Phoenici-

112 2506 193 2554 bus,
222 2510 288 2560 qui
308 2521 369 2546 eas
388 2510 428 2545 in
449 2510 649 2547 Graeciam
663 2510 770 2546 intu-

114 2563 236 2611 lerint,
267 2564 383 2602 dictas
407 2579 486 2603 esse
509 2573 687 2614 statuens,
716 2567 769 2602 ita

113 2625 157 2655 ut
175 2618 334 2658 dubitari
360 2630 547 2675 nequeat,
579 2624 671 2675 quin
690 2624 769 2673 ipse

113 2675 307 2713 literarum
338 2691 450 2715 usum
479 2693 500 2716 a
516 2678 771 2717 Phoenicibus

120 2731 298 2769 traditum
333 2747 410 2772 esse
448 2736 661 2775 crediderit.
697 2738 771 2774 At-

119 2801 193 2841 que
219 2788 258 2825 id
277 2790 355 2840 ipsa
378 2793 471 2829 ratio
493 2794 644 2830 evincit.
699 2795 770 2830 Ni-

823 461 878 498 hil
907 463 1013 498 enlm
1041 460 1220 511 dubium,
1252 464 1344 515 quin
1370 463 1482 501 sede-

822 520 897 556 cim
918 520 1060 565 literae,
1080 520 1216 570 quibus
1237 521 1329 558 olim
1349 521 1484 559 Graeci

826 577 900 613 sint
934 577 1003 623 usi,
1054 583 1250 614 auctorem
1279 576 1483 616 habuerint

822 634 900 670 sive
926 632 1116 669 Cadmum
1148 634 1227 671 sive
1257 633 1482 684 Phoenices,

823 691 890 741 qui
905 690 1003 726 inter
1014 689 1183 728 rudiores
1195 692 1375 728 Graeciae
1384 705 1483 742 gen-

822 754 877 794 tes
897 747 1092 783 literarum
1113 749 1287 784 omnium
1308 756 1483 799 expertes

821 804 1068 854 propagariut
1095 805 1182 841 istas
1212 818 1234 841 a
1253 818 1293 842 se
1312 807 1481 856 primmn

822 861 965 900 allatas.
1013 861 1079 898 Tu
1100 861 1200 898 conf.
1214 891 1223 909 ,
1244 875 1294 898 ne
1313 863 1422 913 plura
1441 863 1482 899 in

821 930 862 953 re
885 916 1097 954 admodum
1118 917 1324 969 disceptata
1345 926 1381 956 et
1398 920 1482 970 agi-

819 981 917 1022 tata,
948 973 1114 1011 Fischer.
1143 974 1191 1011 ad
1219 977 1382 1013 Weller.
1407 978 1424 1012 I
1443 990 1484 1027 p.

823 1034 848 1071 7
877 1031 965 1068 coll.
1007 1030 1181 1068 Boeckh.
1220 1031 1483 1070 Staatshaush.

823 1086 861 1124 d.
891 1086 983 1124 Ath.
1015 1090 1051 1124 II
1078 1101 1166 1139 pag.
1190 1091 1285 1130 387.
1324 1092 1422 1127 Rose
1442 1091 1483 1126 in

823 1146 1012 1195 Inscriptt.
1045 1158 1133 1196 pag.
1172 1146 1242 1183 VII
1269 1160 1376 1199 seqq.
1409 1146 1483 1184 Cr.

824 1200 873 1238 ad
902 1201 1087 1239 Herodoti
1124 1203 1255 1240 locum
1288 1210 1484 1254 praeterea

822 1259 985 1294 conferri
1023 1259 1104 1295 vult
1134 1258 1484 1297 Raoul-Rochette

822 1316 937 1351 Deux
967 1316 1113 1352 Lettres
1135 1314 1157 1351 ἒῑ
1177 1316 1331 1367 Mylord
1357 1317 1483 1353 Aber-

825 1371 936 1408 deen.
966 1373 1071 1408 Paris
1105 1374 1210 1413 1816
1240 1386 1328 1423 pag.
1359 1373 1423 1419 65,
1445 1380 1484 1411 et

823 1430 926 1478 Hug.
947 1429 1123 1465 Grotium
1143 1430 1200 1464 De
1229 1431 1384 1466 veritate
1404 1431 1483 1467 Re-

822 1486 888 1535 lig.
920 1484 1056 1522 Christ.
1086 1486 1171 1522 Lib.
1199 1487 1216 1521 I
1241 1487 1279 1531 ξ.
1311 1488 1362 1527 15
1392 1499 1483 1536 pag.

822 1544 876 1583 26
919 1555 1026 1594 seqq.
1065 1541 1126 1579 ed.
1165 1543 1320 1580 Haleus.
1363 1541 1485 1583 1734.

823 1598 923 1644 Quin
943 1600 1023 1650 ipse
1041 1600 1082 1637 C.
1105 1599 1150 1636 Ο.
1165 1600 1313 1636 Miiller.
1335 1598 1483 1636 Orcho-

820 1668 925 1694 men.
944 1669 1033 1707 pag.
1055 1655 1134 1697 115
1157 1662 1194 1692 et
1214 1657 1482 1706 Gotting.An-

821 1714 916 1764 zeig.
950 1715 1054 1754 1831
1086 1725 1145 1750 nr.
1178 1715 1228 1753 31
1251 1715 1390 1764 p.299
1408 1712 1481 1750 hoc

822 1770 863 1805 in
888 1769 1050 1806 dubium
1068 1782 1205 1806 vocare
1230 1771 1390 1806 minime
1412 1783 1484 1806 au-

822 1839 884 1863 sus
915 1833 996 1873 est,
1037 1827 1203 1863 Graecos
1234 1840 1256 1863 a
1274 1825 1482 1863 Phoenici-

822 1883 893 1920 bus
915 1882 1089 1920 didicisse
1117 1883 1263 1931 literas,
1291 1882 1358 1920 sed
1379 1882 1483 1920 Cad-

820 1953 932 1976 mum
967 1953 1029 1977 eas
1069 1941 1235 1977 attulisse
1273 1953 1483 1992 earumque

823 1997 968 2034 censeri
1019 2003 1217 2033 auctorem
1250 1998 1315 2033 ille
1352 2004 1481 2047 negat,

822 2067 912 2091 cum
942 2055 1082 2090 Ionum
1101 2055 1226 2104 potius
1247 2055 1480 2091 commercio

821 2112 1018 2148 literarum
1034 2111 1270 2148 Punicarum
1290 2112 1481 2161 cognitio-

821 2181 913 2204 nem
934 2168 1069 2204 Graeci
1086 2167 1299 2205 debuerint.
1348 2169 1399 2204 At
1419 2168 1481 2205 vel

822 2232 909 2262 ante
937 2226 1048 2261 Iones
1077 2226 1307 2262 commercio
1338 2224 1481 2261 fioren-

819 2288 875 2319 tes
894 2282 1024 2319 literae
1046 2282 1197 2319 Graecis
1209 2283 1383 2332 cognitae
1394 2282 1480 2318 fue-

821 2345 940 2382 runt„
972 2340 1104 2390 Itaque
1125 2340 1164 2375 in
1186 2338 1370 2376 Herodoti
1388 2351 1481 2375 nar—

822 2397 967 2432 ratione
988 2395 1307 2447 acquiescendum
1322 2425 1331 2438 ‚
1363 2408 1480 2447 quam

824 2453 931 2489 omni
949 2452 1024 2488 fide
1045 2451 1203 2502 dignam
1222 2453 1357 2488 merito
1377 2451 1481 2488 iudi-

823 2510 922 2547 cavit
930 2510 1031 2560 Hug.
1043 2508 1288 2560 (Erfindung.
1301 2507 1339 2546 d.
1348 2507 1481 2545 Buch-
1524 2550 1527 2555 <

823 2565 1088 2603 stabenschrift
1116 2579 1204 2617 pag.
1229 2565 1480 2615 135—142),

824 2636 895 2659 nec
914 2622 1050 2660 Wolfii
1079 2622 1276 2674 probanda
1297 2623 1482 2660 sententia

824 2680 865 2716 in
875 2680 1054 2730 Prolegg.
1076 2679 1124 2717 ad
1142 2681 1299 2717 Homer.
1314 2693 1352 2730 p.
1372 2679 1478 2714 LIII:

825 2735 1091 2784 „Herodotum
1136 2738 1216 2773 veri
1270 2733 1482 2771 amantissi-

824 2806 934 2830 mum
962 2794 1102 2844 pariter
1133 2799 1170 2829 et
1210 2792 1384 2828 fictorum
1411 2801 1481 2825 cu—

1879 2749 1890 2827 22-er
