1897 3340
90 344 193 365 aarum
211 336 345 365 Graeco·
356 343 365 358 ¹

90 379 219 406 rumque
249 370 364 397 viribus

91 404 176 431 inter
195 413 229 431 se
250 412 370 439 compa-

92 437 178 466 ratis.
211 438 371 465 laetabun-

420 229 504 269 584

820 223 1281 262 HERODOTI

423 332 766 389 στρατευόμενον
796 331 915 389 αὐτῷ
955 331 1023 376 ἐπὶ
1051 332 1132 388 τήν
1167 329 1365 378 Ἑλλάδα.
1422 328 1604 382 καλέσας
1643 330 1679 375 δ’
1689 337 1734 374 75

429 399 580 454 αὐτόν,
621 402 758 456 εἴρετο
798 399 900 444 τάδε
911 415 920 425 ·

979 398 1258 455 ,,Δημάρητε,
1296 400 1379 440 νῦν
1408 399 1484 453 μοί
1519 410 1565 441 σε
1593 397 1680 454 ἡδύ

92 471 161 498 ‘¹²²¹ss
179 471 261 505 “³ssss
290 471 366 498 “³¹5-
395 477 493 522 2,,τι
523 468 611 513 ἐστὶ
640 469 885 523 έπείρεσθαι
903 465 956 510 τὰ
982 467 1109 510 θέλω.
1167 465 1220 509 σύ
1260 463 1493 520 εἷς”Ἐλλην
1520 481 1564 509 τε
1592 466 1681 518 καὶ,

424 535 508 591 ,,ὦς
527 535 609 593 ἐγώ
633 535 916 592 πυνθάνομαι
932 537 1008 577 σεῦ
1029 549 1072 577 τε
1086 534 1160 576 καὶ
1188 536 1276 576 τῶν
1294 531 1438 575 ἄλλων
1462 530 1682 589 Ἑλλήνων

425 608 541 658 „miv
568 603 664 660 ἐμοὶ
685 603 727 652 ἐς
756 601 916 657 λόγους
944 599 1243 657 ἀπικομένων,
1281 599 1432 650 πόλιος
1468 596 1558 643 οὔτ’
1588 600 1682 643 έλα-

418 674 603 729 ,,χίστης,
663 667 753 713 οὔτ’
785 667 1110 723 ἀσθενεστάτης.
1148 671 1232 711 νῦν
1253 662 1315 710 ὦν
1343 683 1419 722 μοι
1447 666 1545 711 τόδε
1575 666 1738 724 φρά-δο

94 738 177 772 ”¹¹⁰³
197 738 365 775 spartano-
421 751 543 793 ,,σον,
571 736 828 793 εῑἝλληνες
847 734 1140 791 ὑπομενέουσι
1168 740 1311 791 χεῖρας
1339 735 1433 790 ἐμοὶ
1453 733 1681 791 ἀνταειρό-

393 815 588 863 3,,μενοι.
646 802 700 848 οὐ
735 803 842 861 γὰρ,
893 801 952 854 ὥς
984 802 1065 857 ἐγώ
1104 802 1263 854 δοκέω,
1314 801 1406 846 οὐδ’
1453 804 1490 846 εἰ
1527 802 1696 854 πάντες·

422 874 637 929 ,ζΈλληνες
672 873 746 915 καὶ
784 874 827 915 οἱ
865 870 1010 914 λοιποὶ
1043 870 1087 912 οἱ
1114 868 1224 921 πρὸς,
1263 869 1442 927 ἑσπέρης
1471 870 1684 922 οἰκέοντες

421 940 682 995 ,,ὂένθρωποι
724 939 1079 993 συλλεχθείησαν,
1118 935 1198 980 οὐκ
1236 936 1463 993 ἀξιόμαχοί
1492 938 1572 980 εἰσι
1611 937 1682 993 ἐμὲ

422 1007 628 1061 ,,έπιόντα
655 1005 899 1062 ὑπομεῖναι,
929 1005 986 1061 μὴ
1000 1002 1141 1054 ἐόντες
1170 1002 1364 1057 ἄρθμιοι.
1421 1003 1556 1048 ἐθέλω
1585 1005 1682 1061 μέν·
1695 1013 1739 1047 85

425 1091 520 1127 ,,τοι
549 1072 621 1117 καὶ
653 1072 817 1122 τὸαπό
849 1075 940 1126 σεῦ,
970 1069 1124 1116 ὁκοῖόν
1153 1087 1194 1114 τι
1231 1070 1366 1126 λέγεις
1394 1071 1493 1126 περὶ
1522 1070 1683 1125 αὐτῶν,

92 509 185 532 tatem
204 506 349 532 Demara-

93 543 141 565 tus
156 539 302 571 modeste,
312 537 367 567 sed

91 571 234 606 gravibus
252 579 341 605 argu-

92 605 200 632 mentis
216 604 367 641 confutat,

93 638 249 666 maximam
270 646 337 673 par-

92 676 154 699 tem
175 671 278 706 petitis
296 672 333 698 ab

91 704 264 732 admirabili
274 704 362 732 disci-

93 779 167 802 rum-

339 1333 341 1337 ·
369 1291 455 1330 vid.
475 1304 589 1342 supra
606 1292 669 1339 VI,
690 1292 759 1346 30.
785 1291 866 1338 VII,
888 1294 927 1331 3.
983 1291 1029 1327 In

368 1361 475 1401 seqq.
502 1348 680 1386 voculam
709 1347 739 1385 ὠ
769 1353 856 1383 ante
875 1344 1031 1397 ’Δημά-

369 1419 472 1458 ρητε,
502 1418 591 1442 cum
611 1401 831 1453 Schweigh.
852 1409 890 1439 et
912 1403 1028 1440 Gaisf.

369 1462 501 1498 abieci.
558 1463 657 1497 Nan]
677 1461 855 1510 ignorant
875 1472 960 1495 eam
979 1459 1029 1495 li-

368 1518 426 1554 bri
455 1517 602 1567 scripti‚
630 1529 708 1554 uno
738 1522 897 1566 excepto
926 1515 1030 1552 San-

369 1574 615 1611 crofti'libro.
672 1570 821 1609 Eadem
849 1570 897 1608 de
918 1584 1028 1608 causa

369 1631 485 1667 etlam
502 1630 541 1665 in
561 1629 638 1665 fine
658 1642 740 1679 cap.
753 1627 876 1665 delevi
897 1622 930 1666 ὦ
941 1634 1028 1664 ante

367 1687 530 1737 βασιλεῦ
561 1686 676 1735 vulgo
705 1686 900 1721 insertum.
949 1685 1027 1720 Nec

367 1755 458 1780 sane
478 1740 627 1778 additur
645 1739 741 1778 iliud
756 1741 929 1777 vocativo
945 1740 1026 1788 VII,

370 1800 463 1839 103.
498 1799 591 1838 130.
659 1795 721 1834 Ad
758 1803 1028 1846 argumentum

368 1854 443 1891 loci
474 1853 576 1891 conf.
612 1853 748 1890 Senec.
776 1854 834 1889 De
853 1852 1028 1890 benefici.

370 1910 432 1958 VI,
454 1912 520 1957 31,
552 1910 618 1961 qui
637 1911 887 1946 Demaratum
907 1921 951 1945 ea
969 1910 1030 1946 sa-

369 1967 420 2003 cit
454 1964 667 2014 dicentem,
705 1978 802 2018 quae
834 1964 1029 2002 Herodoto

369 2028 522 2059 auctore
542 2022 622 2070 VII,
639 2021 692 2063 49
714 2023 794 2072 regi
806 2022 943 2059 obiecit
953 2023 1030 2059 Ar-

367 2079 539 2116 tabanus.
598 2079 633 2114 A
663 2078 783 2115 Suida
812 2091 841 2115 s.
872 2091 909 2116 v.
943 2081 1030 2129 Λη-

370 2129 543 2185 μᾶρατος
562 2135 625 2171 ille
646 2133 735 2171 hinc
771 2133 906 2171 dicitur
932 2145 1032 2185 συμ-

370 2185 525 2239 πράξας
554 2190 608 2237 εἰς
639 2187 712 2240 τη“ν
744 2189 947 2241 βασιλείαν
975 2191 1031 2242 τῷ

373 2244 510 2298 Ξέρξῃ·

426 2303 505 2339 νῦν
526 2299 594 2351 μοι’
613 2311 654 2339 σε
675 2297 756 2350 ἡδύ
773 2315 810 2338 τι
832 2299 928 2347 ἐστι’]
951 2299 1029 2337 Vo-

371 2357 498 2393 culam
518 2371 553 2394 τι
575 2368 595 2392 a
626 2354 829 2393 Scliaefero
863 2355 1026 2392 duorum

371 2411 483 2450 codd.
496 2413 714 2448 auctoritate
733 2412 909 2448 omissam
919 2414 1028 2463 equi-

372 2467 461 2505 dem
507 2481 596 2505 cum
644 2469 795 2518 reliquis
843 2470 1027 2505 revocavi.

371 2526 455 2575 Ipsa
486 2525 625 2561 locutio
662 2525 783 2561 valet:
827 2537 919 2561 nunc
944 2525 1030 2562 mila·

370 2581 475 2628 lubet,
494 2580 623 2631 placet.
669 2581 791 2625 Quam
812 2579 859 2616 ad
881 2582 1027 2617 Home-

370 2638 446 2674 rica
468 2636 538 2674 Od.
559 2636 791 2680 XX1v‚434
813 2650 1028 2687 expressam

371 2692 608 2730 crediderim.
629 2693 795 2729 Pertinet
811 2691 884 2728 huc
905 2695 1029 2730 Hero—

370 2749 448 2786 dot.
469 2752 516 2797 11,
537 2748 612 2790 46³
643 2745 692 2788 οὕ
714 2763 779 2798 μοι
808 2744 921 2798 ἥδιόν
949 2748 1027 2788 ε’στι

370 2804 495 2858 λέγειν
516 2812 553 2842 et
583 2806 662 2853 Vll,
688 2807 766 2845 160
794 2803 830 2842 εἰ
856 2802 898 2843 δὲ
928 2803 1025 2856 ὑμῖν

1087 1287 1183 1339 ἡδο
1197 1286 1258 1341 νὴ
1278 1304 1314 1328 κ.
1335 1304 1368 1328 τ.
1388 1292 1437 1335 λ.,
1459 1290 1650 1340 pertinent
1668 1290 1740 1327 alia

1083 1344 1159 1383 huc
1182 1359 1204 1382 a
1221 1348 1365 1384 Iacobs.
1387 1346 1497 1383 allata
1516 1344 1564 1382 ad
1590 1347 1741 1384 Aelian.

1082 1403 1131 1442 N.
1145 1403 1194 1440 Α.
1205 1404 1267 1450 VI,
1280 1401 1346 1443 44.
1405 1403 1590 1451 Imitatur,
1610 1403 1742 1439 obser-

1083 1466 1197 1496 vante
1224 1459 1517 1506 Valckenaerio,
1537 1460 1742 1496 Pausanias

1084 1516 1184 1563 V111‚
1218 1518 1284 1563 38,
1313 1516 1352 1557 5·
1380 1517 1449 1564 IX,
1471 1519 1524 1556 30
1556 1516 1594 1560 ξ.
1625 1518 1665 1555 2.
1687 1537 1740 1542 —

1082 1572 1127 1607 In
1147 1585 1252 1623 seqq.
1276 1571 1363 1608 dedi
1380 1585 1469 1608 cum
1490 1569 1683 1609 Schaefer.
1705 1577 1743 1608 et

1082 1627 1218 1665 Matth.
1236 1624 1501 1678 ἀπικομένων,
1526 1628 1592 1663 ubi
1607 1628 1743 1679 reliqui

1084 1697 1174 1720 cum
1203 1683 1383 1720 Bekkero
1430 1680 1741 1733 ἀπικνεομένων,

1083 1753 1216 1788 sensu,
1248 1741 1403 1791 opinor,
1432 1739 1472 1776 id
1503 1740 1741 1789 postulante:

1084 1809 1209 1845 eorum,
1234 1797 1436 1848 quibuscum
1455 1796 1644 1834 collocutus
1655 1807 1742 1834 sum.

1144 1907 1180 1947 εἰ
1190 1905 1379 1959 Ἕλληνες
1388 1907 1653 1960 ὑπομενέουσι
1666 1912 1744 1960 χεῖ-

1087 1979 1159 2014 ρας
1179 1963 1266 2015 ἐμοὶ
1298 1961 1623 2017 ἀνταειρόμενοι]
1656 1964 1742 2004 Vid.

1085 2021 1176 2067 VII,
1205 2023 1286 2062 209
1316 2035 1358 2058 ac
1387 2021 1434 2058 de
1457 2022 1643 2072 participii
1671 2034 1742 2058 usu

1087 2075 1222 2113 Matth.
1240 2078 1306 2114 Gr.
1325 2078 1390 2114 Gr.
1411 2079 1448 2122 ξ.
1471 2078 1553 2118 550
1571 2090 1610 2128 Ρ.
1634 2079 1738 2118 1081

1088 2133 1174 2170 coll.
1192 2133 1317 2182 Viger.
1335 2145 1422 2183 pag.
1446 2135 1540 2172 771.
1589 2131 1650 2169 Ad
1671 2132 1741 2170 da-

1089 2189 1207 2225 tivum
1254 2187 1341 2238 ἒμοὶ
1394 2187 1558 2225 eundem
1597 2190 1742 2227 consu]-

1085 2243 1220 2281 Matth.
1252 2245 1289 2289 ξ.
1318 2243 1418 2292 401,
1459 2246 1505 2291 33
1541 2245 1607 2296 qui
1637 2244 1741 2282 idem

1083 2313 1172 2351 pag.
1196 2303 1300 2341 1227
1322 2299 1369 2336 ad
1390 2301 1657 2351 particularum
1670 2315 1742 2339 ne-

1084 2358 1297 2406 gativarum
1316 2359 1502 2394 rationem
1515 2354 1584 2409 (οιῗ
1603 2355 1741 2410 γὰρ-

1087 2408 1177 2451 οὐδ’
1208 2411 1272 2463 εἰ)
1303 2413 1554 2451 conferendus
1586 2421 1623 2451 et
1650 2427 1740 2465 pag.

1090 2471 1194 2508 1017
1225 2468 1272 2505 de
1301 2471 1467 2520 optativo
1494 2471 1743 2522 συλλεχθείη-

1087 2536 1160 2562 σαν
1193 2531 1229 2562 et
1258 2538 1346 2576 pag.
1379 2528 1484 2567 1130
1513 2525 1561 2563 ad
1580 2527 1743 2564 locutio-

1086 2593 1175 2616 nem
1193 2579 1234 2621 τό
1255 2579 1334 2622 eino*
1357 2585 1437 2621 σεῦ.
1469 2581 1571 2623 Add.
1599 2584 1628 2629 l,
1650 2583 1740 2623 159.

1087 2639 1154 2686 IX,
1168 2640 1206 2686 7,
1232 2641 1266 2677 1.
1284 2640 1491 2675 Hermann.
1503 2637 1551 2675 ad
1567 2638 1691 2689 Viger.
1702 2651 1742 2688 p.

1087 2693 1182 2734 655.
1211 2716 1267 2721 —
1294 2697 1352 2731 De
1373 2708 1466 2732 voce
1482 2691 1656 2745 ἄρθμιος
1680 2694 1741 2731 di-

1083 2750 1123 2785 xi
1154 2749 1201 2786 ad
1232 2751 1296 2799 VI,
1317 2754 1384 2792 83.
1412 2750 1654 2788 Antecedens
1686 2747 1742 2802 μή

1082 2818 1102 2841 a
1123 2805 1328 2845 Boeckhio
1349 2807 1487 2844 mutari
1507 2808 1545 2844 in
1575 2802 1670 2859 μήτι
1698 2821 1741 2859 γε
