1897 3340
425 248 509 288 452

821 244 1280 282 HERODOTI

425 370 522 406 ,,ται
551 352 631 409 μὲν
659 351 790 396 οὐδὲν
816 346 952 407 ἧσσον
982 346 1054 404 εὖ,
1097 350 1279 394 ἕσσωται
1321 350 1367 394 δὲ
1395 348 1482 393 ond
1513 354 1588 405 τῆς
1613 348 1681 393 τύ-

425 438 526 477 „ms
553 421 602 464 τό
633 418 875 475 βούλευμα·
906 416 930 461 ὁ
961 419 1005 462 δὲ
1035 413 1614 474 βουλευσάμενοςάἰσχρῶς,
1643 419 1684 460 εἴ

425 490 496 540 ,,οἷ
522 487 549 544 ἡ
578 486 683 542 τύχη
713 487 946 537 ἐπίσποιτο,
975 485 1142 541 εὕρημα
1172 483 1347 540 εὕρηκε,
1377 478 1512 540 ἧσσον
1535 484 1580 527 δὲ
1609 481 1681 527 οὐ·

371 554 524 607 13,,δέν
563 555 607 596 οἱ
648 556 792 602 κακῶς
831 552 1120 608 βεβούλευται.
1175 552 1303 607 Ὁρᾷς
1331 550 1384 594 τοὶ
1415 549 1737 606 ὑπερέχοντα75

424 620 538 676 ,,ζῶά
580 619 638 672 ὠς
680 624 891 675 κεραυνοῖ
925 617 948 663 ὁ
988 619 1115 673 θεὸς,
1158 618 1261 662 ούόὲ
1291 618 1340 674 ἐᾷ
1370 617 1680 674 φαντάζεσθαι,

368 806 428 844 hic
468 807 514 842 ab
553 802 748 841 Herodoto
791 802 941 851 induci,
983 810 1024 840 ut

368 865 559 900 Graecum
590 860 788 897 hominem
819 862 882 897 illa
903 867 1024 896 aetate

367 921 538 956 locutum
559 931 637 955 esse
659 930 726 968 par
755 916 891 963 fuerit3
921 915 1024 952 unde

367 974 546 1012 credibile
576 974 640 1020 fit,
673 986 771 1025 quae
796 975 911 1023 ipsius
931 974 1025 1009 scri-

366 1033 482 1082 ptoris
504 1038 540 1067 et
561 1032 797 1067 Graecorum
817 1030 914 1065 illius
942 1030 1024 1066 aevi

364 1089 479 1124 fuerit
518 1086 565 1124 de
597 1085 654 1123 his
692 1087 803 1123 rebus
824 1086 1020 1132 sententia,

366 1142 451 1180 edm
471 1146 610 1181 Persae.
630 1144 703 1179 viri
722 1156 787 1179 ore
818 1141 880 1178 hic
902 1155 1023 1177 enun-

365 1201 462 1238 tiari.
521 1201 587 1237 Tu
615 1199 691 1237 vid.
722 1200 766 1245 V,
789 1197 828 1238 4.
850 1197 902 1239 24
929 1199 1021 1249 ibiq.

365 1263 460 1293 nott.
483 1257 568 1298 coll,
589 1262 684 1292 nott.
707 1255 754 1291 ad
780 1257 845 1301 Ill,
868 1257 934 1295 80.
956 1236 1022 1295 8}-

337 1328 340 1332 ·
365 1312 447 1360 Vll,
477 1312 543 1353 53.
602 1311 664 1348 Ad
703 1312 936 1348 locutionem
957 1306 1023 1349 εὕ-

367 1384 473 1419 ρημα
487 1366 628 1420 εὕρηκε
641 1367 687 1404 de
709 1369 812 1404 lucro
833 1370 1021 1417 insperato,

360 1429 500 1476 praeter
518 1438 609 1476 spem
626 1424 752 1472 oblato,
784 1424 885 1461 conf.
911 1424 1022 1463 allata

367 1481 415 1519 ad
434 1482 531 1530 vlu,
555 1483 647 1522 109.

643 1571 678 1615 ξ.
707 1569 748 1610 5.

423 1646 547 1701 Ὁρᾷς
567 1644 615 1686 τά
631 1646 872 1698 ’ὑπερέχοντα
891 1648 970 1693 ζῶα
984 1661 1020 1684 κ.

368 1719 402 1742 τ.
424 1704 477 1751 λ]
508 1704 643 1753 Attigit
672 1704 858 1740 Stobaeus
881 1706 946 1750 22,
967 1703 1021 1743 46

367 1760 437 1809 (T·
468 1761 485 1795 I
504 1773 542 1810 p.
565 1759 644 1800 424
667 1760 815 1809 Gaisf.).
846 1758 1023 1795 Herodo-

365 1823 473 1853 teum
493 1816 622 1852 locum
645 1823 732 1853 aute
762 1817 890 1852 oculos
911 1816 1023 1851 fuisse

366 1873 524 1909 Horatio
558 1873 596 1908 in
631 1873 695 1919 iis,
727 1885 824 1923 quae
844 1873 1024 1921 leguntur

366 1930 405 1965 in
427 1929 553 1966 Carm.
573 1930 621 1975 ΙΙ,
646 1932 709 1976 10,
726 1931 750 1969 9
771 1942 876 1981 seqq.
897 1929 1024 1965 statuit

365 1984 572 2032 Matthiae,
610 1984 845 2022 Vermischte
875 1983 1024 2022 Schrif-

326 2076 327 2079 ,
366 2049 430 2078 ten
470 2053 556 2092 pag.
599 2044 651 2083 78
684 2054 763 2093 seq.
831 2040 1024 2093 Equidem

365 2097 439 2134 hoc
461 2099 619 2133 minime
640 2104 721 2134 tam
741 2104 842 2134 certo
852 2110 1024 2148 pronun—

370 2154 505 2189 tiarim.
536 2155 711 2206 Namque
742 2155 887 2190 Horatii
907 2154 1023 2190 verba

366 2210 418 2245 ita
457 2216 614 2246 sonant:
665 2210 860 2259 „Saepius
900 2210 1022 2246 ventis

367 2266 530 2314 agitatur
551 2267 685 2315 ingens
705 2267 823 2302 Pinus
845 2272 880 2301 et
899 2265 1021 2301 celsae

356 2322 537 2371 ¹graviore
563 2334 651 2357 casu
679 2321 869 2357 Decidunt
890 2327 1021 2367 turres,

365 2378 582 2428 feriuntque
627 2390 796 2414 summos
845 2377 1022 2413 Fulmina

364 2435 556 2470 montes.“
631 2432 692 2470 Ad
734 2446 849 2485 quem
892 2433 1021 2469 locum

362 2489 502 2526 similes
514 2496 683 2525 veterum
694 2491 895 2526 sententias
907 2502 1022 2541 quas-

367 2544 456 2582 dam
477 2546 600 2582 attulit
619 2544 886 2582 Mitscherlich.

422 2597 519 2640 οὐδὲ
544 2600 590 2655 ἑᾷ
610 2599 903 2651 φαντάζεσθαι]
928 2602 1018 2638 Rei-

364 2659 508 2694 nersius
538 2659 623 2695 Var.
653 2660 758 2695 Lect.
779 2660 831 2701 11,
853 2661 890 2704 3,
921 2659 1017 2694 bene

368 2715 569 2764 explicuit:
600 2727 668 2751 non
684 2717 803 2752 sinunt
828 2715 926 2751 ultra
948 2714 1016 2751 ad-

361 2783 508 2822 parere,
556 2769 695 2819 efferri,
750 2773 917 2808 ostentari
967 2784 1014 2819 se,

363 2827 504 2878 quippe
534 2822 808 2877 άφανισθὲντα
838 2834 873 2863 et
894 2828 932 2862 in
953 2828 1015 2863 ni-

1080 802 1202 840 hilum
1223 802 1387 839 redacta.
1436 803 1633 853 Namque,
1663 813 1737 853 no-

1079 867 1182 896 tante
1204 857 1565 909 Schweighaeusero
1581 887 1590 905 ,
1619 858 1736 894 verbo

1081 912 1353 966 φαντάζεσθαι
1367 945 1376 962 ,
1415 914 1519 966 quod
1539 926 1737 950 nonnum-

1082 985 1199 1024 quam
1219 972 1436 1022 simpliciter
1456 972 1556 1007 valet
1569 971 1734 1019 conspici,

1081 1029 1255 1078 adparere
1311 1030 1390 1075 (ut
1430 1026 1532 1077 apud
1565 1025 1737 1077 Euripid.

1078 1084 1275 1121 Plioeniss.
1307 1085 1373 1123 93.
1395 1081 1537 1119 Herod.
1557 1083 1621 1128 IV,
1645 1082 1737 1129 124,

1079 1142 1147 1177 ubi
1167 1152 1382 1192 synonyma
1401 1146 1487 1176 sunt
1501 1134 1739 1188 ἀφανισθῆ-

1080 1212 1146 1236 ναι
1175 1204 1212 1233 et
1251 1193 1300 1235 οὐ
1339 1192 1610 1244 φαντάζεσθαι
1651 1195 1738 1231 coll.

1078 1254 1166 1297 VII,
1208 1252 1300 1299 15),
1351 1251 1424 1288 hoc
1463 1253 1547 1288 loco
1578 1251 1739 1301 amplius

1081 1308 1172 1361 quid
1227 1308 1300 1345 dici
1348 1308 1457 1345 facile
1502 1308 1736 1357 intelligitur,

1052 1374 1056 1375 ⁷
1080 1364 1184 1402 haud
1214 1363 1460 1402 incommode
1500 1377 1521 1400 a
1549 1364 1656 1400 Valla
1686 1365 1739 1400 ita

1080 1433 1322 1472 expressum:
1345 1434 1406 1458 nec
1422 1422 1507 1458 sinit
1527 1420 1736 1459 insolescere.

1080 1480 1234 1516 Scilicet
1270 1478 1375 1526 (sunt
1408 1479 1488 1528 ipsa
1518 1475 1737 1527 Schweigh.

1078 1536 1233 1584 verba),
1267 1533 1602 1586 'quemadmodum
1633 1548 1738 1583 φαν-

1078 1592 1194 1630 τασία
1224 1603 1302 1626 non
1332 1589 1449 1627 modo
1478 1592 1642 1640 speciem,
1678 1591 1738 1626 υἰ-

1077 1660 1166 1694 sum,
1201 1646 1400 1696 adspectum
1434 1646 1567 1694 [conf.
1587 1647 1737 1683 Ernest-

1080 1704 1185 1740 clav.
1216 1703 1335 1740 Cicer.
1367 1715 1395 1740 s.
1419 1715 1455 1739 v.
1478 1704 1588 1739 visum
1608 1702 1737 1754 ibique

1080 1760 1200 1796 Cicer.
1221 1761 1278 1795 De
1293 1765 1370 1795 nat.
1393 1757 1495 1796 deor.
1518 1761 1548 1806 ι,
1569 1758 1613 1806 5]
1631 1787 1641 1805 ,
1669 1757 1737 1795 sed

1079 1814 1239 1853 subinde
1279 1821 1315 1851 et
1344 1815 1536 1865 sigillatim
1572 1817 1737 1853 maiorem

1081 1871 1255 1922 quandam
1280 1874 1313 1908 et
1344 1873 1569 1920 insigniorem
1595 1872 1739 1921 speciem

1079 1928 1266 1978 significat
1296 1926 1400 1976 (vid.
1427 1929 1521 1964 Lex.
1541 1927 1678 1977 Polyb.
1698 1940 1736 1977 p.

1081 1985 1195 2034 645),
1211 1986 1262 2021 sic
1283 1985 1443 2021 verbum
1465 1980 1738 2032 φαντάζεσθαι

1078 2040 1118 2078 h.
1140 2041 1164 2078 l.
1195 2040 1350 2078 denotat
1378 2041 1548 2088 insignem
1579 2039 1738 2088 aliquam

1073 2109 1162 2146 prae
1183 2112 1216 2134 se
1237 2099 1378 2146 speciem
1394 2095 1492 2145 ferre
1506 2099 1612 2144 atque
1622 2099 1736 2132 osten-

1079 2156 1168 2189 tare.
1200 2152 1310 2189 Conf.
1331 2154 1379 2188 H.
1410 2150 1594 2201 Steplian,
1616 2150 1734 2190 Thes.

1077 2208 1129 2245 IV
1144 2222 1182 2258 p.
1204 2212 1256 2248 37
1277 2209 1324 2245 A.
1382 2207 1444 2244 Ad
1464 2206 1562 2244 hauc
1584 2211 1735 2245 ostenta-

1078 2266 1179 2301 tionis
1209 2264 1525 2314 significationem
1572 2264 1734 2301 verbum

1079 2316 1351 2368 φαντάζεσθαι
1380 2319 1417 2357 h.
1439 2322 1465 2357 Ι.
1486 2326 1587 2356 recte
1608 2321 1733 2357 retulit

1080 2377 1217 2413 Coraes
1238 2375 1285 2412 ad
1313 2376 1506 2413 Heliodor.
1526 2375 1733 2427 Aethiopp.

1078 2433 1158 2479 VH,
1197 2436 1244 2473 10
1283 2445 1368 2483 pag·
1402 2435 1495 2480 233,
1535 2433 1732 2470 oblocutus

1077 2487 1280 2534 Lambero,
1299 2490 1363 2540 qui
1384 2488 1478 2525 illud
1499 2488 1547 2526 ad
1566 2491 1732 2540 priorem

1076 2546 1391 2595 significationem
1407 2544 1622 2594 deflexerat,
1643 2558 1733 2582 cum

1075 2608 1204 2638 tamen
1217 2603 1243 2638 si
1249 2602 1401 2651 guilicet
1414 2613 1424 2638 τ
1445 2615 1510 2638 non
1522 2604 1607 2640 sinit
1619 2605 1732 2638 osten-

1076 2662 1165 2695 tare.
1205 2659 1352 2694 Monuit
1375 2658 1549 2695 Creuzer.
1570 2657 1617 2694 ad
1638 2658 1732 2694 Plo-

1073 2716 1141 2751 tin.
1163 2713 1210 2750 de
1232 2712 1433 2765 pulcritud.
1457 2726 1542 2764 pag.
1559 2716 1649 2760 136,
1664 2714 1730 2750 ubi

1073 2770 1120 2807 de
1155 2771 1229 2807 hoc
1260 2772 1344 2807 loco
1373 2770 1589 2807 Herodoteo
1617 2782 1730 2820 prae·-

1072 2834 1173 2864 terea
1194 2827 1338 2865 consuli
1359 2827 1438 2864 vult
1459 2825 1660 2864 Gatacker.
1681 2823 1729 2863 ad
