1897 3340
8 3197 28 3225 ζ
13 3154 27 3190 5-
10 3084 13 3091 “

566 224 1208 262 POLYMN1A.V11.
1438 231 1522 270 535

249 334 327 384 λας
355 333 545 378 ἐποιέετο
571 333 651 389 τήν
671 331 780 376 ὁδόν
807 331 880 374 διὰ
909 335 983 387 τῆς
997 331 1297 388 Χερσονήσου,
1328 332 1375 376 ἐν
1406 335 1523 392 δεξιῇ
1534 344 1577 380 55

249 403 329 457 μὲν
358 403 468 458 ἔχων
496 402 574 445 τὸν
591 401 745 455 *Ἕλλης
768 398 915 454 τάφον
944 404 1019 455 τῆς
1037 398 1328 455 Ἀθάμαντος,
1358 400 1406 443 ἐν
1427 401 1520 457 ἀρι-

220 473 380 527 4στερῇ
419 470 464 513 δὲ
503 469 701 524 Καρδίην
739 466 883 511 πόλιν.

943 467 1015 512 διοὶ
1047 468 1178 524 μέσης
1208 469 1255 512 δὲ
1283 469 1520 526 πορευόμε-

248 555 327 589 νος
355 536 530 589 πόλιος,
560 540 612 593 τῇ
637 534 810 592 οὔνομα
836 537 1036 593 τυγχάνει
1066 537 1141 581 ἐόν
1165 536 1336 594 Ἀγορὴ,
1367 539 1515 584 ἐνθεῦ-

243 622 316 649 τεν
355 606 401 649 δὲ
429 603 637 659 κάμπτων
674 602 753 647 τόν
782 604 951 649 κόλπον
991 606 1068 650 τὸν
1099 607 1285 650 Μέλανα
1313 608 1518 664 καλεόμε-

215 682 350 717 5νον·
380 673 453 716 καὶ
482 671 668 715 Μέλανα
696 673 919 730 ποταμὸν,
952 674 1034 718 οὐκ
1065 672 1324 730 ἀντισχόντα
1344 675 1439 721 τότε
1461 682 1517 733 τῇ

243 745 421 798 στρατιῇ
459 741 508 785 τὸ
555 740 770 797 ῥέεθρον,
810 741 897 785 ἀλλ’
939 743 1216 795 ἐπιλιπόντα,
1246 747 1410 788 τοῦτον
1439 744 1573 788 τόνΰο

240 809 441 862 ποταμόν
485 809 664 864 διαβὰς,
709 808 772 852 ἐπ’
809 806 866 853 οὗ
901 811 975 853 καὶ
1014 810 1037 856 ὁ
1076 810 1241 863 κόλπος
1279 807 1409 864 οὗτος
1438 813 1518 871 τήν
1580 846 1585 849 -

242 877 495 935 ἐπωνυμίην
537 878 632 934 ἔχει,
660 877 727 933 ἤϊε
757 878 868 933 πρὸς
897 879 1108 936 ἑσπέρην,
1139 880 1280 925 Αἶνόν
1309 899 1353 926 τε
1383 881 1515 927 πόλιν

239 948 424 991 Αἰολίδα
453 948 527 992 καὶ
539 948 808 1001 Στεντορίδα
836 949 994 1004 λίμνην
1022 949 1252 1005 παρεξιών,
1283 950 1327 1003 ἐς
1357 949 1382 996 ὃ
1410 951 1512 996 ἀπί-

178 1185 220 1216 tu
249 1192 329 1216 non
355 1180 472 1230 longe
503 1191 524 1215 a
554 1176 713 1215 meridie
743 1178 844 1215 urbis

177 1237 344 1288 Pactyae
363 1250 484 1287 prope
504 1236 645 1287 Playar
665 1242 701 1271 et
712 1236 844 1271 Hexa-

176 1294 280 1340 mila,
291 1299 333 1330 ut
352 1307 456 1330 nunc
468 1299 620 1341 vocant,
639 1293 753 1328 fuisse
765 1298 844 1328 sta-

174 1351 247 1388 tuit
267 1351 389 1387 Kruse
400 1351 526 1387 Ueber
539 1348 727 1386 Herodots
740 1349 843 1385 Aus-

173 1420 286 1444 mess.
303 1406 340 1444 d.
361 1408 474 1444 Pont.
497 1420 584 1458 pag.
602 1405 668 1447 49.
681 1407 734 1447 50
754 1418 842 1442 ma-

172 1476 268 1515 gnos
291 1471 411 1501 terrae
432 1465 601 1502 tumulos
627 1465 841 1500 etiamnum

172 1522 226 1558 ibi
273 1529 422 1558 exstare
463 1534 634 1561 narrans.
711 1521 839 1571 Prope

172 1578 375 1629 Callipoliu
397 1579 524 1615 Helles
537 1585 838 1615 monumentum

170 1636 284 1673 fuisse
312 1643 421 1686 putat
449 1636 640 1672 Mannert.
673 1635 697 1671 l.
719 1635 745 1671 l.
768 1635 839 1672 VII

168 1705 256 1743 pag.
279 1696 374 1733 202.
414 1693 618 1730 Caeterum
639 1690 835 1728 Herodoto

168 1750 209 1786 in
229 1748 287 1786 his
312 1751 492 1787 convenit
512 1763 601 1787 cum
622 1749 834 1797 Hellanico‚

169 1807 236 1858 qui
255 1808 413 1854 Hellen,
443 1805 687 1843 Athamantis
716 1779 835 1842 filiani

167 1876 191 1899 a
211 1862 394 1900 Colchide
409 1863 623 1914 fugientem
644 1861 706 1899 hic
728 1875 836 1899 mor-

166 1927 275 1956 tuam
295 1927 409 1972 atque
431 1933 452 1956 a
467 1919 625 1972 Phryxo
646 1921 836 1970 sepultam

167 1990 246 2014 esse
284 1984 503 2015 narraverat
520 2007 529 2025 ‚
569 1984 662 2014 teste
704 1975 830 2016 Schol.

165 2035 294 2085 Apoll.
315 2033 442 2071 Rhod.
464 2035 511 2081 II,
540 2033 659 2074 1144.
683 2056 734 2061 —
775 2036 834 2070 De

107 2143 111 2147 .
168 2090 305 2129 Cardia
324 2091 418 2128 urbe
439 2090 607 2128 diximus
629 2089 678 2128 ad
690 2091 752 2138 VI,
765 2093 832 2132 33.

216 2211 398 2267 Ἀγορή]
442 2215 541 2252 citat
574 2213 750 2252 Eustath.
782 2214 831 2252 ad

163 2271 272 2308 Iliad.
294 2285 332 2322 p.
345 2271 412 2320 45,
435 2275 487 2312 10
507 2286 535 2310 s.
557 2271 624 2320 34,
649 2275 713 2313 10.
735 2272 830 2323 Scy-

164 2328 236 2364 laci
266 2329 304 2372 §.
334 2330 386 2368 68
413 2343 451 2379 p.
473 2330 526 2369 28
548 2342 584 2380 p.
615 2331 693 2370 281
728 2330 829 2367 Gail.

165 2391 325 2420 vocatur
353 2380 496 2435 Ἀγοροῖ
514 2414 523 2432 ,
555 2398 672 2436 quam
691 2387 829 2423 urbem

164 2441 205 2476 in
239 2441 408 2477 interiori
440 2442 597 2490 regione
628 2443 726 2479 ultra
758 2456 830 2479 an-

165 2498 426 2548 gustissimum
445 2496 576 2534 isthmi
594 2504 760 2535 tractum
780 2498 830 2537 ad

162 2555 462 2605 septentrionem
482 2561 520 2590 et
538 2555 723 2591 orientem
736 2556 831 2592 Car-

166 2610 249 2648 diae
281 2612 385 2648 urbis
415 2613 528 2648 sitam
548 2611 662 2648 fuisse
683 2624 728 2648 eo
748 2612 828 2649 fere

164 2667 270 2715 loco,
301 2669 368 2705 ubi
396 2668 642 2719 probabiliter
669 2667 828 2719 posthac

164 2724 357 2762 invenitur
399 2723 668 2775 Aphrodisias,
719 2726 828 2775 ponit

162 2781 352 2819 Mannert.
385 2782 412 2819 l.
447 2782 474 2818 l.
513 2782 580 2818 V11
612 2793 701 2831 pag.
730 2783 827 2822 203.

162 2838 222 2874 De
255 2837 402 2876 IlIelane
427 2838 512 2877 sinu
545 2845 582 2875 et
601 2837 718 2876 fluvio
746 2836 824 2878 vid.

901 1185 998 1216 nott.
1021 1178 1069 1216 ad
1090 1181 1153 1227 vl,
1170 1179 1239 1220 41.
1296 1184 1477 1220 Nostrum
1506 1185 1567 1221 lo-

900 1249 990 1273 cum
1005 1239 1126 1287 tangit
1145 1237 1319 1276 Eustath.
1340 1239 1389 1277 ad
1408 1241 1565 1293 DionyS.

898 1294 1049 1345 Perieg.
1071 1294 1168 1336 538.

957 1379 1031 1424 οὔκ
1045 1380 1278 1436 αντισχόντα
1296 1382 1380 1427 τότε
1390 1389 1442 1442 τῇ
1453 1399 1564 1452 στρα-

897 1443 966 1495 τιῇ
986 1457 1028 1481 το
1047 1440 1228 1493 ρέεθρον,
1251 1439 1335 1482 ἄλλ’
1360 1440 1564 1483 ἐπιλιπόν-

896 1497 974 1548 τα]
1022 1500 1202 1536 Fluvium
1238 1499 1408 1548 indicat,
1461 1503 1564 1538 cuius

896 1568 992 1604 aqua
1014 1560 1098 1593 tunc
1125 1570 1192 1593 non
1217 1557 1402 1608 suffecerit
1431 1561 1564 1595 exerci-

894 1614 961 1659 tui,
993 1613 1054 1650 sed
1073 1613 1249 1663 defecerit.
1307 1614 1371 1651 Ad
1397 1615 1563 1652 locutio-

893 1682 986 1705 nem
1015 1670 1116 1707 conf.
1150 1671 1230 1715 VII
1261 1669 1561 1713 43-108-127·

893 1727 1017 1763 Usum
1020 1729 1325 1794 praepositionis
1342 1726 1407 1767 ἐπὶ
1423 1730 1462 1765 in
1472 1742 1561 1766 ver-

892 1783 987 1820 bis’
970 1778 1029 1823 επ’
1051 1785 1098 1823 οὐ
1131 1786 1377 1822 tractavimus
1419 1785 1468 1822 ad
1495 1787 1559 1833 IV,

893 1839 962 1881 45

949 1925 1083 1970 Αἶνόν
1101 1945 1141 1970 τε
1160 1927 1276 1970 πόλιν
1287 1931 1476 1981 Αἰολίδα]
1499 1934 1558 1970 De

891 1986 986 2024 Aeno
1020 1988 1114 2024 urbe
1145 1986 1312 2025 diximus
1331 1987 1380 2025 ad
1403 1990 1467 2038 IV,
1489 1992 1556 2030 90.

889 2043 1002 2081 Adde
1024 2043 1400 2082 Choiseul-Gouffier
1431 2047 1458 2083 l.
1489 2059 1556 2083 su-

889 2115 959 2152 pra
977 2102 1003 2139 l.
1023 2103 1059 2137 ΙΙ
1078 2114 1168 2152 pag.
1198 2105 1291 2149 107,
1315 2103 1382 2155 qui
1410 2103 1556 2141 multus

889 2165 944 2195 est
973 2157 1020 2195 de
1042 2157 1113 2195 liae
1144 2160 1236 2196 urbe
1259 2158 1307 2196 ad
1326 2161 1556 2210 septentrio—

887 2229 979 2252 nem
1011 2217 1152 2253 montis
1200 2216 1429 2266 Sarpedonii
1470 2216 1554 2254 sit-21.

889 2272 1066 2310 Stentoris
1073 2273 1192 2322 palm,
1204 2274 1428 2311 observante
1438 2275 1554 2310 Man-

884 2336 983 2367 nert.
1010 2330 1037 2366 l.
1067 2331 1094 2366 1.
1129 2331 1199 2366 Vn
1226 2343 1315 2380 pag.
1342 2334 1437 2379 208,
1468 2332 1553 2368 exi-

885 2400 984 2437 guus
1013 2393 1171 2424 vocatur
1198 2387 1262 2423 ille
1288 2388 1404 2425 maris
1434 2389 1551 2435 sinus,

884 2444 951 2480 ubi
959 2445 1058 2480 Aeni
1069 2444 1140 2480 fuit
1150 2451 1298 2494 portus3
1329 2444 1432 2481 unde
1449 2444 1551 2496 apud

884 2500 1127 2538 Herodotum
1143 2501 1227 2553 quis
1238 2502 1443 2538 rescribere
1462 2515 1551 2539 ma-

884 2557 928 2594 lit
946 2556 1085 2608 λιμένα
1106 2557 1287 2609 (portum)
1309 2572 1378 2609 pro
1389 2559 1547 2609 λίμνην,

883 2615 1106 2664 praesertim
1125 2627 1214 2652 cum
1232 2614 1409 2653 Stentoris
1423 2619 1548 2666 portus

883 2670 983 2707 intra
1001 2671 1121 2708 Hebri
1141 2673 1235 2709 ostia
1262 2679 1299 2709 et
1313 2673 1469 2708 Aenum
1480 2684 1548 2707 ur-

883 2726 973 2763 bem
1004 2736 1328 2765 commemoretur
1363 2741 1385 2764 a
1419 2728 1545 2764 Plinio

881 2784 932 2822 H.
953 2785 1001 2822 N.
1023 2785 1088 2834 IV,
1106 2787 1154 2826 11
1174 2784 1289 2830 §.43.
1319 2786 1376 2822 De
1396 2785 1545 2822 Dorisco

881 2838 958 2879 vid.
977 2847 1074 2880 nott.
1097 2839 1148 2878 ad
1167 2842 1214 2890 V,
1233 2843 1302 2882 98.
