1897 3340
375 256 460 297 270

776 257 1234 296 HERODOTI

379 365 571 420 Καρδίης
598 364 752 416 πόλιος
787 366 831 417 ἐς
861 365 1098 421 Πακτύην,
1137 368 1210 408 ἴνα
1250 367 1308 423 μὴ
1339 367 1478 423 ἔχοιέν
1507 378 1644 423 σφεας

351 435 425 477 3οί
450 432 669 482 Ἀψίνθιοι
699 434 928 488 δηλέεσθαι
967 433 1249 489 ἐσβάλλοντες
1285 434 1329 484 ἐς
1368 434 1450 490 τήν
1490 436 1649 492 χώρην.

379 501 459 544 εἰσὶ
479 501 524 543 δὲ
547 494 670 542 οὗτοι
691 499 862 544 στάδιοι
878 501 920 552 ἕξ
941 517 984 543 τε
1015 501 1087 543 καὶ
1107 501 1342 557 τριήκοντα
1362 505 1444 545 τοῦ
1462 503 1650 558 ίσθμοῦ”

379 566 464 611 ἀπὸ
498 568 544 611 δὲ
572 572 654 611 τοῦ
683 570 847 624 ἰσθμοῦ
876 566 1037 611 τούτου
1067 567 1092 624 ἦ
1125 569 1406 626 Χερσόνησος
1434 570 1535 612 εἴσω
1558 573 1644 612 πᾶ-

376 635 433 678 σά
463 636 553 679 ἐστι
592 637 782 678 σταδίων
813 637 950 679 εἴκοσι
979 638 1053 680 καὶ
1079 638 1374 690 τετρακοσίων
1412 636 1463 679 τὸ
1491 640 1644 692 μῆκος.

322 889 410 924 ferri
429 899 508 923 non
525 898 645 936 posse,
677 897 769 921 cum
789 886 860 922 alia
872 899 984 937 pror-

321 958 382 981 sus
402 945 508 980 notio
529 943 634 980 verbi
649 940 903 992 ἐπιτειχίζειν,
920 944 982 980 lu-

322 1001 492 1037 culenter
511 1005 835 1036 commonstrante
859 1001 984 1036 Hem—

320 1056 482 1094 sterhus.
504 1054 553 1093 ad
573 1056 734 1092 Lucian.
754 1056 900 1107 Nigrin.
915 1059 981 1097 23.

321 1116 545 1164 Harpocrat.
581 1124 669 1164 pag.
701 1114 779 1152 60:
824 1109 984 1152 ἀποτει-

320 1171 427 1221 χίσαι
441 1199 450 1215 ‚
498 1166 544 1208 τό
603 1165 823 1219 ἀπολαβεῖν
871 1170 988 1220 τείχει

320 1226 388 1266 καὶ
428 1221 662 1265 ἀποκλεῖσαι
701 1227 773 1275 τῆς
822 1221 986 1273 ἐξόδου·

322 1279 688 1334 οἷποτετειχισμένος
703 1280 745 1320 δὲ
759 1279 782 1320 ό
796 1277 986 1333 ἀπειλημ-

322 1339 440 1392 μένος
465 1339 534 1378 καὶ
556 1334 912 1390 ἄποκεκλεισμένος
933 1341 987 1392 τῷ

320 1397 450 1447 τείχει.
522 1397 622 1432 Hinc
661 1402 763 1432 recte
792 1396 891 1432 infra
918 1396 984 1444 Vl,

320 1456 375 1494 37
429 1453 471 1488 in
522 1453 678 1502 vulgata
734 1447 987 1504 α’ποτειχίσας

321 1522 457 1546 omnes
488 1508 601 1546 codd.
625 1511 857 1559 conspirant.
897 1507 985 1547 Vid.

321 1567 516 1603 annotatio
528 1564 576 1602 ad
588 1565 783 1602 Plutarch.
796 1564 985 1602 Alcibiad.

321 1635 409 1673 pag,
432 1622 527 1662 225.
558 1623 614 1658 De
635 1623 717 1672 ipso
736 1635 848 1658 muro
865 1622 987 1658 aMil-

320 1678 422 1715 tiade
454 1678 569 1715 ducto
610 1678 712 1714 conf.
754 1677 985 1715 Tzschucke

320 1738 360 1771 in
393 1741 490 1772 nott.
514 1741 677 1785 exegett.
701 1733 749 1771 ad
769 1736 859 1772 Mel.
890 1737 938 1782 Π,
959 1737 986 1775 2

322 1793 360 1837 §.
382 1793 406 1832 6
437 1804 528 1842 pag.
566 1793 644 1832 108
674 1791 759 1828 Vol.
788 1793 842 1828 ΠΙ
870 1793 915 1830 P.
936 1792 985 1829 H.

321 1869 378 1875 ———
406 1849 464 1884 De
486 1846 622 1885 Cardia
639 1848 734 1884 urbe
756 1847 836 1884 dixi
853 1847 901 1885 ad
920 1849 986 1896 Vl,

323 1907 391 1945 33.
442 1903 584 1955 Pactya
605 1905 723 1949 urbs,
754 1904 801 1942 ad
822 1906 986 1942 alterum

323 1973 491 2013 eumque
502 1961 727 1997 orientalem
737 1963 840 1998 muri
860 1974 881 1998 a
895 1961 987 1998 Mil-

321 2017 425 2054 tiade
465 2016 570 2055 ducti
604 2017 722 2054 finem
759 2020 828 2055 sita
865 2031 986 2069 prope

322 2075 436 2110 maris
457 2086 577 2121 oram,
605 2075 723 2111 rarius
745 2087 987 2112 commemo-

324 2138 428 2167 ratur
448 2143 469 2166 a
482 2131 693 2168 veteribus:
725 2144 843 2183 quam
864 2143 986 2184 aeque

325 2194 440 2238 atque
479 2185 657 2223 Cardiam
694 2195 780 2238 post
809 2190 987 2239 Lysima-

325 2242 453 2280 chiam
470 2242 663 2280 conditam
675 2243 884 2282 decrevisse
894 2256 987 2295 pro-

325 2300 451 2337 babile
465 2306 519 2336 est
537 2298 712 2352 adeoque
731 2313 826 2338 mox
835 2313 987 2351 prorsus

325 2357 533 2403 evanuisse,
565 2369 801 2408 quamquam
821 2359 987 2408 Pactyae

327 2414 462 2450 veteris
495 2413 623 2449 ruinas
666 2413 850 2464 quasdam
883 2412 987 2450 haud

326 2470 457 2520 procul
474 2470 520 2505 ab
534 2470 661 2506 Helles
672 2472 846 2522 sepulcro
867 2483 987 2521 prope

325 2527 463 2576 Plagar
475 2533 512 2562 et
525 2527 726 2564 Hexamila
746 2539 989 2564 commemo-

326 2584 399 2619 rari
419 2581 531 2619 video
560 2582 661 2633 apud
688 2587 830 2621 Kruse:
862 2584 989 2620 Ueber

326 2638 514 2676 Herodots
526 2640 785 2691 Ausmessung
807 2639 989 2677 desPon-

327 2704 385 2733 tus
406 2702 478 2732 etc.
495 2703 565 2732 etc.
594 2709 682 2747 pag.
705 2698 756 2738 49
779 2697 989 2734 coll.Man-

328 2760 424 2790 nert.
457 2753 524 2788 vll
546 2765 633 2803 pag.
660 2756 736 2795 188
766 2767 873 2806 seqq.
902 2754 989 2790 coll.

332 2811 423 2855 185,
455 2810 634 2845 ubiinuri
656 2809 703 2846 ad
734 2809 899 2846 hostium
927 2812 989 2845 in-

329 2868 500 2903 vasiones
522 2866 702 2904 arcendas
725 2868 904 2904 exstructi
930 2874 989 2903 nt-

247 703 309 747 37
367 703 653 759 Ἀποτειχίσας
683 697 747 744 ὦν
775 701 857 744 τόν
885 699 1047 758 αὐχένα
1074 707 1150 759 τῆς
1182 702 1467 761 Χερσονήσου
1496 702 1521 747 ὁ
1541 707 1705 747 Mat-75

1040 900 1115 939 que
1127 887 1240 938 ipsius
1253 885 1478 923 Chersonesi
1493 885 1706 937 longitudi-v

1039 957 1130 980 uem
1152 944 1432 980 accuratissime
1445 944 1492 979 ab
1506 942 1703 980 Herodoto

1038 998 1136 1037 tradi
1146 1001 1285 1037 scribit.
1317 999 1433 1051 Apud
1445 1000 1649 1050 Scylacem
1663 1000 1703 1045 §.

1040 1059 1093 1098 68
1116 1070 1155 1107 p.
1177 1059 1231 1097 28
1244 1055 1364 1095 Huds.
1388 1063 1424 1093 et
1437 1056 1703 1107 Strabon.Ep.

1039 1113 1108 1149 VII
1128 1113 1194 1149 fin.
1217 1115 1293 1153 331
1317 1126 1355 1163 p.
1379 1114 1456 1154 571
1478 1113 1522 1149 C.
1546 1114 1626 1163 iugi
1645 1113 1704 1148 la-

1043 1168 1168 1206 titudo
1190 1167 1370 1206 definitur
1397 1168 1522 1210 stadd.
1544 1169 1705 1219 quadra·-

1042 1228 1160 1275 gfflta,
1192 1224 1293 1276 apud
1314 1225 1617 1276 Xenophontem
1636 1227 1706 1263 {ri-

1041 1284 1147 1331 ginta
1185 1285 1338 1332 septem,
1382 1282 1584 1333 longitudo
1614 1295 1706 1333 qua-

1041 1339 1305 1397 dringentorum
1341 1337 1551 1376 stadiorum
1564 1368 1574 1386 ,
1630 1338 1706 1391 quii

1040 1398 1212 1432 maxima
1241 1401 1295 1432 est
1327 1394 1583 1447 Chersonesus
1612 1403 1707 1433 teste

1043 1451 1182 1489 eodem
1205 1452 1365 1504 Scylace
1377 1452 1403 1489 l.
1414 1452 1440 1491 l.
1471 1452 1596 1498 Quem
1615 1465 1708 1489 mu-

1042 1522 1130 1546 rum
1159 1510 1343 1559 temporis
1364 1507 1527 1546 decursu
1545 1508 1609 1546 hic
1627 1510 1706 1546 illio

1044 1566 1256 1615 collapsum
1279 1566 1325 1601 ab
1347 1567 1556 1603 Iustiniano
1575 1567 1705 1617 impe-

1042 1628 1166 1658 ratore
1185 1628 1437 1658 restauratum
1456 1623 1571 1659 fuisse
1591 1621 1705 1659 tradit

1042 1679 1205 1728 Procop.
1254 1679 1312 1713 De
1340 1677 1454 1714 aedif.
1486 1679 1620 1716 lustin.
1640 1678 1704 1726 1V,

1045 1737 1097 1775 10
1124 1746 1213 1785 pag.
1244 1736 1313 1775 89.
1370 1735 1505 1787 Neque
1529 1732 1606 1772 huc
1626 1747 1705 1771 non

1042 1792 1238 1842 pertinent
1257 1791 1397 1828 similes
1417 1792 1530 1837 muri,
1550 1792 1706 1828 maioris

1043 1848 1217 1899 quamvis
1238 1847 1402 1883 ambitus
1417 1876 1426 1894 ,
1446 1848 1487 1884 in
1506 1848 1705 1884 Britannia

1043 1917 1065 1940 a
1085 1905 1267 1941 Romanis
1284 1933 1294 1952 ,
1324 1905 1364 1940 in
1396 1904 1490 1941 Sina
1519 1916 1541 1941 a
1561 1904 1707 1941 Sinen-

1043 1961 1145 1998 sibus
1165 1959 1214 1997 ad
1229 1960 1412 1997 Tartarus
1431 1962 1708 1998 arcendosex-

1041 2019 1184 2064 structi,
1207 2029 1374 2068 quoi-iun
1393 2016 1442 2054 ad
1458 2016 1496 2055 h.
1517 2018 1544 2055 l.
1563 2017 1707 2055 memi-

1041 2075 1098 2111 nit
1112 2073 1338 2111 Larcherus.

1211 2175 1305 2226 Cap.
1335 2176 1536 2214 XXXVII.

1099 2240 1171 2282 τόν
1193 2239 1368 2295 αὐχένα]
1407 2243 1519 2280 Conf.
1538 2249 1636 2280 nott.
1657 2241 1707 2280 ad

1043 2299 1106 2346 IV,
1147 2301 1215 2341 85.
1272 2301 1367 2337 Mox
1406 2314 1427 2336 e
1466 2299 1706 2344 Florentino,

1045 2357 1138 2404 aliis,
1160 2369 1249 2393 cum
1276 2363 1436 2394 recentt.
1471 2354 1560 2392 edd.
1580 2357 1707 2407 recepi

1043 2408 1179 2466 τρόπῳ
1200 2410 1365 2467 τοιούτῳ
1386 2413 1457 2450 tali
1473 2412 1584 2459 modo,
1606 2412 1710 2463 quali

1045 2470 1179 2506 dictum
1230 2474 1280 2507 est
1296 2500 1306 2518 ‚
1357 2476 1399 2506 ut
1436 2470 1706 2520 interpretatur

1045 2525 1285 2576 Schweigh.,
1331 2539 1420 2563 cum
1453 2525 1557 2578 quod
1586 2526 1703 2576 vulgo

1045 2584 1239 2620 exstabat:
1272 2579 1406 2636 τρόπῳ
1424 2584 1562 2636 τοιῷδε
1584 2589 1701 2619 esset:
1718 2621 1723 2631 Ι

1045 2640 1115 2677 tali
1130 2640 1248 2688 modo,
1268 2640 1370 2690 quali
1389 2641 1552 2677 continuo
1571 2638 1703 2675 dicam.

1045 2697 1095 2733 At
1116 2698 1146 2733 V
1150 2698 1244 2745 1,39
1264 2692 1393 2749 τρόπῳ
1406 2696 1548 2750 τοιῷδε
1564 2695 1612 2732 ad
1634 2707 1704 2731 an-

1046 2753 1258 2791 tecedentia
1299 2759 1442 2804 spectat
1458 2779 1473 2796 ,
1521 2758 1565 2788 ut
1603 2758 1704 2788 recte

1046 2812 1195 2847 monuit
1215 2808 1397 2847 Matthiae
1431 2809 1498 2845 Gr.
1529 2810 1596 2845 Gr.
1617 2820 1704 2859 pag.

1045 2869 1140 2907 871.
1199 2869 1277 2904 Nec
1294 2868 1401 2905 aliter
1422 2859 1499 2905 ὦδε
1518 2866 1564 2914 V,
1586 2868 1626 2906 2.
1645 2864 1704 2901 De
