1897 3340
410 280 494 320 36⁰
804 282 1261 318 HERODOTI

408 398 499 438 σαι,
530 385 957 445 ἀνδραποδισάμενοι
986 389 1089 440 τούς
1118 389 1357 444 κατέλαβον
1388 388 1556 440 αὐτῶν,
1586 388 1667 431 ἐνέ-

407 467 580 511 πρησαν
617 456 689 498 καὶ
726 458 779 498 τὰ
809 456 880 509 ἷροὲ
911 458 984 500 καὶ
1013 457 1092 512 τήν
1118 458 1267 500 πόλιν·
1307 461 1443 501 ταῦτα
1472 456 1518 501 δὲ
1545 455 1667 521 ποιή-

410 535 578 575 σαντες,
609 522 678 565 ἐπὶ
697 523 775 573 τοὶς
805 523 936 575 ἄλλας
963 523 1124 580 νήσους
1155 523 1384 580 ἀνάγοντο.
1679 533 1725 564 90

282 577 350 622 97
487 588 558 632 ’Ev
588 592 621 646 ᾧ
654 590 698 633 δὲ
729 587 852 634 οὗτοι
879 596 1015 635 ταῦτα
1047 592 1238 645 ἐποίευν,
1277 593 1319 634 οἷ
1347 590 1524 647 Δηλιοι,
1563 591 1667 635 έκλι·

79 640 274 734 gefigdiii—'io
281 649 350 701 θξιιῑ
379 657 568 708 Ξπόντες
596 657 669 700 καὶ
699 657 824 701 αὐτοὶ
844 658 924 714 τὴν
953 663 1124 716 Δῆλον,
1156 661 1327 714 οἴχοντο
1360 659 1594 715 φεύγοντες
1628 659 1670 710 ές

77 709 351 769 iss‘esss-„i'rfffiffifss‘im-
414 729 571 782 Τῆνον.
619 727 695 780 τῆς
732 724 777 768 δὲ
823 730 1024 782 στρατιῆς
1070 727 1417 783 καταπλεούσης,
1467 725 1491 768 ὁ
1534 730 1670 776 Δᾶτις

411 790 682 845 προπλώσας,
706 789 788 834 οὐκ
810 791 858 834 ἔα
878 793 954 844 τοὶς
977 794 1076 844 νέας
1098 793 1208 846 πρός
1226 797 1302 851 τὴν
1327 799 1463 851 νῆσον
1479 806 1670 847 προσορ-

408 861 627 914 μίζεσθαι,
662 855 771 901 ἀλλὰ
800 859 936 916 πέρην
967 861 1013 904 ἐν
1041 865 1095 917 τῇ
1121 860 1294 918 Ῥηνέῃ·
1339 861 1470 913 αὐτὸς
1501 862 1560 914 δὲ,
1591 878 1666 905 πυ-
1681 869 1725 902 95

408 925 597 980 θόμενος
627 927 700 969 ἵνα
727 922 840 981 ἦσαν
871 930 914 970 οἱ
933 926 1116 983 Δήλιοι,
1146 927 1325 983 πέμπων
1343 928 1532 984 κήρυκα,
1567 928 1670 984 ‘1270'-
1702 935 1705 937 ’

78 775 159 803 mina
172 775 299 802 Deliaca

79 809 187 844 pietas.

383 1001 405 1032 43
418 992 515 1047 ρευέ
546 1005 626 1049 σφι
655 993 778 1036 τάδε·

411 1066 539 1112 ,,σθε,

828 994 1025 1048 ,ζἈνδρες
1055 996 1168 1049 ἱροὶ,
1208 997 1249 1038 τί
1289 995 1524 1051 φεύγοντες
1555 998 1668 1050 οἴχε-

591 1060 674 1103 οὐκ
711 1060 912 1118 ἐπιτηδεά
951 1062 1237 1117 καταγνόντες
1277 1062 1374 1106 κατ’
1412 1063 1514 1119 ἐμεῦ
1527 1081 1538 1113 3
1586 1063 1668 1118 ἐγώ

412 1127 520 1183 ,,γοέρ
561 1128 635 1171 καὶ
672 1127 805 1180 αὐτὸς
840 1130 908 1173 ἐπὶ
943 1128 1129 1174 τοσοῦτό
1167 1146 1216 1186 γε
1247 1130 1445 1186 φρονέω,
1485 1131 1560 1173 καί
1596 1147 1672 1186 μοι

356 1355 574 1405 iespicitur,
595 1358 854 1397 manifestum.
882 1361 1010 1413 Atque

339 1412 394 1446 'in
417 1410 513 1448 hanc
533 1416 759 1451 sententiam
787 1423 888 1453 recte
917 1415 956 1458 h,
986 1417 1012 1454 l.

356 1477 618 1518 expresserunt
630 1470 839 1510 Larcherus
862 1481 897 1510 et
905 1475 1012 1513 Miot.

356 1524 571 1562 Herodotea
598 1529 720 1578 tangit
754 1529 948 1567 Plutarch.
979 1532 1014 1567 Π

356 1593 442 1631 pag.
433 1584 543 1622 .869
564 1584 610 1622 Β.

413 1636 634 1688 ἐνέπρησαν
664 1639 731 1678 καὶ
757 1637 803 1678 τοὶ
841 1638 908 1691 ipa*
946 1641 1014 1682 καὶ

356 1707 449 1788 τηιᾷ
453 1690 599 1743 πόλιν]
641 1696 751 1733 Conf.
782 1704 877 1734 nott.
901 1697 948 1735 ad
969 1699 1013 1745 V,

361 1751 410 1789 10

553 1840 642 1891 Cap.
664 1842 816 1879 XCVH.

415 1917 455 1964 ές
499 1920 660 1969 Τῆνον]
703 1920 815 1959 Conf.
837 1920 912 1970 TV,
947 1926 1014 1963 33.

359 1974 451 2010 Mox
471 1987 540 2024 pro
572 1974 834 2026 προπλώσας,
869 1980 910 2014 iu
926 1980 1016 2016 Flo-

359 2031 507 2066 rentino
512 2032 604 2077 ‚aliis
615 2032 890 2082 προσπλώσας.
902 2036 1016 2073 Male.

358 2087 457 2122 Nam
476 2086 663 2125 indicatur
689 2091 814 2138 Datis,
852 2094 914 2141 qui
932 2094 1019 2129 navi

360 2156 389 2178 5.
422 2142 532 2180 classe
559 2147 756 2194 praezQerat
799 2147 902 2184 unde
923 2150 1017 2198 νῆες

360 2194 530 2247 πρόπλοι
550 2213 663 2238 naves
676 2205 900 2251 praemissae,
909 2217 1017 2254 prae-

361 2258 553 2303 cursoriae,
588 2264 629 2293 ut
650 2256 698 2293 ad
718 2260 870 2296 Isocrat.
890 2261 1018 2296 Pane-

361 2321 443 2360 gyr.
473 2323 556 2360 cap.
578 2315 630 2353 26
654 2314 690 2357 §.
713 2315 766 2355 92
795 2316 896 2352 Batt.
931 2329 1018 2353 mo-

362 2368 444 2402 nuit
463 2368 604 2404 Morus.

419 2421 462 2461 έν
485 2425 533 2476 τῇ
545 2421 707 2478 Ρηνέῃ]
738 2426 764 2462 ἰ.
777 2439 810 2464 e.
827 2439 945 2478 prope,
970 2428 1019 2464 ad

365 2477 555 2516 Rheneam.
612 2481 688 2517 Pro
724 2479 880 2537 Ῥηναιῃ
909 2497 1020 2520 revo-

365 2536 446 2571 cavi
477 2548 497 2570 e
528 2536 717 2573 Sancrosti
747 2539 842 2575 libro
865 2540 1020 2591 aliisque

361 2589 508 2645 Ρηνέῃ,
531 2605 763 2644 quamquam
779 2596 881 2632 vario
903 2596 1019 2633 modo

364 2648 506 2683 insulae
526 2661 667 2684 nomeu
688 2651 797 2686 scribi
818 2649 919 2687 haud
935 2665 1020 2689 sum

365 2705 532 2752 nescius,
571 2703 687 2742 modo
727 2704 899 2758 Ῥηναῖα,
936 2707 1021 2759 Ρη-

367 2760 461 2798 ναία
489 2774 518 2797 s.
555 2758 716 2811 Ῥηναια
736 2760 953 2813 ,Ῥήνεια
984 2772 1021 2802 et

362 2813 491 2866 Ρηνη.
548 2818 605 2852 De
637 2830 714 2869 quo
736 2827 883 2869 piaeter
903 2821 1021 2858 Wes-

366 2872 500 2922 seling.
522 2870 569 2910 ad
591 2871 629 2914 h.
652 2874 677 2911 Ι.
699 2876 807 2926 plura
827 2877 963 2914 wasse
984 2884 1020 2914 et

1068 1359 1215 1398 Duker.
1236 1359 1285 1398 ad
1305 1358 1486 1412 Thucyd.
1516 1362 1546 1408 1,
1569 1363 1632 1401 13.
1660 1361 1726 1408 111,

1073 1416 1165 1464 104,
1178 1419 1242 1469 qui
1262 1424 1349 1454 sunt
1368 1418 1537 1468 plimarii
1557 1417 1635 1454 sere
1655 1390 1729 1454 loci

1072 1472 1119 1509 de
1148 1473 1219 1510 hac
1253 1474 1394 1521 insula,
1432 1487 1529 1527 quae
1569 1480 1728 1524 angusto

1072 1538 1236 1582 quatuor
1255 1530 1464 1567 stadiorum
1483 1531 1605 1568 canali
1620 1531 1729 1566 aDe-

1071 1587 1109 1623 lo
1139 1589 1331 1633 seiuncta,
1370 1594 1486 1637 ponte
1518 1585 1675 1638 posthac
1696 1588 1729 1622 ei

1069 1642 1142 1679 fuit
1170 1645 1299 1680 iuncta
1324 1650 1417 1679 teste
1445 1642 1650 1680 Plutarcho
1689 1644 1729 1678 iu

1070 1700 1152 1736 Nic.
1184 1701 1222 1738 3.
1281 1700 1391 1736 Nunc
1421 1700 1565 1736 insulae
1586 1711 1728 1735 nomen

1072 1754 1339 1806 BIegalodelos,
1396 1768 1495 1807 quae
1533 1756 1730 1793 Strabonis

1072 1818 1194 1848 aetate
1213 1813 1291 1848 iam
1301 1819 1468 1849 vacua'et
1484 1811 1642 1858 deserta,
1657 1810 1730 1848 ho-

1073 1866 1211 1919 dieque
1231 1881 1310 1905 non
1321 1869 1392 1905 nisi
1421 1869 1630 1919 pastoribus
1651 1868 1730 1904 fre-

1073 1931 1289 1976 quentatur.
1349 1924 1407 1963 Cf.
1427 1926 1619 1962 Mannert.
1645 1924 1732 1960 VIII

1072 1994 1110 2031 p.
1142 1982 1238 2021 750.
1269 1982 1404 2032 Poppo
1439 1980 1488 2018 ad
1507 1979 1731 2032 Thucydid.

1072 2037 1099 2075 l.
1121 2037 1147 2074 l.
1167 2049 1255 2087 pag.
1277 2037 1357 2078 503
1379 2036 1438 2075 ed.
1451 2038 1606 2076 Gervin.
1628 2037 1732 2074 Son-

1073 2094 1155 2129 nini
1183 2093 1339 2144 Voyage
1370 2107 1417 2129 en
1452 2094 1575 2131 Grcce
1607 2093 1731 2143 (Pax-Is

1078 2148 1202 2199 1802)
1224 2150 1273 2186 Τ.
1294 2150 1330 2186 11
1348 2162 1435 2201 pag.
1457 2152 1538 2191 313
1558 2163 1637 2203 seq.

1131 2258 1195 2299 ἐπὶ
1213 2256 1376 2299 τοσοῦτό
1395 2275 1436 2312 γε
1455 2259 1631 2311 φρονέω]
1658 2262 1728 2298 i.e.

1074 2328 1137 2364 ego
1155 2318 1244 2352 enim
1262 2320 1293 2353 et
1318 2319 1389 2366 ipse
1418 2319 1457 2353 in
1486 2321 1624 2354 tantum
1644 2322 1732 2355 certe

1075 2373 1185 2421 sapio,
1227 2374 1416 2409 Revocavi
1435 2386 1524 2410 cum
1546 2373 1728 2424 Schwgh.

1077 2434 1114 2463 et
1153 2429 1269 2465 Gaisf.
1313 2429 1474 2465 Aldinae
1512 2431 1729 2478 lectionem,

1076 2484 1244 2534 pluribus
1275 2484 1386 2522 codd.
1425 2486 1628 2524 firmatam.
1684 2488 1729 2523 In

1076 2540 1270 2589 Mediceo,
1312 2543 1391 2579 aliis
1418 2550 1560 2579 exstat:
1591 2542 1646 2582 ἔτι
1663 2558 1730 2583 το-

1078 2599 1202 2635 σαῦτα
1233 2597 1410 2649 φρονέω,
1452 2599 1491 2635 in
1512 2600 1730 2636 Florentino

1079 2651 1131 2691 ἔτι
1151 2667 1191 2704 γε
1215 2657 1387 2694 τοσαῦτα
1406 2653 1575 2706 φρονέω.
1620 2654 1732 2700 Quod

1077 2708 1270 2751 Schaeser.
1283 2718 1319 2747 et
1334 2710 1467 2748 Matth.
1479 2710 1732 2749 exhibuerunt

1078 2765 1133 2804 ἔτι
1159 2768 1323 2805 τοιαῦτα
1352 2766 1523 2818 φρονέω,
1549 2769 1731 2805 librorum

1077 2824 1297 2860 auctoritate
1324 2830 1437 2860 caret.
1495 2825 1588 2861 Mox
1617 2825 1732 2875 βασι-

1078 2877 1175 2917 λέων
1197 2880 1365 2930 rescripsi
1386 2892 1453 2930 pro
1476 2877 1688 2931 βασιλήων.

1855 1563 1866 1658 ᾼ.-9τ.ᾼ
