1897 3340
397 235 481 275 248
799 232 1261 270 HERODOTI

274 345 337 391 19
393 347 478 393 θος
508 342 570 396 τῷ
594 341 836 397 χρηστηρίῳ
860 343 922 400 τῷ
943 341 983 392 ἐς
1005 342 1204 397 Μίλητον
1223 340 1460 397 γενομένῳ.
1520 343 1661 396 Χρεω-

65 408 289 479 ὶὸιγιῶιίιέιρξὲίεφ
398 408 567 465 μένοισι
603 407 686 463 γὰρ
720 404 948 464 Ἀργείοισι
987 409 1034 451 ἐν
1062 413 1276 464 Δελφοῖσι
1313 409 1412 462 περὶ
1450 409 1664 464 σωτηρίης

65 478 195 512 ‘'iffi““v
395 480 471 532 τῆς
508 475 677 537 πόλιος,
699 478 777 531 τῆς
818 477 1046 532 σφετέρης,
1086 476 1277 533 ἐχρήσθη
1315 477 1538 520 ἐπίκοινον
1564 491 1664 531 χρη-

401 543 604 600 στήριον·
641 542 693 586 τὸ
730 542 810 597 μὲν
847 543 891 593 ἐς
930 538 1095 594 αὐτούς
1133 543 1237 593 τούς
1269 542 1486 598 Ἀργείους
1514 543 1664 599 φέρον,

399 611 483 669 τήν
517 611 564 656 δὲ
598 609 882 667 παρενθήκην
921 610 1072 667 ἔχρησε
1107 610 1152 662 ἐς
1191 612 1449 667 Μιλησίους.
1493 609 1543 654 τὸ
1585 609 1665 667 μέν

371 687 490 724 2νυν
519 678 563 730 ἐς
588 677 693 729 τούς
719 677 941 734 Ἀργείους
970 678 1090 734 ἕχον,
1130 677 1258 722 ἐπεὰν
1295 678 1406 722 κατὰ
1434 682 1566 723 τοῦτο
1594 677 1720 734 γέ-4ο

399 763 543 803 νωμαι
570 749 650 790 τοῦ
678 744 841 801 λόγου,
886 744 982 790 τότε
1019 744 1354 803 μνησθήσομαι·
1391 747 1446 790 τὰ
1476 746 1522 790 δὲ
1550 750 1664 790 τοῖσι

401 813 658 870 Μιλησίοισι
689 809 745 857 οὗ
775 816 987 868 παρεοῦσι
1016 813 1184 870 ἔχρησε,
1216 812 1299 868 ἔχει
1329 807 1433 856 ὦδε·

365 896 388 929 3
524 890 600 927 Καὶ
623 888 708 926 τότε
733 890 802 937 δὴ,
826 892 989 937 Μίλητε,
1013 892 1137 927 κακῶν
1161 889 1357 936 ἐπιμήχανε
1375 889 1501 935 ἔργων,

531 948 700 983 πολλοῖσι
723 946 877 983 δεῖπνόν
900 960 939 983 τε
964 948 1026 983 καὶ
1050 946 1170 993 α’γλαά
1193 949 1298 992 δῶρα
1320 947 1481 992 γενήσει·

530 1006 593 1041 σαὶ
617 1003 673 1047 δ’,
690 1002 817 1050 ἄλοχοι
840 1007 1008 1040 πολλοῖσι
1032 1003 1156 1045 πόδας
1180 1006 1334 1049 νίψουσι
1355 1003 1554 1049 κομήταις’
1680 1005 1724 1040 45

527 1062 621 1108 νηοῦ
647 1060 688 1097 δ’
713 1059 894 1108 ἡμετέρου
917 1061 1099 1107 Διδύμοις
1123 1059 1265 1097 ἄλλοισι
1286 1060 1443 1106 μελήσει.

372 1130 517 1175 4Τότε
556 1129 611 1188 δή
640 1134 781 1175 ταῦτα
814 1131 920 1182 τούς
957 1132 1204 1187 Μιλησίους
1235 1129 1553 1187 κατελάμβανε,
1595 1129 1666 1174 ὅτε

400 1215 449 1255 γε
480 1198 637 1254 ἄνδρες
665 1198 744 1253 μὲν
773 1200 818 1242 οἱ
844 1202 1025 1250 πλεῦνες
1054 1198 1297 1242 ἐκτείνοντο
1327 1195 1415 1241 ὑπὸ
1443 1201 1534 1241 τῶν
1554 1201 1665 1254 Περ·

402 1265 515 1310 σέων
542 1265 705 1310 ἐόντων
740 1265 986 1323 κομητέων,
1024 1270 1229 1322 γυναῖκες
1264 1264 1312 1309 δὲ
1353 1265 1427 1310 καὶ
1459 1265 1589 1310 τέκνα
1619 1267 1722 1310 ἐν50

566 1483 659 1535 Cap.
677 1483 786 1520 XIX.

403 1536 478 1590 τὴν
508 1536 551 1578 δὲ
583 1534 876 1593 παρενθήκην]
915 1539 941 1578 i.
974 1553 1008 1577 e.

346 1595 645 1644 additamentum,
687 1595 910 1633 corollarium
926 1625 936 1644 ,
966 1603 1010 1633 ut

347 1652 463 1701 vulgo
501 1650 645 1689 dicunt.
722 1653 780 1688 De
806 1650 878 1688 hac
915 1664 1010 1690 voce

347 1707 513 1746 Wessel.
533 1709 672 1745 excitat
690 1708 721 1755 I,
745 1709 835 1748 186.
867 1709 948 1755 VH,
970 1708 1008 1748 5,

350 1766 444 1805 171.
502 1765 588 1801 Alia
608 1778 657 1802 ex
675 1762 893 1812 Plutarcho,
912 1765 986 1801 Dio
1002 1789 1008 1793 -

349 1818 468 1867 doro,
509 1821 614 1868 aliis,
658 1834 730 1857 nec
764 1827 892 1857 nostro
922 1821 1007 1858 loco

351 1877 490 1913 omisso
534 1875 638 1914 dabit
668 1889 689 1913 a
726 1875 794 1914 Cr.
834 1876 1008 1915 laudatus

349 1932 627 1984 Wyttenbach.
645 1932 694 1970 ad
706 1931 900 1970 Plutarch.
909 1935 1007 1971 Mor.

349 1989 380 2036 1,
402 1992 429 2029 2
448 2003 485 2039 p.
508 1988 605 2030 946.
645 1991 690 2026 In
710 1990 885 2040 proxime
900 2003 1008 2043 seqq.

350 2057 440 2082 cum
461 2043 680 2096 Schweigh.
701 2053 737 2083 et
758 2046 874 2085 Gaisf.
895 2059 1009 2098 prae—

348 2101 419 2137 tuli
444 2099 484 2147 ἐς
514 2099 607 2149 τούς
635 2098 856 2154 Ἀργείους,
902 2104 1008 2141 cuius

348 2157 434 2193 loco
474 2156 688 2206 Medicam,
756 2159 1008 2206 Fbrentinus,

349 2213 413 2249 alii
428 2211 467 2259 ἐς
489 2209 637 2261 αὐτούς
654 2210 873 2267 Ἀργείους,
906 2214 1010 2267 quod

347 2269 474 2319 ipsum
512 2269 697 2307 dederunt
737 2269 932 2312 Schaefer,
973 2278 1010 2308 et

351 2323 548 2363 Matthiae.

354 2411 490 2512 77τότε
513 2410 822 2466 μνησθήσομαι]
847 2413 1008 2462 Vid.vl,

407 2543 537 2594 πόδας
578 2547 745 2596 νίψουσι
788 2543 1009 2599 κομήταις]

353 2604 550 2656 Significat
588 2604 808 2652 oraculum,
848 2606 1011 2642 Milesios

350 2662 468 2698 victos
488 2661 527 2697 in
555 2661 774 2697 servitutem
794 2658 1011 2698 'abductum

352 2718 421 2765 iri,
471 2717 522 2754 ita
552 2723 593 2753 ut
622 2717 798 2753 mulieres
817 2730 1011 2754 servarum

352 2774 652 2825 ancillarumque
680 2773 812 2809 munia
841 2775 1010 2825 vulgaria

353 2836 543 2882 praestent
562 2830 765 2869 victoribus
777 2830 912 2877 Persis,
923 2832 1011 2884 qui-

1066 1485 1136 1521 bus
1154 1484 1350 1521 lavacrum
1370 1489 1457 1521 ante
1475 1496 1636 1521 coenam
1655 1497 1724 1535 pro

1065 1553 1173 1577 more
1185 1540 1420 1577 sumentibus
1430 1539 1546 1591 pedes
1557 1541 1724 1578 abluant.

1065 1595 1109 1633 ld
1126 1595 1229 1648 quod
1250 1597 1311 1633 vel
1321 1609 1369 1633 ex
1389 1598 1571 1644 Homero,
1590 1596 1724 1648 Odyss.

1064 1653 1128 1695 IV,
1156 1651 1209 1693 48
1238 1665 1344 1704 seqq.
1379 1659 1528 1690 notum.
1556 1674 1612 1680 —
1649 1654 1725 1690 Pro

1065 1705 1258 1760 κομήταις
1269 1707 1370 1759 apud
1383 1710 1515 1748 Tzetz.
1529 1707 1626 1748 Chii.
1638 1710 1725 1746 VIII

1064 1778 1102 1816 p.
1126 1767 1219 1812 390,
1240 1765 1341 1801 male
1354 1761 1584 1816 κοσμήταις.
1623 1767 1724 1802 Nam

1064 1823 1236 1872 κομῆται
1245 1828 1430 1858 vocantur
1445 1823 1583 1858 Persae
1601 1835 1631 1859 s.
1651 1824 1726 1860 cri-

1063 1879 1157 1925 m'ti,
1188 1883 1231 1913 ut
1251 1878 1318 1929 qui
1350 1878 1599 1915 barbarorum
1616 1891 1726 1916 more

1065 1934 1187 1970 crines
1205 1934 1312 1971 alunt
1331 1934 1566 1987 barbamque
1582 1933 1726 1973 habent

1063 1990 1253 2041 prolixam
1272 2003 1283 2039 3
1359 1992 1491 2043 quales
1530 1990 1722 2044 hodieque

1065 2053 1287 2096 comparent
1305 2047 1347 2084 in
1355 2050 1615 2085 monumentis
1626 2049 1723 2085 Per-

1064 2103 1294 2153 sepolitanis.
1368 2105 1524 2141 Praeter
1550 2106 1719 2142 Brisson.

1065 2160 1123 2197 De
1151 2171 1231 2209 reg.
1263 2160 1367 2196 Pers.
1389 2162 1548 2211 princip.
1569 2163 1618 2210 H,
1643 2163 1718 2202 101

1065 2216 1297 2264 Wesseling.
1319 2218 1458 2254 excitat
1483 2216 1617 2253 eadem
1637 2224 1725 2254 tan-

1066 2278 1223 2321 gentem
1251 2271 1429 2310 Bochart.
1459 2275 1672 2310 Hierozoic.
1694 2275 1725 2320 1,

1064 2328 1149 2364 Lib.
1165 2328 1231 2373 ΙΙΙ,
1252 2329 1277 2366 9
1298 2341 1385 2379 pag.
1409 2332 1504 2369 816.
1526 2351 1577 2356 -
1601 2324 1726 2368 Διδύ-

1066 2398 1156 2434 μοις
1174 2384 1286 2434 plane
1308 2385 1411 2421 idem
1439 2392 1552 2436 atque
1574 2384 1624 2425 ἐν
1651 2388 1726 2423 Δι-
1801 2384 1809 2390 ’
1876 2411 1877 2422 ,

1067 2435 1229 2489 δόμοις,
1269 2447 1309 2476 ut
1347 2455 1440 2478 mox
1475 2443 1553 2492 ipse
1591 2444 1726 2479 Noster

1068 2492 1156 2547 ἱρόν
1183 2493 1283 2534 δὲτὸ
1303 2496 1345 2536 ἐν
1369 2494 1576 2548 Διδύμοις.
1636 2497 1722 2535 vid.

1066 2558 1162 2589 nott.
1183 2551 1231 2589 ad
1252 2553 1297 2602 V,
1320 2554 1385 2595 59.
1408 2557 1475 2596 82.

1125 2660 1412 2715 κατελάμβανε]
1436 2666 1494 2701 De
1514 2663 1587 2702 hoc
1607 2665 1723 2701 verbo

1068 2720 1167 2758 conf.
1188 2721 1252 2768 lv,
1277 2723 1340 2760 11.
1361 2721 1426 2768 111,
1456 2720 1511 2762 42
1539 2728 1575 2758 et
1595 2720 1643 2758 de
1664 2720 1723 2758 di-

1068 2776 1191 2812 ctione
1201 2775 1243 2816 ἐν
1260 2772 1525 2829 α’νὸραπόδων
1544 2773 1648 2833 λόγῳ
1658 2779 1724 2825 111,

1072 2834 1163 2874 125.
1194 2834 1257 2881 Vl,
1278 2835 1344 2874 23.
