1897 3340
542 222 1017 261 POLYMNIA.
1076 222 1178 259 v11.

1402 229 1485 269 795

199 333 436 388 3μονίοισι.
494 331 673 386 πάρεστι
713 332 759 376 δὲ
793 329 994 382 εἰκάζειν,
1037 329 1119 371 εἴτε
1160 328 1308 385 εὐνοίῃ
1349 338 1483 378 ταῦτα

229 400 413 453 ἐποίησε,
445 400 525 443 εἴτε
553 402 626 442 καὶ
659 399 941 453 καταχαίρων.
991 396 1114 439 Ἐπεί
1157 411 1200 438 τε
1237 396 1319 450 γὰρ
1350 400 1542 457 Ξέρξῃ3ο

229 467 346 519 ἔδοξε
369 467 694 524 στρατηλατέειν
723 466 791 509 ἐπὶ
819 464 899 519 τὴν
924 462 1133 516 Ἑλλάδα,
1164 461 1248 505 ἐών
1279 463 1327 505 ἐν
1361 467 1484 508 Σού-

231 546 345 578 σοισι
376 533 399 579 ὁ
431 536 705 591 Δημάρητος,
734 533 808 576 καὶ
843 531 1096 587 πυθόμενος
1125 535 1273 582 ταῦτα,
1304 530 1489 586 ἠθέλησε

200 604 614 657 4Λακεδαιμονίοισι
647 601 892 656 ἐξαγγεῖλαι.
926 599 1066 651 ἄλλως
1102 601 1180 654 μὲν
1212 598 1264 655 δὴ
1296 598 1377 642 οὐκ
1408 597 1489 654 εἶχε

229 672 438 725 σημῇναι·
487 669 766 712 ἐπικίνδυνον
803 667 887 725 γάρ
927 663 982 724 ἦν
1011 668 1069 724 μή
1101 669 1342 724 λαμφθείη·
1381 666 1403 711 ὁ
1446 669 1545 711 ὁὲ35

200 744 222 778 5
233 740 474 793 μηχανᾶται
501 735 659 779 τοιάδε.
691 737 862 779 δελτίον
891 737 1102 792 δίπτυχον
1120 737 1280 792 λαβών,
1312 734 1389 778 τὸν
1418 753 1490 790 κη-

230 804 311 859 ρὸν
356 803 494 847 αὐτοῦ
532 802 746 860 ἐξέκνησε,
798 805 872 848 καὶ
914 805 1057 847 ἔπειτα
1100 803 1147 845 ἐν
1177 806 1238 862 τῷ
1268 802 1380 860 ξύλῳ
1411 808 1491 847 τοῦ

229 873 400 916 δελτίου
444 871 602 926 ἔγραψε
643 871 723 928 τὴν
766 871 967 929 βασιλέος
997 869 1196 926 γνώμην
1239 873 1424 926 ποιήσας
1446 872 1491 915 δὲ

229 943 390 991 ταῦτα,
437 936 578 982 ὀπίσω
608 939 775 995 ἐπέτηξε
804 938 882 983 τὸν
911 938 1050 995 κηρὸν
1079 938 1146 981 ἐπὶ
1176 937 1230 981 τά
1259 940 1492 994 γράμματα

226 1009 300 1050 ἵνα
330 1006 575 1062 φερόμενον
604 1007 749 1051 κεινὸν
777 1006 825 1050 τὸ
857 1009 1026 1050 δελτίον
1055 1006 1188 1061 μηδὲν
1207 1011 1384 1062 πρῆγμα
1413 1025 1491 1050 πα-

202 1074 349 1130 ῦρέχοι
380 1076 422 1118 οἱ
450 1074 560 1129 πρὸς
587 1079 674 1118 τῶν
703 1073 1009 1132 ὁδοφυλάκων.
1063 1075 1149 1117 ἐπεὶ
1173 1074 1218 1117 δὲ
1248 1075 1321 1118 καὶ
1351 1074 1548 1118 &nius-40

231 1158 281 1185 το
312 1142 354 1194 ἐς
378 1141 458 1198 τήν
488 1145 808 1200 Λακεδαίμονα,
857 1142 940 1188 οὐκ
969 1140 1084 1199 εἶχον
1123 1143 1422 1198 συμβαλέσθαι
1453 1146 1497 1186 οἱ
1554 1148 1635 1189 618

231 1210 584 1266 Λακεδαιμόνιοι,
622 1213 727 1266 πρίν
766 1227 812 1267 γε
843 1210 897 1267 δή
933 1222 1030 1267 σφι,
1057 1208 1116 1261 ὡς
1145 1210 1226 1265 ἐγώ
1267 1211 1493 1254 πυνθάνο-

231 1295 322 1334 μαι,
361 1279 628 1334 Κλεομένεος
664 1281 742 1335 μὲν
771 1278 991 1336 θυγάτηρ,
1023 1280 1251 1322 Λεωνίδεω
1287 1280 1333 1322 δὲ
1363 1278 1490 1334 γυνη,

232 1346 402 1401 Γοργώ,
424 1345 627 1399 ὑπέθετο,
647 1347 969 1405 ἐπιφρασθεῖσα
988 1346 1112 1404 αὐτή,
1126 1346 1201 1391 τὸν
1224 1345 1361 1403 κηρὸν
1382 1350 1493 1390 κνᾶν
1504 1350 1547 1387 45

234 1531 385 1571 δελτίον
438 1532 627 1584 δίπτυχον
666 1530 829 1585 λαβών]

176 1587 300 1626 Affert
328 1589 469 1625 Pollux
497 1591 560 1637 IV,
593 1592 643 1631 18
672 1591 759 1628 coll.
780 1591 831 1637 X,

177 1645 244 1692 58,
274 1652 311 1682 et
346 1647 513 1683 Zonaras
541 1648 558 1682 I
577 1660 616 1697 p.
639 1650 732 1695 770,
767 1647 833 1683 ubi

176 1700 370 1748 ἐξὲκνισεν
400 1715 468 1752 pro
498 1701 692 1754 ἐξέκνησε,
714 1711 755 1740 ut
775 1711 834 1740 et-

176 1759 254 1794 iam
286 1757 421 1796 suidas
450 1773 479 1799 s.
503 1773 540 1798 v.
561 1761 578 1795 Ι
601 1774 640 1810 p.
661 1759 742 1800 764
767 1759 835 1797 ha-

178 1815 253 1862 bet,
284 1815 386 1866 quod
410 1817 676 1866 interpretatur
704 1816 835 1864 ἐξέκο-

178 1880 258 1919 ψεν
287 1870 456 1919 (abscidit
481 1885 614 1919 ceram,
641 1886 730 1910 cum
760 1886 833 1924 po-

179 1929 251 1964 tius
272 1928 318 1964 sit
338 1928 473 1964 abrasit
490 1929 632 1979 ceram),
653 1929 833 1980 idemque

181 1983 317 2021 Suidas
328 1997 393 2020 s.v.
408 1982 565 2033 ἐπέτηξε
576 1986 833 2035 Ip.795affert

180 2040 410 2087 Herodotea,
442 2039 480 2077 id
501 2043 624 2091 ipsum
638 2055 833 2092 exponens

180 2095 357 2146 ε’λέανεν,
389 2099 495 2135 λεῖον
533 2097 712 2148 ἐποίησε,
745 2112 834 2135 cum

181 2152 339 2203 ἐπέτηξε
358 2154 482 2203 potius
511 2161 642 2190 sonet:
680 2154 837 2205 liquefa-

184 2213 274 2246 ctam
295 2210 474 2257 (ceram)
495 2210 710 2260 superfudit,
732 2211 836 2262 quod

184 2265 286 2302 idem
306 2266 498 2315 Polyaeno
518 2268 565 2314 11,
582 2270 635 2306 20
660 2274 714 2304 est
743 2263 838 2319 ἔκη’-

184 2334 307 2373 ρωσες
336 2320 403 2357 sed
423 2322 569 2359 Aeneas
590 2324 736 2361 Tactic.
758 2337 844 2374 cap.

185 2380 234 2419 31
261 2376 343 2428 (ubi
364 2376 443 2414 vid.
483 2378 642 2415 casaub.
664 2387 700 2416 et
725 2382 840 2422 Orell.

184 2448 222 2485 p.
241 2436 322 2474 238
343 2434 441 2485 seq.)
474 2440 510 2470 et
530 2435 600 2472 lul.
636 2435 754 2471 Afric.
787 2437 839 2477 53

184 2489 447 2527 Herodoteum
466 2491 626 2527 verbum
647 2490 780 2527 eadem
800 2493 839 2527 in

186 2561 225 2584 re
262 2548 512 2584 retinuerunt.
581 2547 692 2584 Conf.
726 2548 841 2583 etiam

183 2604 314 2642 lustin.
354 2605 463 2651 XXI,
503 2605 541 2643 6.
606 2602 700 2640 Inde
752 2616 841 2640 cum

185 2659 461 2698 Valckenaerio
502 2661 554 2696 sic
605 2660 841 2710 interpretari

184 2717 317 2754 malim
327 2715 511 2753 Herodoti
522 2717 651 2752 locum
665 2728 674 2752 ι
694 2718 842 2767 sumptis

187 2773 326 2810 tabellis
350 2773 556 2824 biplicibus‚
587 2785 707 2810 earum
731 2785 843 2810 ceram

190 2831 325 2878 erasit,
386 2842 528 2879 cumque
552 2831 590 2866 in
620 2829 718 2877 ligno
749 2831 843 2879 regis

889 1532 1072 1570 consilium
1102 1533 1314 1582 scripsisset,
1359 1545 1473 1569 ceram
1505 1532 1550 1568 li-

890 1589 1090 1640 quefactam
1136 1589 1247 1626 literis
1286 1589 1548 1639 superinduxit.

889 1646 1055 1685 Δελτίον
1090 1645 1280 1696 δίπτυχον
1297 1652 1408 1682 vocat
1437 1645 1550 1681 tabel-

891 1703 962 1740 lam
1007 1702 1224 1752 duplicatam
1267 1716 1296 1740 s.
1334 1702 1545 1751 pugillares.

891 1760 956 1796 Sic
972 1759 1136 1798 Λελτίον
1156 1757 1258 1809 apud
1287 1758 1428 1795 Herod.
1450 1759 1548 1804 vul,

893 1816 986 1856 135.
1027 1817 1142 1851 Plura
1162 1816 1200 1851 in
1223 1813 1408 1865 Stephan.
1428 1813 1548 1854 Thes.

888 1873 934 1909 L.
957 1873 1023 1908 Gr.
1057 1874 1112 1907 ΙΙΙ
1137 1885 1174 1922 p.
1202 1873 1308 1912 3194
1332 1871 1391 1908 ed.
1414 1870 1549 1921 Valpy.

888 1930 996 1964 Bene
1027 1936 1156 1965 autem
1198 1927 1382 1964 Herodoti
1420 1928 1550 1964 locum

889 1984 1071 2021 adhibent
1092 1984 1139 2021 ad
1160 1986 1367 2021 Homer.ll.
1380 1985 1442 2030 VI,
1459 1986 1550 2029 169,

889 2043 955 2077 ubi
975 2042 1094 2088 πίναξ
1113 2037 1281 2087 πτυκτός
1303 2040 1451 2077 Videtur
1472 2053 1550 2076 esse

889 2098 1039 2145 tabula,
1077 2097 1223 2134 duobus
1253 2099 1435 2134 asseribus
1457 2110 1552 2133 con—

891 2161 1003 2202 stans,
1023 2156 1087 2206 (μή
1108 2155 1325 2203 complicari
1347 2161 1382 2190 et
1411 2154 1552 2203 signari

892 2218 1089 2261 poterant3
1112 2211 1223 2262 quale
1244 2212 1376 2262 utique
1396 2209 1469 2246 hoc
1493 2211 1553 2260 ip-

898 2280 983 2303 sum
1004 2268 1115 2303 suerit
1136 2266 1287 2306 δελτίον
1309 2267 1495 2317 δίπτυχον
1517 2273 1554 2303 et

898 2336 997 2374 quae
1027 2324 1142 2373 vulgo
1184 2330 1368 2360 vocantur
1408 2322 1553 2374 βυβλία

898 2381 1075 2430 δίπτυχα.
1109 2380 1217 2416 Conf.
1246 2381 1382 2431 Heyne
1404 2379 1451 2416 ad
1471 2381 1553 2416 Ho-

895 2438 991 2472 meri
1011 2437 1034 2473 Ι.
1056 2437 1081 2473 l.
1103 2437 1152 2473 Τ.
1174 2436 1219 2472 V.
1240 2449 1328 2488 pag.
1350 2439 1442 2476 22⁶2.

955 2490 1079 2542 μηδὲν
1107 2494 1270 2544 πρῆγμα
1299 2491 1461 2542 παρέχοι
1493 2490 1551 2539 οἵ]

896 2549 952 2584 De
975 2549 1164 2585 locutione
1191 2550 1240 2587 cf.
1271 2550 1300 2596 I,
1334 2547 1425 2587 135,
1473 2547 1553 2583 Vo-

898 2605 1023 2641 culam
1057 2604 1098 2643 οἷ
1125 2606 1163 2640 in
1186 2603 1411 2656 quibusdam
1434 2603 1550 2639 omis-

898 2674 978 2698 sam
989 2661 1084 2697 bene
1103 2663 1240 2698 tuearis
1261 2672 1349 2696 cum
1368 2657 1550 2697 Abresch.

897 2716 1087 2754 Dilucidd.
1110 2715 1316 2767 Thucydd.
1347 2728 1433 2765 pag.
1459 2713 1551 2755 247.

899 2774 1033 2811 Omisit
1055 2786 1139 2810 eam
1159 2785 1311 2824 quoque
1339 2770 1552 2807 Bekkerus.

958 2827 1112 2882 Γοργώ]
1128 2831 1255 2879 Gorgo
1266 2826 1458 2865 Leonidae
1475 2840 1553 2864 non
