1897 3340
68 390 208 430 Thraces
239 390 342 418 Asiani
401 390 446 434 δὲ

67 426 137 454 sive
155 423 291 460 Bithyni,
449 423 461 441 ²

69 460 141 487 oliui
159 458 315 493 Europaei

68 501 104 520 ac
121 491 294 527 Strymonis

67 525 204 559 accolae,
215 530 346 560 tuncque

68 558 234 595 Strymonii
261 559 344 585 dicti.

68 595 133 622 Gur
150 594 304 627 Europam

67 626 260 665 reliquerint.

274 1066 341 1112 76
397 1065 608 1123 ταβάνου.

71 1133 204 1170 [Textus
222 1131 278 1158 hoc
302 1132 347 1159 lo-

69 1176 105 1196 co
123 1167 188 1196 hiat
205 1166 317 1195 lacuna.

397 214 481 256 56⁰

799 211 1263 250 HERODOTI

272 325 339 371 75
394 336 514 373 νεος,
543 319 592 372 ὃς
620 319 662 372 ἐς
694 323 958 376 Μαραθῶνα
986 320 1159 376 ἐσέβαλε
1190 319 1278 376 ἅμα
1307 318 1428 364 Δάτι.
1483 317 1664 376 Θρήϊκες

486 387 553 432 ἐπὶ
582 388 660 443 μὲν
687 393 785 446 τῇσι
801 393 1010 447 κεφαλῇσι
1024 389 1270 439 α’λωπεκέας
1296 388 1481 444 ἔχοντες,
1511 389 1660 441 ἐστρα-

400 456 602 509 τεύοντο,
636 457 734 511 περὶ
764 458 810 500 δὲ
839 457 888 500 τὰ
920 462 1066 513 σῶμα,
1106 462 1322 508 κιθῶνας·
1352 458 1423 501 ἐπὶ
1455 456 1527 505 δὲ,
1577 460 1719 510 ζει-25

405 525 484 581 ρας
521 524 879 580 περιβεβλημένοι
915 527 1138 577 ποικίλας·
1177 526 1274 580 περὶ
1314 527 1359 569 δὲ
1394 526 1496 575 τούς
1525 523 1665 574 πόδας

400 609 445 637 τε
472 592 546 636 καὶ
573 593 650 643 τὰς
682 591 868 648 κνήμας,
897 591 1050 636 πέδιλα
1079 596 1267 650 νεβρῶν·
1299 591 1407 647 πρὸς
1436 593 1503 642 δὲ,
1535 589 1664 634 ἀκόν-

376 662 478 706 Ξτιοὶ
520 677 564 704 τε
611 660 685 704 καὶ
741 659 896 710 πέλτας
948 661 1022 705 καὶ
1069 661 1301 717 ἐγχειρίδια
1349 658 1524 716 σμικρά.

1593 655 1666 702 οὗ·

398 746 468 774 τοι
497 729 542 772 δὲ
573 726 798 783 διαβάντες
828 727 907 783 μὲν
936 728 977 780 ἐς
1006 729 1084 785 τήν
1111 729 1280 785 Ἀσίην,
1309 728 1554 784 ἐκλήθησαν
1583 728 1665 768 Βι-

400 797 553 841 θυνοί·
582 793 632 837 τὸ
669 794 714 837 δὲ
738 794 954 849 πρότερον
983 797 1236 851 ἐκαλέοντο,
1276 795 1335 848 ὠς
1366 795 1489 840 αὐτοὶ
1517 792 1664 849 λέγου-

401 875 464 917 σι,
494 861 778 917 Στρυμόνιοι,
813 861 1027 915 οἰκέοντες
1056 864 1125 908 ἐπὶ
1153 862 1396 919 Στρυμόνι·
1437 864 1722 916 ἐξαναστῆ-ΒΟ

400 948 475 975 ναι
505 930 551 974 δέ
581 939 692 985 φασι
721 930 762 982 ἐξ
791 930 939 987 ἠθέων
965 930 1052 976 ὑπὸ
1086 935 1295 987 Τευκρῶν
1322 948 1367 975 τε
1386 932 1458 975 καὶ
1480 932 1666 973 Μυσῶν.

407 1000 609 1054 Θρηίκων
641 997 688 1042 δὲ
715 1001 804 1041 τῶν
832 998 880 1041 ἐν
907 1003 960 1057 τῇ
987 999 1103 1056 Ἀσίῃ
1133 995 1232 1055 ἦρχε
1263 997 1494 1054 Βασσάκης
1526 996 1549 1042 ὁ
1575 996 1666 1052 Ἀρ·

542 1266 636 1317 cap.
657 1263 817 1303 LXXV.

406 1341 631 1391 α’λωπεκὲας
645 1343 825 1395 ἔχοντες]
848 1342 926 1380 scil.
938 1342 1007 1382 60—

345 1399 440 1456 ροῖς,
470 1409 513 1439 ut
532 1402 613 1449 Vll,
635 1403 701 1449 69,
722 1401 789 1438 ubi
807 1399 886 1439 vid.
909 1406 1007 1437 nott.

352 1460 425 1496 Cr.
456 1457 586 1495 laudat
615 1456 808 1497 Iablonsk.
846 1458 1008 1508 Opuscc.

346 1517 397 1553 T.
419 1516 473 1552 ΙΙΙ
493 1527 581 1566 pag.
611 1516 674 1555 83.
733 1515 790 1551 Ac
823 1527 872 1550 ne
891 1514 1011 1550 mire-

347 1573 397 1609 ris
417 1570 587 1609 Thraces
607 1571 831 1606 animalium
848 1571 1008 1621 pellibus

346 1627 499 1666 indutos
538 1628 849 1675 commemorari3
899 1626 1010 1664 vide-

344 1691 406 1723 tur
425 1697 515 1722 sane
535 1684 627 1720 olim
647 1682 740 1720 haec
763 1684 867 1734 regio
887 1683 1008 1720 multo

346 1742 483 1779 maiori
514 1740 653 1791 frigore
683 1741 895 1777 laborasse:
933 1752 1009 1790 qua

347 1797 396 1835 de
416 1811 457 1834 re
479 1796 557 1833 dixi
590 1795 638 1834 ad
657 1797 720 1844 IV,
743 1798 807 1838 28.
845 1795 1011 1833 Larche-

349 1868 412 1891 rus
434 1867 454 1890 e
470 1852 720 1904 Xenophont.
735 1854 861 1890 Auab.
881 1854 962 1900 VII,
984 1852 1010 1892 4

350 1912 388 1957 §.
401 1909 426 1949 4
444 1916 600 1946 annotat
611 1908 780 1947 Thraces
792 1911 1012 1960 Europaeos

351 1966 489 2005 eodem
500 1965 617 2003 modo
639 1979 660 2003 a
671 1965 930 2018 Xenophonte
943 1965 1012 2004 de-

349 2024 461 2061 scrIbi
476 2052 486 2072 ,
517 2036 594 2075 quo
614 2024 796 2060 Asiaticos
817 2024 863 2060 ab
886 2025 1013 2060 Hero-

350 2079 523 2117 doto.-
553 2078 615 2130 Ad
636 2093 772 2117 vocem
802 2077 929 2132 ζειροές
960 2080 1010 2118 cf.

348 2143 446 2174 nott.
467 2135 516 2172 ad
535 2136 615 2184 VII,
633 2138 699 2176 69.

405 2191 544 2231 πέδιλα
573 2192 760 2242 νεβρῶν]
802 2192 944 2239 caligas
967 2203 1010 2228 ex

350 2247 574 2284 hinnulorum
607 2248 758 2297 pellibus
785 2249 1011 2296 interpreta-

348 2310 411 2341 tur
431 2304 707 2353 VVesselingius
738 2304 855 2340 citans
875 2305 1010 2339 Xeno—

349 2358 484 2411 phout.
519 2360 643 2396 Anab.
674 2359 737 2406 1V,
762 2359 800 2406 5,
835 2357 906 2407 14,
944 2360 1010 2395 ubi

350 2415 585 2466 καρβατίναι
595 2414 858 2466 πεποιημέναι
875 2414 918 2456 ἐκ
930 2418 1010 2454 τῶν

350 2467 576 2523 νεοδάρτων
598 2473 718 2522 βοῶν.

409 2526 610 2577 Βιθυνοὶ]
672 2526 850 2564 Asserunt
891 2530 1010 2564 Hero..

353 2582 464 2622 dotea
477 2584 769 2635 StephanAEy-z.
789 2598 863 2621 s-v.
885 2588 1011 2635 Στρυ-

353 2636 443 2692 μω“ν
475 2654 563 2692 pag.
591 2644 672 2682 682
703 2648 737 2676 et
758 2640 930 2678 liustatli.
963 2640 1011 2678 ad

350 2698 509 2749 Dionys.
531 2701 626 2738 793.
686 2698 743 2733 De
783 2700 860 2747 ipsa
897 2705 1010 2747 geute

351 2753 543 2805 quaedam
553 2755 766 2793 notavimus
787 2753 879 2802 adl,
901 2757 953 2796 23
976 2762 1013 2792 et

351 2811 433 2859 VII,
454 2813 523 2853 73.

695 1065 881 1120 ἀσπίδας
927 1067 974 1113 δὲ
1013 1066 1260 1126 ὠμοβοΐνας
1299 1065 1417 1124 εἶχον
1468 1064 1665 1122 σμικράς,

1117 1261 1201 1305 ὖπδ
1233 1265 1420 1315 Τευκρῶν
1449 1279 1491 1304 τε
1520 1262 1589 1303 καὶ
1623 1266 1725 1303 Μυ-

1063 1323 1162 1370 σῶν]
1213 1320 1298 1360 Vid.
1329 1334 1440 1372 supra
1469 1322 1550 1370 Vll,
1581 1323 1649 1362 20.
1681 1321 1725 1358 C.

1064 1379 1109 1415 Ο.
1128 1379 1278 1416 Muller.
1301 1379 1393 1415 Dor.
1414 1379 1437 1414 1·
1451 1392 1490 1429 p.
1519 1381 1558 1419 9.
1600 1378 1726 1415 Ueber

1065 1434 1126 1472 die
1145 1433 1354 1471 Makedon.
1376 1447 1462 1485 pag.
1491 1438 1557 1482 36,
1577 1435 1644 1471 ubi
1663 1435 1727 1471 ille

1066 1490 1113 1528 de
1134 1493 1376 1528 Teucrorum
1388 1490 1631 1542 expeditione
1645 1492 1728 1543 Ly—

1066 1547 1302 1599 cophronem
1324 1548 1487 1584 conferri
1514 1549 1597 1586 vult
1619 1547 1723 1588 1341

1064 1606 1269 1656 Mysosque
1289 1603 1406 1652 addit,
1422 1606 1488 1657 qui
1508 1618 1597 1641 cum
1617 1605 1728 1641 Teu-

1067 1663 1137 1698 cris
1177 1662 1216 1697 iu
1266 1662 1463 1712 Europam
1506 1661 1727 1711 transgressi

1065 1718 1229 1766 suerint,
1258 1725 1388 1768 postea
1413 1724 1596 1769 tanquam
1617 1718 1728 1754 Moe-

1066 1787 1125 1812 sos
1162 1775 1309 1824 regioui
1358 1775 1534 1826 ampliori
1581 1786 1727 1812 nomen

1070 1830 1234 1870 dedisse.

1254 1943 1347 1995 Cap.
1362 1943 1539 1981 LXXVI.

1125 2018 1294 2070 ἀσπίδας
1326 2019 1369 2061 δὲ
1406 2016 1633 2072 ω’μοβοΐνας
1670 2015 1728 2060 εἶ-

1067 2080 1168 2130 χον]
1200 2080 1223 2116 i.
1245 2092 1278 2115 e.
1308 2079 1444 2128 clypeos
1467 2077 1637 2114 habebant
1665 2077 1728 2113 bo-

1067 2138 1147 2172 vino
1168 2138 1258 2171 corio
1273 2147 1302 2171 s.
1333 2147 1375 2171 ex
1398 2133 1512 2170 cruda
1527 2133 1621 2169 bovis
1637 2133 1728 2184 pelle

1067 2191 1254 2240 confectos,
1286 2196 1328 2225 ut
1355 2190 1436 2235 VII,
1468 2191 1534 2229 79.
1555 2191 1631 2237 91,
1662 2189 1728 2226 ubi
1782 2216 1784 2222 .

1066 2246 1256 2298 quaedam
1276 2246 1397 2282 attulit
1419 2244 1603 2282 Valcken.
1651 2247 1730 2282 Re-

1067 2310 1124 2339 cte
1134 2316 1223 2339 vero
1244 2303 1414 2339 statuisse
1434 2301 1612 2339 videntur
1622 2303 1730 2338 Pau-

1065 2360 1160 2396 wius
1182 2366 1219 2395 et
1239 2360 1293 2395 W
1297 2360 1513 2409 esselingius
1544 2365 1632 2395 ante
1661 2357 1730 2396 has

1066 2428 1177 2453 voces
1207 2416 1392 2452 nonnulla
1432 2414 1637 2463 excidisse,
1681 2413 1730 2452 ad

1068 2486 1165 2523 quae
1184 2471 1256 2508 hae
1275 2485 1386 2509 voces
1403 2462 1504 2523 ipsae
1524 2473 1728 2522 pertinent,

1069 2528 1116 2565 de
1147 2530 1218 2565 alia
1251 2536 1364 2579 gente
1386 2536 1500 2580 atque
1527 2527 1729 2576 Thracica,

1068 2587 1173 2622 cuius
1202 2587 1240 2621 in
1274 2586 1448 2636 proxime
1468 2584 1731 2622 antecedenti-

1069 2643 1138 2679 bus
1158 2655 1260 2678 nunc
1273 2642 1312 2679 iit
1332 2642 1489 2689 mentio,
1511 2642 1731 2691 intelligen-

1070 2698 1153 2736 dae.
1244 2698 1439 2748 Chalybum
1489 2699 1730 2734 mentionem

1070 2756 1194 2792 omitti
1223 2756 1429 2805 suspicatus
1457 2761 1535 2791 erat
1568 2755 1730 2792 wesse-

1069 2813 1208 2864 liugius
1222 2818 1306 2849 tum
1321 2812 1369 2849 ob
1380 2812 1509 2849 Martis
1519 2809 1624 2864 quod
1633 2823 1730 2849 con-
