1897 3340
613 191 645 227 Ε
675 191 707 226 R
736 189 771 225 A
800 187 839 225 T
870 186 915 223 Ο.
973 187 1044 224 VI.
1390 191 1474 230 255

208 302 504 357 Ζαγκλαίοισι,
535 298 745 352 συμμίξας
765 301 880 340 τοῖσι
900 296 1127 351 Σαμίοισι,
1158 293 1388 338 ἀναπείθει
1417 293 1475 346 ὥς

203 370 332 427 χρεόν
361 371 425 424 ε’ίη
447 365 602 420 Καλὴν
630 364 709 420 μὲν
734 362 888 420 Ἀκτὴν
918 363 988 407 ἐπ’
1018 363 1074 418 ἣν
1105 363 1258 406 ἔπλεον
1287 361 1365 405 ἐᾶν
1384 363 1529 418 χαί-95

202 453 310 492 ρειν,
332 435 411 490 τὴν
442 434 488 476 δὲ
508 430 711 488 Ζάγκλην
741 437 866 488 σχεῖν,
900 433 1060 476 ἐοῦσαν
1089 431 1252 488 ἐρῆμον
1282 427 1473 484 ἀνδρῶν.

171 502 480 558 3πειθομένων
510 500 556 544 δὲ
585 504 675 544 τῶν
697 502 898 557 Σαμίων,
929 501 1002 544 καὶ
1033 499 1227 556 σχόντων
1249 497 1330 554 τήν
1361 499 1473 554 Ζάγ-

201 577 330 628 κλην,
372 568 567 613 ἐνθαῦτα
596 570 640 613 οἱ
669 573 906 625 Ζαγκλαῖοι
935 567 994 620 ὡς
1023 566 1243 613 ἐπύθοντο
1265 566 1474 623 ἐχομένην

199 639 279 695 τὴν
306 636 438 680 πόλιν
467 637 656 690 ἑωυτῶν,
688 637 902 694 ἐβοήθεον
925 636 1053 694 αὐτῇ,
1086 637 1159 680 καὶ
1189 635 1474 680 ἐπεκαλέοντο

193 703 505 760 Ἱπποκράτεα,
543 705 621 750 τὸν
651 707 786 762 Γέλης
815 704 1059 761 τύραννον·
1107 699 1162 759 ἦν
1191 704 1275 759 γάρ
1308 701 1361 759 δή
1391 714 1472 759 σφι

167 769 341 824 4οὗτος-
379 772 612 830 σύμμαχος.
676 773 766 817 ἐπεί
795 790 838 818 τε
883 773 930 818 δὲ
969 771 1142 816 αὐτοῖσι
1171 772 1243 814 καὶ
1273 771 1297 815 ὁ
1323 771 1496 815 ‘Imm-1

193 840 355 897 κράτης
385 841 468 885 σὺν
503 846 556 900 τῇ
587 846 767 899 στρατιῇ
796 837 873 898 ἧκε
901 840 1125 899 βοηθέων,
1168 839 1361 896 Σκύθην
1389 839 1470 895 μὲν

194 909 273 953 τὸν
302 909 555 966 μούναρχον
581 915 668 954 τῶν
699 910 977 966 Ζαγκλαίων,
1010 906 1068 958 ὠς
1087 907 1368 964 ἀποβαλόντα
1388 908 1469 963 τήν

194 976 347 1031 πόλιν,
390 977 415 1022 ὁ
449 977 734 1036 Ἱπποκράτης
774 976 987 1034 πεδήσας,
1037 977 1110 1021 καὶ
1149 976 1228 1020 τὸν
1254 975 1470 1032 ἀδελφεὸν

196 1045 336 1089 αὐτοῦ
391 1047 672 1103 Πυθογένεα,
725 1047 768 1098 ἐς
805 1044 986 1090 Ἴνυκον
1033 1043 1163 1089 πόλιν
1222 1042 1500 1099 ἆπέπεμψε·5

193 1113 298 1165 τούς
315 1113 362 1158 δὲ
381 1115 564 1167 λοιπούς
581 1117 878 1172 Ζαγκλαίους,
910 1111 1335 1168 κοινολογησάμενος
1356 1116 1470 1155 τοῖσι

197 1184 431 1239 Σαμίοισι,
468 1184 543 1226 καὶ
581 1182 747 1238 ὅρκους
785 1182 892 1234 δοὺς
927 1181 1002 1226 καὶ
1032 1179 1288 1235 δεξάμενος,
1329 1179 1467 1233 προέ-

164 1251 321 1294 5δωκε.
360 1251 518 1306 μισθός
549 1251 594 1295 δέ
626 1253 670 1295 οἱ
698 1247 753 1308 ἦν
783 1249 1006 1307 εἰρημένος
1037 1248 1110 1292 ὅδε
1139 1249 1228 1292 ὑπὸ
1259 1252 1349 1291 τῶν
1379 1252 1468 1290 Σα-

192 1320 328 1374 μίων,
372 1318 552 1363 πάντων
598 1323 688 1363 τῶν
735 1319 927 1364 ἐπίπλων
972 1317 1045 1362 καὶ
1086 1314 1379 1372 ἀνδραπόδων
1416 1315 1468 1358 τὰ

136 1501 345 1541 Schaesero
379 1509 572 1540 mutatmn
609 1504 650 1541 in
687 1499 798 1551 ὥστε,

134 1562 310 1598 revocavi
330 1573 420 1609 oum
439 1561 593 1612 reliquis
614 1559 701 1599 edd.
753 1561 798 1596 In

133 1618 326 1656 Sancrosti
336 1618 431 1654 libro
442 1624 562 1654 exstat
571 1612 669 1656 ὅστε.
690 1615 799 1653 Bek-

132 1673 217 1712 ker.
257 1674 414 1711 retinuit
442 1670 542 1713 ὥστε
572 1673 670 1725 (pro
691 1670 797 1725 τότε)

133 1728 213 1771 ἐών
235 1727 443 1783 διάφορος.
491 1733 549 1767 De
579 1730 725 1782 Scytha
747 1731 796 1769 cf.

133 1801 289 1840 quoque
310 1787 352 1824 C.
375 1788 419 1824 Ο.
438 1788 588 1825 ΜϋΙΙεΓ.
609 1789 702 1825 Dor.
723 1789 741 1824 I
755 1801 795 1838 p.

135 1847 228 1886 170.
282 1846 340 1881 De
361 1857 456 1882 voce
476 1840 674 1897 διάφορος
693 1845 797 1882 conf.

131 1908 228 1940 nott.
252 1900 301 1938 ad
320 1902 365 1949 V,
387 1904 454 1943 83.
493 1900 603 1938 Idem
622 1902 795 1939 vocabu-

130 1958 213 1995 lum
254 1956 357 2009 apud
390 1959 622 1995 Pausaniam
657 1958 794 1996 eadem

129 2015 170 2052 in
199 2028 263 2062 re,
312 2015 379 2052 ubi
408 2015 506 2052 iram
536 2016 717 2052 Anaxilai
751 2016 793 2052 iu

129 2071 342 2110 zanclaeos
372 2072 489 2109 etiam
517 2079 709 2110 memorat
728 2073 793 2120 IV,

128 2130 182 2170 23
219 2129 257 2174 §.
287 2131 325 2176 3,
357 2129 423 2181 qui
456 2127 581 2178 idem,
610 2137 794 2167 monente

128 2185 362 2235 Wesseling.
382 2186 422 2222 in
450 2187 604 2238 tyranni
629 2185 797 2238 Rhegini

129 2248 251 2279 aetate
271 2243 472 2292 insigniter
493 2243 686 2291 aberrans,
715 2246 793 2281 sic—

127 2299 184 2335 uti
212 2305 299 2350 post
329 2299 481 2337 cluver.
507 2300 585 2338 Sic.
617 2301 749 2353 Antiq.
775 2302 795 2337 I

127 2368 166 2405 p.
188 2354 242 2395 85
262 2356 450 2406 copiosius
470 2356 793 2408 Spanhem.Diss.

127 2411 228 2448 Vm.
256 2413 316 2448 De
335 2413 451 2449 Num.
471 2414 616 2452 Praest.
646 2428 684 2467 p.
710 2413 792 2457 554

127 2469 410 2506 monstraverit.

186 2523 382 2575 συμμίξας
400 2527 503 2564 τοῖσι
523 2526 740 2576 Σαμίοισι]
763 2527 790 2565 i.

130 2591 164 2616 e.
176 2593 344 2618 sermones
359 2593 436 2618 cum
457 2579 593 2619 Samiis
605 2582 791 2633 conferens,

133 2635 246 2684 plane
276 2644 317 2674 ut
337 2639 395 2686 H,
420 2636 487 2678 64.
509 2638 591 2675 VII.
612 2642 680 2680 29.
700 2640 793 2681 153.

131 2691 207 2728 Pro
229 2689 353 2743 χρεών
372 2692 530 2731 exhibui
549 2691 676 2748 χρεόν.
706 2695 795 2734 Vid.

131 2753 227 2783 nott.
248 2747 296 2785 ad
315 2749 361 2796 V,
381 2751 448 2790 49.

188 2799 402 2850 εἶς”Ινυκον
431 2800 576 2855 πόλιν]
608 2805 795 2859 Stephan-

854 1504 951 1554 Byz.
982 1516 1012 1540 s.
1041 1516 1079 1540 v.
1110 1514 1200 1553 pag.
1220 1500 1301 1542 417
1334 1502 1375 1538 in
1396 1503 1522 1539 Hero-

859 1558 951 1596 doto
980 1560 1115 1610 legisse
1143 1557 1294 1596 videtur
1317 1555 1465 1597 ’Ἴνυκα
1486 1567 1524 1597 et

855 1629 951 1653 mox
970 1613 1146 1663 ’Ἴνυκος
1183 1628 1206 1652 a
1236 1614 1362 1651 sormst
1388 1613 1521 1665 ”Ινυξ,

856 1674 963 1710 cuius
998 1674 1082 1710 loco
1113 1674 1177 1710 alii
1207 1671 1387 1710 dixerunt
1406 1669 1521 1712 ’Ἴνυ-

854 1745 951 1778 κον,
983 1736 1077 1768 teste
1103 1730 1255 1768 Cluver.
1277 1730 1356 1767 Sic.
1387 1730 1519 1782 Antiq.

851 1789 882 1834 Ι,
908 1789 958 1828 18
980 1787 1047 1825 fin.
1068 1789 1214 1838 p.230‚
1236 1788 1298 1824 cui
1311 1785 1416 1823 addit
1427 1787 1520 1824 Val-

853 1842 968 1881 ckeu.
997 1845 1150 1881 Platon.
1181 1844 1297 1894 Hipp.
1316 1844 1408 1880 Mai.
1429 1856 1518 1894 pag.

851 1903 935 1942 282
965 1901 1013 1937 Ε.
1044 1898 1127 1942 284
1155 1901 1202 1937 B.
1237 1907 1274 1936 et
1299 1898 1520 1938 Philostrat.

850 1958 925 1995 Vit.
959 1955 1129 2008 Sophist.
1157 1958 1189 2006 Ι,
1211 1960 1236 1998 3
1268 1956 1350 2006 (XI
1379 1958 1516 2008 Hipp.)

849 2028 888 2065 p.
906 2013 987 2056 495
1011 2014 1135 2051 Olear.
1195 2013 1280 2060 Quo
1301 2014 1388 2051 loco
1401 2015 1517 2051 situm

849 2070 963 2107 fuerit
991 2070 1197 2122 oppidum,
1245 2072 1312 2108 vix
1342 2072 1517 2108 accurate

852 2126 1030 2176 definias3
1052 2127 1101 2165 ad
1121 2129 1216 2166 ostia
1235 2127 1343 2166 fluvii
1361 2130 1516 2180 Hypsae

850 2186 892 2222 in
921 2185 1031 2223 laeva
1061 2186 1143 2237 ripa
1173 2186 1221 2222 ab
1247 2186 1392 2223 oriente
1413 2186 1516 2223 Seli-

851 2243 980 2280 nuntis
1017 2243 1135 2280 sitmn
1173 2243 1289 2280 fuisse
1318 2243 1515 2294 probabile

853 2306 921 2338 est.
980 2301 1039 2336 De
1050 2300 1167 2337 verbo
1187 2302 1513 2352 κοινολογεῖσθαι

851 2353 1052 2407 (Sermones
1067 2385 1078 2403 ‚
1131 2357 1280 2394 consilia
1323 2356 1513 2408 conferre)

850 2412 931 2449 dixi
960 2411 1008 2449 ad
1037 2412 1232 2451 Plutarch.
1266 2411 1403 2465 Pyrrh.
1423 2426 1514 2464 pag.

848 2468 944 2510 204.
976 2465 1123 2521 ὅρκους
1141 2470 1285 2510 δοῦναι
1304 2469 1395 2507 hinc
1418 2469 1515 2507 dixit
1543 2490 1549 2494 -

848 2538 1003 2578 quoque
1030 2527 1194 2567 Pausan.
1225 2527 1291 2574 IV,
1320 2529 1374 2568 23
1406 2527 1444 2572 §.
1473 2525 1513 2567 4.

851 2582 909 2620 Cr.
932 2582 980 2620 de
997 2580 1071 2620 hac
1096 2583 1247 2621 dicendi
1267 2583 1391 2620 forma
1413 2579 1513 2634 (ὅρ-

849 2653 947 2686 κους
963 2636 1060 2687 δοὺς
1078 2640 1145 2680 καὶ
1159 2636 1393 2690 δεξάμενος)
1416 2652 1512 2676 con-

850 2695 938 2732 ferri
958 2697 1041 2733 vult
1068 2695 1252 2734 Matthiae
1281 2695 1330 2733 ad
1365 2698 1511 2746 Hymn.

850 2753 1029 2790 Homerr.
1061 2766 1150 2804 pag.
1171 2752 1266 2794 414.
1304 2751 1367 2788 Ad
1398 2751 1512 2787 verba

851 2804 899 2847 τοὶ
927 2807 1072 2849 ἔπιπλα
1092 2810 1142 2847 cf.
1160 2816 1257 2846 nott.
1278 2807 1327 2845 ad
1346 2809 1377 2855 Ι,
1396 2806 1462 2847 94.

1891 577 1897 585 .
1888 324 1897 553 α--,..4-..-
1894 268 1897 294 ῌ
1893 192 1897 207 .,
1893 159 1897 167 -
