1897 3340
505 178 981 218 POLYMNIA.

188 289 316 331 πόλιν
350 287 525 341 Ἠϊόνα,
565 292 638 344 τῆς
674 288 734 331 ἔτι
765 287 871 339 ζωὰς
902 286 986 328 ἐών
1027 280 1132 342 ἦρχε
1170 284 1340 340 Βόγης,

158 364 271 410 ἕπερ
304 356 435 415 ὀλίγῳ
465 354 677 410 πρότερον
705 353 873 396 τούτων
893 352 1028 408 λόγον
1057 352 1304 408 ἐποιεύμην.
1344 370 1372 408 η

1040 178 1139 214 ΥΙΙ.
1366 184 1448 223 603

186 429 242 481 γῆ
274 424 381 480 αὕτη
410 422 436 480 ἡ
465 424 561 477 περὶ
587 421 635 465 τὸ
676 421 905 476 Πάγγαιον
933 420 1061 475 ὅρος,
1104 419 1299 464 καλέεται
1336 423 1449 464 Φυλ-

185 494 266 545 λὶς,
305 492 614 536 κατατείνουσα
657 489 709 532 τοὶ
735 490 813 544 μὲν
852 489 961 543 προς
1001 488 1185 544 ἕσπέρην
1219 487 1286 531 ἐπὶ
1317 495 1506 531 ποτα-65

186 555 721 617 μὸνἈγγίτην,ἒκόιδόντα
734 557 774 608 ἒς
803 557 880 600 τὸν
911 554 1164 610 Στρυμόνα,
1195 554 1247 598 τὰ
1274 556 1318 599 δὲ
1346 556 1455 610 πρὸς
1512 559 1593 601 556

192 628 461 683 μεσαμβρίην
479 626 681 668 τείνουσα
700 625 741 676 ἐς
765 624 903 669 αὐτόν
932 623 1009 667 τὸν
1038 624 1291 679 Στρυμόνα,
1310 624 1352 675 ἐς
1372 624 1450 668 τὸν

189 697 233 738 οἱ
271 694 420 748 ,Μάγοι
458 691 754 744 ἐκαλλιρέοντο
799 692 1032 748 σφάζοντες
1062 694 1222 743 ἵππους
1251 691 1449 743 λευκούς.

32 760 120 804 [Η
195 758 582 817 Φαρμακεύσαντες
635 760 681 804 δὲ
735 763 872 803 ταῦτα
913 760 954 810 ἐς
992 760 1070 803 τὸν
1106 759 1324 815 ποταμὸν,
1375 761 1448 804 καὶ

182 924 255 962 τοῦ
268 937 339 974 περ
353 918 455 977 ὀλίγ
443 938 471 961 ω
484 918 674 974 πρότερον
692 920 788 961 τού-

126 994 204 1018 των
242 957 360 1029 λόγον
397 964 614 1031 ἐποιεύμην
631 981 649 1029 ]
700 979 787 1017 vid.

127 1037 326 1083 V11,109.

187 1091 359 1141 Φυλλὶς]
390 1094 434 1128 In
472 1090 543 1129 hac
573 1104 667 1129 voce
701 1093 786 1129 libri

126 1150 266 1200 scripti,
288 1156 329 1186 ut
350 1149 402 1196 fit,
423 1150 621 1188 fluctuant.
678 1151 786 1188 Φυλ-

127 1205 191 1245 mv
213 1204 367 1243 exhibet
395 1205 568 1245 Eustath.
601 1205 648 1242 ad
680 1206 788 1245 Iliad.

128 1277 166 1314 p.
182 1264 274 1310 359,
305 1265 359 1303 39
380 1276 409 1300 s.
432 1265 526 1311 272,
547 1265 614 1304 25.
651 1264 790 1300 Melio-

129 1321 178 1357 ris
197 1326 312 1356 notae.
332 1320 418 1356 libri
439 1333 527 1356 cum
543 1318 677 1370 Steph.
690 1321 787 1372 Byz.

127 1390 205 1414 s.v.
229 1374 375 1422 Φυλλὶς
388 1377 529 1426 p.745‚
552 1390 649 1428 quae
668 1379 787 1427 regio,

126 1439 282 1470 notante
303 1434 487 1469 Gatterer.
506 1434 531 1470 l.
551 1435 576 1472 i.
596 1447 683 1484 pag.
707 1437 786 1475 117

126 1503 148 1526 a
168 1491 348 1540 Pangaeo
368 1491 665 1540 septentrionem
698 1504 787 1527 ver-

126 1560 187 1583 sus
219 1545 513 1594 extendebatur,
563 1548 593 1584 si
629 1546 787 1598 quidem

127 1602 176 1640 ad
201 1602 403 1640 meridiem
436 1605 606 1654 Pangaei
634 1603 785 1641 habita-

128 1661 220 1697 bant
240 1659 393 1697 Edones
419 1673 462 1698 ac
495 1662 635 1697 Pieres.
664 1660 787 1712 Phyl-

127 1715 243 1754 lidem
272 1718 468 1766 regionem
481 1718 687 1768 Strymone
710 1717 788 1768 (cui

128 1786 230 1810 nunc
253 1786 395 1809 nomeu
411 1772 583 1825 Struma)
599 1781 635 1810 et
645 1775 787 1824 Angite

130 1830 246 1866 fluvio
267 1830 446 1882 utrinque
466 1831 654 1866 inclusam
674 1844 787 1882 supra

129 1899 219 1923 eum
238 1886 367 1922 locum
398 1885 552 1923 extendi
583 1889 713 1924 statuit
746 1888 788 1925 C.

129 1944 174 1980 Ο.
195 1943 345 1979 Miiller.
377 1943 521 1991 (Ueber
551 1942 612 1980 die
632 1943 787 1981 Maked.

128 2013 166 2050 p.
191 1998 247 2051 7),
271 2012 346 2051 quo
367 2006 527 2051 uterque
538 2000 674 2038 fluvius
696 2014 788 2037 con-

129 2057 278 2093 iunctus
298 2056 426 2093 lacum
447 2056 583 2103 efficit,
614 2057 662 2094 ad
682 2071 789 2094 mare

129 2125 250 2164 usque
270 2113 349 2149 fere
370 2115 639 2164 pertinentem.

187 2168 226 2214 ἐς
240 2166 309 2207 τόν
329 2185 368 2208 οι
358 2166 522 2221 Μαγοι
534 2168 787 2222 ἔκαλλιρέον-

131 2240 174 2264 το
197 2221 452 2273 σφάζοντες”’
435 2242 581 2273 ιππους
598 2224 784 2275 λευκούς]

131 2282 231 2331 Apte
242 2289 448 2347 comparat
468 2284 698 2334 VVesseling.
720 2284 787 2332 IV,

136 2340 211 2377 62:
227 2332 610 2386 οἷτοσφαζουσιτους
623 2335 789 2392 ἅνθροί-

133 2408 234 2440 πους
273 2392 319 2440 ἐς
359 2390 401 2433 τὸ
445 2391 582 2447 ἄγγος,
619 2397 684 2432 ubi
710 2397 788 2436 vid.

133 2457 228 2490 nott.
268 2448 369 2486 Add.
390 2451 435 2497 V,
466 2453 504 2490 3.
549 2451 727 2503 Aeschyl.
748 2454 791 2491 S.

135 2520 167 2545 c.
225 2505 303 2543 Th.
354 2506 407 2547 43
464 2505 649 2557 (ταυρο
667 2520 791 2557 σφα-

134 2577 158 2614 y
172 2577 192 2601 ο
204 2565 230 2601 ὖ
242 2578 263 2600 ν
275 2578 294 2601 τ
309 2577 325 2601 ε
338 2578 357 2609 ς
377 2562 450 2608 εἰς
469 2560 705 2613 μελάνδετον
718 2577 791 2604 σα-

137 2633 218 2664 κος.
247 2621 378 2671 Itaque
399 2618 681 2656 distinctionem
703 2628 791 2658 ante

139 2670 355 2722 σφαζοντες
386 2677 478 2727 poni
505 2677 655 2713 solitam
683 2675 791 2713 dele-

139 2732 198 2777 vi3
212 2743 394 2793 namque
415 2731 454 2779 ἐς
474 2747 543 2771 τον
562 2734 724 2782 pertinet
743 2733 791 2771 ad

139 2781 363 2836 σφαζοντες,
384 2795 426 2826 ut
445 2789 667 2840 inproxime
686 2803 794 2843 seqq.

845 917 1198 973 φαρμακεύσαντες
1238 945 1294 951 —-
1335 922 1384 969 ἐς
1422 921 1510 963 τὸν

843 975 1037 1030 ποταμόν.
1095 977 1205 1015 Idem
1234 981 1468 1031 XVesseling.
1489 994 1510 1017 e

843 1036 970 1074 Tacit.
1009 1036 1164 1073 Annall.
1194 1035 1256 1083 VI,
1291 1040 1344 1078 37
1383 1038 1508 1075 simile

841 1093 1070 1130 sacrificium
1082 1092 1192 1129 affert
1205 1106 1226 1129 a
1238 1092 1410 1131 Tiridate
1422 1096 1505 1131 Eu—

843 1148 968 1200 phrati
989 1151 1113 1196 amni,
1145 1163 1262 1202 quem
1282 1152 1352 1188 sibi
1374 1152 1505 1202 propi-

844 1208 942 1244 tium
970 1205 1166 1254 redderet,
1199 1208 1393 1256 oblatum,
1417 1209 1503 1247 coll.

845 1264 971 1304 Strab.
1001 1263 1073 1300 XV
1101 1277 1139 1313 p.
1159 1266 1242 1304 732
1263 1267 1310 1301 D.
1330 1279 1360 1302 s.
1384 1264 1506 1306 1065.

843 1322 902 1357 De
933 1323 1029 1371 equis
1060 1319 1151 1357 albis
1180 1322 1281 1358 conf.
1303 1321 1423 1358 'citata
1457 1320 1506 1358 ad

843 1377 926 1425 VII,
948 1378 1001 1417 40
1023 1383 1060 1414 et
1081 1375 1127 1414 de
1147 1379 1262 1415 verbo
1290 1381 1507 1428 καλλιερεῖν

844 1431 998 1484 (litare)
1020 1440 1115 1476 nott.
1139 1434 1187 1471 ad
1209 1434 1290 1483 VII,
1316 1434 1394 1475 134
1417 1435 1502 1474 coll.

841 1493 910 1539 IX,
944 1492 1008 1531 19.

1041 1581 1132 1632 Cap.
1169 1580 1307 1618 CXIV.

903 1655 1263 1713 Φαρμακεύσαντες
1300 1657 1343 1699 δὲ
1380 1662 1505 1698 ταῦτα

845 1715 884 1763 ἐς
901 1715 972 1756 τὸν
995 1714 1203 1766 ποταμόν]
1226 1719 1252 1754 i.
1275 1730 1309 1757 e.
1330 1717 1400 1752 rite
1420 1729 1507 1766 per-

844 1781 928 1810 acto
958 1773 1140 1811 sacrificio
1175 1786 1385 1825 equorum,
1406 1786 1507 1824 quo—

844 1843 929 1866 rum
949 1831 1102 1880 sanguis
1122 1831 1161 1865 in
1182 1830 1343 1866 fluvium
1365 1828 1506 1865 demit-

845 1893 999 1934 teretur,
1022 1887 1179 1938 aliisque
1207 1899 1253 1923 eo
1281 1886 1507 1937 pertinenti-

844 1944 913 1980 bus
925 1943 972 1980 ad
985 1944 1143 1980 fluvium
1155 1942 1398 1993 placandum.
1418 1944 1452 1979 N
1455 1955 1505 1979 on

845 2001 952 2037 aliter
973 2001 1052 2036 fere
1072 1997 1426 2051 καταφαρμάσσων
1449 2012 1506 2036 ve-

844 2058 979 2107 neficiis
1009 2059 1049 2094 in
1085 2057 1239 2106 aliquem
1261 2058 1318 2093 uti
1340 2057 1388 2103 11,
1413 2058 1506 2096 181.

844 2114 894 2150 Et
914 2114 1045 2150 confer
1078 2114 1126 2150 sis
1153 2115 1305 2150 VViner.
1327 2112 1375 2149 ad
1395 2113 1506 2148 Pauli

843 2171 964 2221 Epist.
986 2169 1035 2207 ad
1056 2170 1178 2207 Galat.
1200 2169 1247 2216 V,
1272 2171 1336 2210 19.
1374 2171 1506 2220 Ipsum

843 2239 935 2264 vero
965 2240 1115 2264 sacrum
1144 2239 1279 2263 eorum
1314 2240 1334 2262 e
1364 2239 1506 2276 genere

845 2284 958 2320 fuisse
972 2283 1134 2331 videtur,
1160 2297 1258 2335 quae
1277 2282 1325 2320 ad
1347 2282 1428 2329 VII,
1451 2283 1504 2323 53

846 2342 1053 2390 attigimus.
1111 2341 1230 2392 Atqui
1275 2339 1324 2376 ad
1373 2340 1507 2377 Solem

847 2410 936 2434 cum
976 2398 1191 2447 pertineant
1227 2397 1302 2434 albi
1327 2398 1434 2446 equi,
1463 2403 1506 2432 ut

845 2453 1010 2491 vidimus
1032 2454 1079 2490 ad
1099 2452 1258 2502 V11‚40‚
1281 2454 1363 2490 Soli
1383 2453 1507 2503 potins

848 2523 964 2561 equos
992 2517 1175 2548 mactatos
1198 2524 1276 2547 esse
1307 2510 1507 2546 arbitratur

847 2565 1030 2604 Kleuker.
1051 2568 1090 2602 in
1101 2566 1313 2618 Appendic.
1337 2565 1385 2602 ad
1401 2567 1506 2600 Zen-

847 2622 989 2661 davest.
1019 2624 1073 2659 111
1102 2637 1140 2675 p.
1171 2623 1223 2663 24
1259 2635 1338 2673 seq.
1359 2635 1416 2657 nr.
1439 2621 1505 2666 53,

846 2679 1082 2731 fluviumque
1111 2680 1256 2716 iniectis
1286 2676 1402 2714 modo
1435 2675 1505 2712 do-

846 2737 903 2772 nis
923 2737 1081 2773 coluisse
1100 2738 1245 2786 MagOS,
1281 2735 1333 2770 ita
1348 2740 1390 2769 ut
1409 2732 1505 2768 utri-

845 2804 967 2845 usque
997 2793 1175 2830 elementi
1202 2790 1428 2842 principalis,
1450 2788 1506 2825 Iu·

1370 293 1450 331 τοῦ
1507 291 1642 317 minam
1644 293 1722 349 mh:
1721 293 1776 352 adi

1508 330 1564 349 Νη.
1604 326 1679 359 Ρῐιιὶ]

1404 354 1450 397 δὲ
1508 356 1567 382 d'di
1588 358 1638 384 Su·
1626 367 1688 392 ryln

1507 390 1600 424 magis
1588 367 1774 419 siuimoiziti.

1503 753 1613 780 Ennea
1632 752 1730 780 Hodoi

1509 786 1694 815 Edouorum.
1713 787 1756 816 lbi

1759 369 1777 385 a
