1897 3340
439 261 523 300 63ss
856 261 1315 298 HERODOTI

439 373 571 424 λεμον
600 367 865 422 ἀειράμενοι.
894 369 944 412 τὸ
964 370 1008 412 ὁὲ
1038 368 1191 423 ὅρκιον
1211 365 1295 412 ὦδε
1324 369 1431 425 εἶχε·
1468 370 1611 422 ,ζΌσοι
1639 378 1699 428 τῷ

441 436 615 492 ,,Πε’ρσῃ
660 435 820 480 ἔδοσάν
857 448 991 492 σφεας
1022 433 1417 493 αὐτούς”Ελληνες
1447 437 1606 490 ἐόντες,
1638 440 1696 497 μή
1713 449 1754 483 15

437 501 834 559 ,,οἷναγκασθέντες,
871 504 1177 548 καταστάντων
1198 518 1276 559 σφι
1307 500 1355 548 εὖ
1385 509 1474 548 τῶν
1502 507 1697 561 πρηγμά-

437 588 575 622 ,,των,
617 569 802 620 τούτους
847 573 1102 616 δεκατεῦσαι
1139 577 1199 630 τῷ
1239 572 1285 614 ἐν
1323 577 1536 627 Δελφοῖσι
1565 579 1696 632 θες5.“
1756 578 1834 617 563

275 645 373 688 133
431 639 481 682 τὸ
523 639 601 691 μὲν
641 637 693 693 δή
732 637 887 692 ὅρκιον
918 635 1000 682 ὦδε
1043 637 1125 696 εἶχε
1155 645 1268 683 τοῖσι
1285 638 1484 696 ’Ἐλλησα
1540 639 1618 693 Ἐς
1650 643 1697 686 δὲ

105 707 381 769 ffssfflcffiafiffg‘fgg
435 705 619 762 Ἀθήνας
657 706 731 749 καὶ
767 706 976 763 Σπάρτην
1005 706 1088 750 οὐκ
1117 706 1335 763 ἀπέπεμψε
1373 706 1396 751 ὁ
1428 708 1600 765 Πέρσης
1630 709 1699 752 ἐπὶ

106 776 223 809 legatos
247 784 306 802 non
323 776 377 803 mi-

105 809 180 836 serit
197 808 317 844 [c.32.].
382 820 401 823 *⁷

381 875 601 925 Cailimach.
613 879 791 928 fragmm.
805 878 1035 927 nr.CXCIX‚

377 937 465 973 satis
484 942 586 972 nota.
606 957 662 961 ———
706 936 750 971 In
780 948 887 986 seqq.
911 934 958 971 ad
979 936 1038 971 lo-

378 993 574 1029 cutionem
606 987 782 1041 πόλεμον
826 988 1039 1041 αἐίρασνθαι

377 1048 523 1096 (bellum
546 1049 728 1097 suscipere,
750 1047 906 1094 movere)
937 1047 1037 1086 conf.

376 1104 521 1141 Herod.
537 1105 618 1152 vll,
643 1104 735 1144 156.
747 1105 841 1140 Lex.
856 1102 1037 1155 Xenoph.

377 1163 395 1198 I
413 1175 452 1212 p.
473 1160 541 1202 84.

433 1225 477 1268 τό
498 1224 547 1278 δὴ
568 1223 704 1279 ’ὅρκιον
718 1220 794 1266 ὦδε
809 1223 900 1277 εἶχε]
917 1228 1039 1264 Grae-

336 1326 338 1330 ·
375 1298 510 1322 corum
531 1291 762 1321 conventum
781 1284 819 1320 in
840 1283 983 1320 Isthmo
996 1298 1038 1321 ac

376 1341 576 1379 decretum
604 1340 708 1377 idem
740 1339 848 1377 affert
877 1340 1034 1378 Diodor.

375 1400 444 1443 XI,
476 1400 514 1446 3,
554 1399 723 1449 itemque
755 1398 935 1448 Polybius
965 1399 1033 1446 IX,

375 1457 430 1496 39
462 1454 563 1503 (nisi
593 1453 695 1505 quod
731 1454 770 1490 in
810 1455 907 1490 solos
925 1453 1036 1490 The-

376 1512 495 1548 banos
530 1512 682 1548 Graecis
702 1511 754 1547 ita
774 1511 958 1561 placuisse
974 1524 1035 1547 re—

375 1567 488 1617 fert)·
506 1574 543 1604 et
575 1566 710 1604 suidas
740 1580 770 1605 s,
792 1581 830 1604 v.
853 1564 1035 1606 δεκατεύ-

376 1637 436 1663 ειν
466 1625 484 1659 Ῑ
512 1637 551 1674 p.
576 1623 658 1663 520
690 1624 777 1660 coll.
808 1625 974 1673 Lycurg.
996 1624 1035 1659 in

374 1681 547 1716 Leocrat.
568 1692 605 1728 p.
632 1679 709 1719 158
742 1693 782 1730 p.
808 1682 883 1719 193
906 1679 1034 1717 Reisk.

374 1735 531 1772 Diodor.
552 1736 619 1781 XI,
642 1737 709 1775 29.
730 1733 860 1772 Schol.
880 1735 1034 1773 Aristid.

375 1806 414 1843 p.
436 1791 517 1832 224
538 1792 765 1838 Frommel.,
787 1793 852 1828 ubi
871 1793 910 1828 in
934 1791 1034 1829 hanc

375 1848 540 1885 eandem
555 1849 783 1885 senteutiam
799 1849 934 1885 Graeci
945 1856 1033 1886 ante

371 1905 636 1942 Plataeensem
672 1917 844 1954 pugnam
892 1906 1032 1943 iurasse

373 1960 576 2009 dicuntur3
625 1960 729 2013 quod
775 1962 1033 1998 iuramentum

372 2031 451 2055 non
492 2024 768 2054 commemorat
804 2018 1031 2066 Herodotus,

374 2076 440 2126 qui
459 2072 498 2112 h.
519 2075 545 2110 l.
577 2086 697 2125 aeque
713 2086 756 2110 ac
785 2075 920 2126 reliqui
939 2077 1032 2112 scri-

373 2138 510 2181 ptores,
529 2131 647 2166 utitur
657 2130 772 2167 verbo
794 2127 1031 2179 δεκατεύειν,

374 2186 478 2238 quod
495 2185 805 2234 Aristidislschol.
826 2188 853 2227 l.
870 2188 895 2227 l.
912 2189 1030 2224 inter-

373 2249 543 2293 pretatur
554 2240 597 2281 τὸ
622 2241 785 2281 δέκατον
798 2241 916 2295 μέρος
936 2238 1029 2282 cive-

371 2301 456 2337 λεῖν
491 2298 657 2335 decimam
694 2302 831 2347 partem
871 2299 1028 2347 auferre.

371 2355 450 2390 Nec
467 2354 573 2390 aliter
593 2352 693 2404 apud
707 2355 870 2404 Lycurg.
884 2354 909 2390 l.
923 2356 946 2392 Ι.
959 2351 1028 2400 τοὶς

371 2405 508 2455 πόλεις
548 2410 777 2448 δεκατεῦσαι
809 2409 1026 2460 Stephanus

371 2466 430 2515 (in
451 2463 568 2505 Thes.
590 2467 634 2505 L,
666 2466 729 2501 Gr.
750 2467 765 2500 1
786 2479 873 2516 pag.
896 2469 973 2506 937
996 2481 1024 2505 s.

372 2523 483 2563 3192
504 2522 544 2558 C.
563 2520 619 2558 ed.
642 2520 779 2572 Valpy)
803 2524 913 2572 interf
928 2530 1027 2559 reta-

372 2585 432 2615 tus
453 2585 531 2614 erat
565 2575 635 2623 τοὶς
660 2580 738 2615 τῶν
761 2581 932 2616 πολιτῶν
955 2575 1026 2617 ου’-

372 2634 461 2680 σίας
482 2634 731 2678 δεκατεῦσαι,
762 2634 862 2670 unde
883 2637 920 2670 in
948 2638 1027 2671 lie-

372 2690 494 2727 rodoti
530 2691 613 2727 loco
642 2686 807 2736 τούτους
843 2691 1026 2730 δεκατεῦ-

373 2758 439 2786 σαι
477 2746 768 2784 Valckenaerius
806 2749 939 2798 accipit
975 2748 1026 2785 acl

372 2803 568 2840 solvendam
588 2804 666 2840 Deo
679 2802 844 2852 Delphico
859 2805 1025 2841 decimam

371 2859 528 2909 adigere.
585 2858 696 2906 Quod
715 2858 817 2897 idem
840 2861 889 2898 ob
916 2861 1024 2899 Stra-

1095 879 1203 915 bonis
1232 879 1361 916 locum
1394 881 1444 916 VI
1474 893 1511 930 p.
1542 877 1624 919 257
1655 893 1682 916 s.
1712 893 1750 930 p.

1095 934 1175 975 395
1189 937 1411 972 B.coll.XII
1429 950 1466 986 p.
1478 937 1558 976 572
1570 948 1598 971 s.
1621 949 1657 986 p.
1670 937 1751 975 857

1096 991 1139 1027 C.
1162 993 1276 1028 etiam
1295 993 1347 1028 sic
1368 993 1487 1043 accipi
1506 1004 1614 1042 posse
1645 998 1751 1042 putat

1096 1048 1286 1094 Creuzer.‚
1319 1049 1359 1084 iu
1379 1050 1572 1098 Fragmm.
1602 1046 1751 1084 historr.

1093 1116 1181 1154 pag.
1207 1106 1296 1149 178,
1326 1108 1366 1140 ut
1386 1106 1463 1154 ipsa
1483 1104 1656 1141 hominum
1673 1117 1751 1140 cor-

1087 1173 1179 1210 pora
1198 1160 1259 1198 deo
1278 1160 1446 1210 Delphico
1473 1160 1652 1197 destinata
1664 1159 1753 1209 fue-

1093 1218 1190 1263 rint,
1237 1215 1458 1254 hominibus
1478 1216 1559 1253 scil.
1583 1217 1753 1253 servituti

1096 1272 1254 1310 addictis
1277 1273 1325 1310 ad
1351 1286 1445 1324 opus
1471 1271 1692 1309 faciendum
1711 1273 1752 1308 in

1096 1331 1193 1379 agris
1215 1329 1286 1366 deo
1305 1332 1430 1378 sacris,
1451 1328 1751 1380 haudquaquam

1091 1392 1222 1423 tamen
1260 1385 1358 1424 hanc
1400 1387 1752 1436 interpretationem

1092 1442 1204 1480 valde
1224 1456 1380 1494 urgens.
1438 1441 1630 1494 Equidem
1664 1455 1751 1479 ma-

1092 1500 1160 1535 lim
1191 1512 1281 1536 cum
1309 1498 1481 1537 Boeckh.
1510 1499 1673 1544 (oecon.
1697 1499 1751 1534 A-

1091 1555 1197 1593 then.
1216 1557 1234 1591 I
1265 1570 1303 1607 p.
1328 1556 1431 1605 352,
1451 1557 1517 1592 ubi
1537 1556 1672 1592 similia
1692 1555 1751 1592 af-

1091 1613 1264 1648 feruntur
1284 1613 1410 1663 plura)
1433 1623 1645 1663 exponere:
1677 1611 1752 1648 ihre

1092 1669 1338 1706 Grumlstic'cke
1349 1669 1594 1719 zz‘nspfliclztv'g
1612 1681 1657 1704 zu
1669 1680 1747 1705 ma—

1091 1725 1199 1772 chen,
1239 1726 1291 1761 ita
1319 1732 1362 1761 ut
1391 1724 1582 1762 decimam
1602 1731 1749 1775 partem

1092 1794 1270 1831 agrorum
1290 1788 1494 1832 proventus
1509 1780 1580 1817 deo
1600 1781 1747 1817 solvere

1090 1838 1230 1875 suerint
1251 1839 1380 1874 coacti.
1411 1840 1519 1874 Hanc
1535 1849 1624 1874 vero
1645 1837 1749 1873 mul-

1090 1901 1190 1931 ctam
1230 1895 1276 1930 ab
1305 1893 1633 1945 Amphictyonum
1654 1906 1749 1930 con-

1090 1952 1175 1987 cilio
1197 1951 1273 1988 istis
1293 1952 1498 2001 irrogatam
1519 1950 1630 1986 fuisse
1654 1963 1749 1986 con—

1089 2008 1190 2045 iicio.
1223 2008 1330 2044 Conf.
1352 2015 1449 2044 nott.
1472 2006 1521 2044 ad
1553 2007 1633 2054 vll,
1653 2007 1748 2046 213.

1257 2109 1349 2160 Cap.
1371 2107 1583 2146 cxxxm.

1145 2184 1169 2226 ὁ
1186 2185 1371 2236 Πέρσης]
1402 2187 1488 2222 Duo
1523 2183 1634 2222 codd.
1656 2197 1745 2220 cum

1086 2242 1194 2279 Valla
1225 2242 1316 2279 dant
1353 2240 1377 2280 ό
1416 2240 1574 2291 Ξέρξης.
1633 2240 1745 2277 Conf.

1086 2299 1165 2341 Vll,
1191 2301 1284 2339 116.
1327 2300 1419 2334 Mox
1441 2297 1527 2334 dedi
1549 2292 1681 2336 αὐτῶν
1708 2303 1745 2334 et

1084 2351 1238 2393 τούτων
1259 2367 1325 2404 pro
1348 2350 1498 2393 αὐτέων
1511 2360 1547 2390 et
1561 2351 1744 2392 τουτέων.

1085 2412 1128 2446 In
1150 2424 1255 2462 seqq.
1279 2411 1319 2450 οἱ
1341 2408 1411 2460 μὲν
1433 2410 1482 2447 ad
1507 2410 1743 2457 Athenienses,

1083 2465 1185 2506 οἶδὲ
1218 2467 1265 2503 ml
1300 2466 1498 2517 Spartanos
1518 2466 1662 2513 refero,
1695 2465 1743 2502 ad

1083 2537 1177 2575 quos
1208 2531 1387 2575 utrosque
1414 2530 1556 2574 spectat
1581 2523 1741 2559 verbum

1083 2579 1274 2618 ἐκέλευον.
1335 2582 1436 2616 Haec
1449 2581 1550 2615 enim
1571 2580 1741 2625 nomina,

1084 2637 1180 2672 bene
1203 2637 1426 2673 observante
1447 2637 1493 2673 G.
1515 2638 1737 2672 Hermanno

1084 2692 1131 2729 ad
1153 2694 1279 2741 Niger.
1296 2707 1334 2742 p.
1356 2695 1435 2732 699
1467 2694 1602 2742 (quem
1633 2691 1739 2727 exci-

1083 2749 1268 2799 tavitCr.)
1291 2750 1407 2785 latent
1428 2749 1466 2784 in
1487 2746 1738 2798 praecedente

1081 2800 1252 2853 ’Λθῆναι
1293 2812 1329 2842 et
1369 2800 1547 2855 Σπάρτη.
1624 2804 1725 2840 Conf

1081 2860 1218 2900 Suidas
1237 2875 1267 2900 s.
1286 2875 1323 2900 v.
1343 2862 1465 2908 Δᾶτις
1483 2861 1501 2897 1
1527 2873 1612 2911 pag.
1630 2860 1696 2902 51.
