1897 3340
385 279 666 320 TERPS
695 280 1038 317 ICHORE.
1100 282 1145 318 V.
1326 284 1408 324 177

220 390 408 438 ,,ᾰνδράσι
433 386 694 434 μουνάρχοισι,
719 386 909 422 δικαιώσει
932 387 971 423 δὲ
991 387 1197 433 Κόρινθον.

1462 395 1545 437 420

111 464 311 519 9,,ταῦτοξ
358 455 602 513 χρησθέντα
640 460 702 512 τῷ
748 454 946 500 Ἠετίωνι
985 457 1277 513 ἐξαγγέλλεταί
1322 466 1465 511 κωςῼδ

140 532 281 585 „wion
309 523 600 581 Βακχιάδῃσι,
644 529 755 568 τοῖσι
787 525 836 568 τὸ
869 526 950 580 μὲν
987 525 1206 579 πρότερον
1235 527 1407 583 γενόμε-

138 611 248 647 ,,νον
275 591 538 650 χρηστήριον
578 592 621 644 ἐς
666 591 900 647 Κόρινθον
940 589 996 649 ἦν
1026 593 1221 651 ἄσημον,
1268 594 1408 650 φέρον

139 677 210 714 ,,τε
259 660 300 711 ἐς
343 660 504 705 τώυτὸ»
526 661 599 706 καὶ
644 661 694 705 τὸ
744 665 825 705 τοῦ
864 660 1114 715 Ἠετίωνος,
1162 662 1236 706 καὶ
1276 662 1408 719 λέγον

136 759 164 781 ,,
194 725 304 772 ὦδε·
1252 738 1256 741 “

82 808 125 842 10
237 805 392 856 „Ata-<⁸29
417 804 456 842 ἒν
479 805 632 854 πέτρῃσι
654 806 755 843 κύει·
787 806 883 850 τέξει
907 806 947 843 δὲ
971 806 1104 843 λέοντα
1420 813 1438 846 1

96 862 99 867 ’
234 863 462 909 ,,κο“ιρτερὸν,
488 863 680 910 ω’μηστήν·
705 867 852 900 πολλῶν
877 863 917 899 δ’
942 862 1019 900 ’ὑπὸ
1045 863 1214 909 γούνατα
1238 864 1352 904 λύσει.

237 920 396 965 ,,Ταῦτά
419 935 487 957 νυν
512 918 556 957 εὖ
580 922 766 968 φράζεσθε
787 924 1010 967 Κορίνθιοι,
1037 921 1075 957 οἳ
1099 922 1183 967 περὶ
1207 922 1324 968 καλήν
1416 926 1437 960 5

236 978 452 1024 ,,Πειρη’νην
477 981 609 1014 οἰκεῖτε
633 982 696 1016 καὶ
721 978 934 1025 ὀφρυόεντα
956 978 1161 1024 Κόρινθον.

17 1077 19 1079 -
76 1051 302 1100 11,,Τοῦτο
333 1049 412 1103 μὲν
443 1048 518 1104 δὴ
526 1054 636 1098 τοῖσι
668 1048 958 1106 Βακχιάδησι,
986 1048 1202 1103 πρότερον
1229 1049 1428 1106 γενόμε-
1463 1061 1632 1122 Hisnatsss
1619 1095 1707 1136 Scy.

131 1131 262 1167 „va‚
293 1110 350 1172 ἦν
378 1115 669 1173 αῖδκμαρτθν·
700 1117 796 1162 ‘cdvii
826 1119 897 1171 δε,
928 1134 978 1161 ‘CO
1006 1115 1201 1161 ’[’Ῑδτίωνι
1223 1134 1403 1175 γδνΟμδ-
1462 1129 1542 1192 ξῖὲιῖὲῑ
1543 1130 1742 1192 ’Βνὶωώῗὲιῗὲ

74 1301 170 1339 min.
201 1303 313 1353 [cap.
335 1300 418 1351 43]
462 1315 552 1353 pag.
580 1305 663 1345 780
693 1303 738 1342 C.

75 1355 294 1410 μούναρχοι
315 1372 382 1396 cur
413 1359 657 1397 Bacchiadae
677 1359 738 1398 di-

74 1422 232 1464 cantur,
262 1429 376 1467 supra
395 1418 633 1458 monuimus.

131 1495 216 1534 δικ
231 1510 255 1533 α
272 1510 285 1533 ι
299 1491 330 1534 ω’
344 1507 417 1534 σει
440 1493 484 1535 δὲ
501 1491 734 1547 Κόρινθον]

72 1552 98 1588 i.
121 1565 154 1588 e.
186 1552 382 1600 castigabit
415 1551 639 1600 Corinthum,
667 1567 737 1603 pu-

71 1610 156 1645 niet.
214 1607 300 1646 Vid.
339 1614 436 1645 nott.
471 1608 521 1646 ad
560 1611 627 1658 ΠΙ,
665 1613 734 1651 29.

71 1665 200 1717 Atque
222 1677 266 1701 eo
287 1672 443 1715 spectat,
467 1666 600 1718 quod'
591 1680 630 1703 111
641 1680 735 1717 Ριο-

70 1723 177 1759 ximo
201 1722 354 1759 oraculo
376 1724 588 1760 invenitur:
636 1726 735 1763 πο)-

69 1773 202 1818 λῶνδ’
224 1775 304 1818 ’ὑπὸ
323 1774 498 1831 γούνατα
525 1776 649 1819 λύσει.
678 1802 734 1808 ——

17 1833 30 1846 ²
69 1837 114 1872 In
111 1837 242 1905 seqq.
263 1835 312 1872 ad
331 1837 448 1873 verba
484 1835 610 1890 φέρον
630 1851 671 1876 τε
695 1835 734 1884 ἐς

69 1889 210 1941 τώυτό,
240 1892 343 1930 conf.
371 1894 438 1941 ΠΙ,
463 1895 556 1934 133.

126 1979 305 2030 Αἶετος’
288 1998 330 2023 εν
350 1981 515 2037 πέτρῃσι
530 1978 639 2022 κύει·
674 1981 735 2021 τέ-

71 2039 128 2087 ξει
146 2037 189 2079 δὲ
207 2038 347 2079 λέοντα
365 2056 398 2079 κ.
419 2056 452 2079 τ.
475 2041 527 2089 λ.]
566 2042 617 2076 Ut
628 2042 730 2090 aqui-

71 2096 146 2145 lae,
180 2097 232 2134 ita
253 2097 360 2134 leonis
385 2099 530 2134 mentio
551 2097 731 2149 frequens

69 2154 110 2189 in
121 2155 291 2202 oraculis,
313 2161 355 2191 ut
375 2155 473 2191 bene
486 2156 643 2202 notavit,
658 2152 733 2191 hoc

69 2210 154 2248 loco
165 2212 290 2259 allato,
299 2210 470 2252 Lobeck.
491 2213 531 2248 in
539 2209 733 2262 Aglaoph.

70 2279 158 2318 pag.
191 2269 284 2308 967.
342 2270 400 2305 De
429 2269 522 2306 leone
549 2268 638 2306 add.
659 2281 734 2305 no-

71 2330 152 2361 ῒθΐῒ·
174 2323 223 2361 ad
242 2326 271 2372 Ῑ,
301 2323 367 2366 84.
425 2326 557 2362 Verbis
587 2324 630 2365 ἐν
660 2323 751 2364 πὲ-’

71 2393 186 2435 τρῃσι
217 2380 396 2419 alluditur
427 2382 476 2419 ad
507 2382 651 2419 Petram
671 2382 732 2419 vi-

73 2449 184 2485 cum,
212 2437 316 2475 unde
337 2439 461 2476 Aetion
494 2440 567 2476 fuit
597 2440 731 2476 oriun-

75 2491 166 2541 dus3
195 2497 261 2547 qui
281 2496 361 2546 ipse
384 2495 488 2548 quod
513 2493 639 2542 αἰετὸς
657 2509 731 2533 vo·-

75 2556 215 2598 caturs
235 2550 309 2588 hoc
343 2551 391 2589 ad
421 2553 537 2603 ipsius
564 2554 730 2590 nominis

75 2612 249 2656 etymon,
289 2607 336 2645 de
372 2622 448 2661 quo
478 2609 598 2656 infra,
629 2610 731 2646 refe-

73 2661 249 2700 rendtun.
303 2665 484 2702 Eundem
512 2673 624 2704 vocat
644 2679 732 2702 ora-—

74 2718 206 2755 culum
233 2707 431 2774 οἶμηστήν,
452 2724 477 2760 i.
500 2736 533 2759 e.
566 2725 731 2760 carnivo-

74 2787 174 2822 rum3
197 2788 271 2826 qua
291 2790 385 2814 voce
406 2780 521 2816 robur
541 2792 584 2816 ac
604 2779 741 2815 feritas-

77 2831 194 2868 leouis
217 2831 417 2872 indicatur.
476 2835 576 2881 Quin
606 2837 732 2886 ipsum

76 2886 275 2925 Bacchum
289 2897 469 2928 vocatum
487 2892 600 2930 fuisse
623 2889 732 2942 ω’μη-

137 2947 361 2982 HERODOT.
391 2948 459 2984 ΙΙΙ.

796 1300 908 1354 στῆν,
948 1303 1035 1340 satis
1064 1309 1226 1340 constat.
1286 1303 1352 1340 Tu
1381 1302 1462 1342 vid.

795 1361 973 1398 creuzer.
995 1358 1172 1411 ¹Symbol.
1193 1361 1248 1395 III
1274 1373 1314 1410 p.
1336 1361 1432 1401 334.

851 1419 1010 1457 πολλῶν
1033 1412 1065 1455 δ’
1084 1414 1163 1456 ’ὑπὸ
1187 1412 1366 1468 γούνατα
1387 1413 1461 1456 λύ-

796 1475 881 1522 σει]
914 1475 939 1511 i.
962 1487 994 1509 e.
1017 1473 1143 1510 multos
1158 1477 1375 1522 prosternet,
1405 1488 1462 1511 oc—

794 1531 899 1567 cidet.
957 1531 1016 1565 De
1038 1529 1113 1582 qiu}
1134 1530 1348 1577 locutione,
1376 1532 1462 1568 Ho-

791 1599 900 1631 mero
920 1586 1173 1638 frequentata,
1186 1586 1264 1624 vid.
1276 1586 1382 1633 Iliad,
1396 1589 1461 1636 IV,

796 1646 887 1684 176.
908 1646 978 1691 ΙΧ,
1000 1644 1096 1685 578.
1119 1645 1222 1691 XIII,
1248 1646 1343 1684 360.
1362 1643 1461 1686 412.

790 1701 876 1748 XV,
897 1703 992 1741 291.
1014 1702 1116 1749 XVI,
1140 1700 1234 1747 495,
1257 1701 1358 1737 alibi.
1409 1702 1462 1739 Et

792 1757 926 1794 confer
962 1759 1090 1808 ipsum
1119 1756 1363 1794 Herodotum
1393 1759 1460 1807 VI,

791 1816 870 1854 27:
905 1813 944 1860 ἐς
973 1810 1069 1866 γόνυ
1089 1811 1163 1865 τήν
1194 1810 1310 1853 πόλιν
1332 1813 1459 1865 ἔβαλε,

790 1871 858 1907 ubi
879 1870 956 1910 vid.
978 1878 1074 1908 nott.
1101 1870 1163 1908 Ad
1186 1871 1355 1907 eundem
1374 1873 1461 1908 Ho—

790 1941 944 1963 merum
986 1929 1152 1979 pertinet
1191 1928 1362 1964 locutio:
1415 1922 1462 1967 εὖ

791 1980 994 2036 φράζεσθε
1057 1984 1168 2033 (bene
1207 1984 1293 2022 haec
1331 1986 1461 2022 animis

789 2045 936 2088 versate,
961 2036 1172 2091 dz'spicitoJ}
1203 2042 1305 2078 conf.
1323 2040 1460 2092 Odyss-

790 2100 820 2145 Ι,
852 2100 950 2139 269.
987 2097 1083 2139 294.
1122 2098 1167 2145 V,
1212 2101 1306 2140 188.
1350 2099 1460 2148 XIX,

792 2154 887 2195 501.
908 2154 1092 2195 Herodot,
1121 2156 1187 2203 ΠΙ,
1210 2154 1278 2196 57.

849 2210 918 2250 καὶ
947 2207 1179 2262 ὀφρυόεντα
1223 2208 1456 2261 Κόρινθον]

789 2268 816 2304 i.
842 2282 876 2306 e.
905 2268 1190 2319 superciliosam,
1221 2269 1353 2306 editam
1388 2269 1456 2306 Co-

789 2324 958 2362 rinthum.
1036 2325 1201 2362 Indicari
1249 2326 1456 2364 Acrocorin-

790 2382 889 2419 thum
908 2396 937 2419 s.
960 2381 1131 2419 Corinthi
1143 2396 1282 2430 arcem,
1304 2383 1370 2419 ubi
1387 2384 1456 2419 Pi-

787 2452 897 2476 renes
917 2440 1002 2476 fons
1017 2469 1026 2486 ,
1058 2447 1159 2476 reete
1180 2447 1314 2476 mouet
1334 2441 1456 2477 VVes-

786 2497 920 2546 seling.
934 2527 943 2542 ‚
967 2498 1085 2534 citans
1108 2497 1288 2534 Strabon.
1307 2497 1395 2534 VIII
1416 2510 1455 2547 p.

787 2556 870 2594 382
907 2554 954 2589 Β.
1001 2567 1030 2590 s.
1062 2553 1157 2602 586,
1208 2555 1275 2605 qui
1318 2566 1456 2591 vocem
1526 2550 1530 2555 '

788 2605 1010 2660 ὀφρυόεντα
1045 2609 1094 2646 ad
1136 2623 1311 2661 asperum
1346 2617 1456 2661 atque

787 2667 989 2719 obliquum
1018 2673 1141 2704 terrae
1169 2668 1294 2704 solum
1314 2667 1454 2703 retulit.

843 2831 927 2874 τότε
947 2833 1004 2886 δὲ,
1023 2832 1077 2874 τό
1097 2830 1275 2874 Ἠετίωνι
1293 2829 1454 2885 γενόμε-

788 2891 891 2939 νον]
935 2893 1016 2942 .P¹'⁰
1048 2887 1093 2930 το“
1122 2892 1216 2927 olim
1247 2893 1317 2942 τῷ,
1349 2887 1452 2925 unde

1126 2948 1177 2986 12
