<?xml version="1.0" encoding="UTF-8"?>
<!DOCTYPE html PUBLIC "-//W3C//DTD XHTML 1.0 Transitional//EN"
    "http://www.w3.org/TR/xhtml1/DTD/xhtml1-transitional.dtd">
<html xmlns="http://www.w3.org/1999/xhtml" xml:lang="en" lang="en">
 <head>
  <title>
</title>
<meta http-equiv="Content-Type" content="text/html;charset=utf-8" />
  <meta name='ocr-system' content='tesseract 3.04.00' />
  <meta name='ocr-capabilities' content='ocr_page ocr_carea ocr_par ocr_line ocrx_word'/>
</head>
<body>
  <div class='ocr_page' id='page_1' title='image "./musaeher03hero/musaeher03hero_0131.png"; bbox 0 0 1897 3340; ppageno 0'>
   <div class='ocr_carea' id='block_1_1' title="bbox 451 178 1460 235">
    <p class='ocr_par' dir='ltr' id='par_1_1' title="bbox 451 178 1460 235">
     <span class='ocr_line' id='line_1_1' title="bbox 451 178 1460 235; baseline 0.001 -18"><span class='ocrx_word' id='word_1_1' title='bbox 451 178 1108 217; x_wconf 73' lang='lat' dir='ltr'>TERPSICHORE.</span> <span class='ocrx_word' id='word_1_2' title='bbox 1171 178 1212 212; x_wconf 90' lang='lat' dir='ltr'><strong>V.</strong></span> <span class='ocrx_word' id='word_1_3' title='bbox 1316 179 1460 235; x_wconf 21' lang='lat'><strong>*119</strong></span> 
     </span>
    </p>
   </div>
   <div class='ocr_carea' id='block_1_2' title="bbox 172 284 1518 887">
    <p class='ocr_par' dir='ltr' id='par_1_2' title="bbox 172 284 1518 887">
     <span class='ocr_line' id='line_1_2' title="bbox 203 284 1517 340; baseline -0.004 -10"><span class='ocrx_word' id='word_1_4' title='bbox 203 301 302 340; x_wconf 84' lang='grc' dir='ltr'><em>στος</em></span> <span class='ocrx_word' id='word_1_5' title='bbox 325 287 622 338; x_wconf 73' lang='grc' dir='ltr'><em>ἀπαλλάξεται.</em></span> <span class='ocrx_word' id='word_1_6' title='bbox 667 284 725 334; x_wconf 77' lang='grc' dir='ltr'><strong>ὡς</strong></span> <span class='ocrx_word' id='word_1_7' title='bbox 748 285 793 328; x_wconf 84' lang='grc' dir='ltr'><strong>δέ</strong></span> <span class='ocrx_word' id='word_1_8' title='bbox 825 287 867 327; x_wconf 78' lang='grc' dir='ltr'><strong>οἱ</strong></span> <span class='ocrx_word' id='word_1_9' title='bbox 892 285 1148 338; x_wconf 71' lang='grc' dir='ltr'><strong><em>ἐξευρῆσθαι</em></strong></span> <span class='ocrx_word' id='word_1_10' title='bbox 1179 284 1332 336; x_wconf 80' lang='grc' dir='ltr'><em>ἐδόκεε,</em></span> <span class='ocrx_word' id='word_1_11' title='bbox 1363 285 1459 340; x_wconf 84' lang='grc' dir='ltr'><em>πέμ-</em></span> <span class='ocrx_word' id='word_1_12' title='bbox 1474 295 1517 327; x_wconf 87' lang='grc'><strong>50</strong></span> 
     </span>
     <span class='ocr_line' id='line_1_3' title="bbox 202 351 1462 411; baseline -0.005 -12"><span class='ocrx_word' id='word_1_13' title='bbox 202 365 287 406; x_wconf 58' lang='grc' dir='ltr'><em>τινας</em></span> <span class='ocrx_word' id='word_1_14' title='bbox 316 357 357 407; x_wconf 82' lang='grc' dir='ltr'><strong>ἐς</strong></span> <span class='ocrx_word' id='word_1_15' title='bbox 390 355 536 411; x_wconf 83' lang='grc' dir='ltr'><em>Θήβας</em></span> <span class='ocrx_word' id='word_1_16' title='bbox 570 353 645 403; x_wconf 86' lang='grc' dir='ltr'><strong>τὰς</strong></span> <span class='ocrx_word' id='word_1_17' title='bbox 676 355 910 404; x_wconf 83' lang='grc' dir='ltr'><em>Βοιωτίας,</em></span> <span class='ocrx_word' id='word_1_18' title='bbox 952 352 1035 407; x_wconf 78' lang='grc' dir='ltr'><strong>ἔφη</strong></span> <span class='ocrx_word' id='word_1_19' title='bbox 1073 351 1218 393; x_wconf 78' lang='grc' dir='ltr'><em>θέλειν</em></span> <span class='ocrx_word' id='word_1_20' title='bbox 1258 352 1462 406; x_wconf 80' lang='grc' dir='ltr'><em>ἐπαγαγέ-</em></span> 
     </span>
     <span class='ocr_line' id='line_1_4' title="bbox 202 419 1463 474; baseline -0.006 -6"><span class='ocrx_word' id='word_1_21' title='bbox 202 430 308 468; x_wconf 79' lang='grc' dir='ltr'><em>σθαι</em></span> <span class='ocrx_word' id='word_1_22' title='bbox 339 421 627 465; x_wconf 74' lang='grc' dir='ltr'><em>Μελάνιππον</em></span> <span class='ocrx_word' id='word_1_23' title='bbox 649 421 727 463; x_wconf 86' lang='grc' dir='ltr'><strong>τὸν</strong></span> <span class='ocrx_word' id='word_1_24' title='bbox 752 419 983 463; x_wconf 78' lang='grc' dir='ltr'><em>Ἀστακοῦ·</em></span> <span class='ocrx_word' id='word_1_25' title='bbox 1016 421 1060 462; x_wconf 83' lang='grc' dir='ltr'><strong>οἱ</strong></span> <span class='ocrx_word' id='word_1_26' title='bbox 1090 419 1135 462; x_wconf 74' lang='grc' dir='ltr'><strong>δὲ</strong></span> <span class='ocrx_word' id='word_1_27' title='bbox 1157 421 1343 474; x_wconf 86' lang='grc' dir='ltr'><em>Θηβαῖοι</em></span> <span class='ocrx_word' id='word_1_28' title='bbox 1374 419 1463 462; x_wconf 78' lang='grc' dir='ltr'><strong>ἔδο-</strong></span> 
     </span>
     <span class='ocr_line' id='line_1_5' title="bbox 173 486 1461 544; baseline -0.005 -9"><span class='ocrx_word' id='word_1_29' title='bbox 173 502 296 535; x_wconf 84' lang='grc' dir='ltr'><em>5σαν.</em></span> <span class='ocrx_word' id='word_1_30' title='bbox 340 489 662 544; x_wconf 81' lang='grc' dir='ltr'><strong><em>ἐπαγαγόμενος</em></strong></span> <span class='ocrx_word' id='word_1_31' title='bbox 692 488 738 531; x_wconf 76' lang='grc' dir='ltr'><strong>δὲ</strong></span> <span class='ocrx_word' id='word_1_32' title='bbox 769 488 792 531; x_wconf 86' lang='grc' dir='ltr'>ὁ</span> <span class='ocrx_word' id='word_1_33' title='bbox 823 489 1090 543; x_wconf 78' lang='grc' dir='ltr'><em>Κλεισθένης</em></span> <span class='ocrx_word' id='word_1_34' title='bbox 1132 488 1210 530; x_wconf 85' lang='grc' dir='ltr'><strong>τόν</strong></span> <span class='ocrx_word' id='word_1_35' title='bbox 1239 486 1461 529; x_wconf 84' lang='grc' dir='ltr'><em>Μελάνιπ-</em></span> 
     </span>
     <span class='ocr_line' id='line_1_6' title="bbox 200 553 1518 612; baseline -0.005 -9"><span class='ocrx_word' id='word_1_36' title='bbox 200 575 302 605; x_wconf 83' lang='grc' dir='ltr'><em>πον,</em></span> <span class='ocrx_word' id='word_1_37' title='bbox 344 557 520 612; x_wconf 84' lang='grc' dir='ltr'><em>τέμενός</em></span> <span class='ocrx_word' id='word_1_38' title='bbox 544 558 605 608; x_wconf 37' lang='grc' dir='ltr'><strong>,οἱ</strong></span> <span class='ocrx_word' id='word_1_39' title='bbox 644 554 817 607; x_wconf 81' lang='grc' dir='ltr'><em>ἀπέδεξε</em></span> <span class='ocrx_word' id='word_1_40' title='bbox 859 557 905 599; x_wconf 80' lang='grc' dir='ltr'><em>ἐν</em></span> <span class='ocrx_word' id='word_1_41' title='bbox 944 553 1062 611; x_wconf 80' lang='grc' dir='ltr'><em>αὐτῷ</em></span> <span class='ocrx_word' id='word_1_42' title='bbox 1093 559 1154 612; x_wconf 78' lang='grc' dir='ltr'><strong>τῷ</strong></span> <span class='ocrx_word' id='word_1_43' title='bbox 1194 557 1518 611; x_wconf 79' lang='grc' dir='ltr'><em>πρυτανηΐῳ,55</em></span> 
     </span>
     <span class='ocr_line' id='line_1_7' title="bbox 172 622 1461 681; baseline -0.001 -15"><span class='ocrx_word' id='word_1_44' title='bbox 172 628 276 669; x_wconf 84' lang='grc' dir='ltr'><em>6καί</em></span> <span class='ocrx_word' id='word_1_45' title='bbox 302 643 379 681; x_wconf 86' lang='grc' dir='ltr'><em>μιν</em></span> <span class='ocrx_word' id='word_1_46' title='bbox 408 627 558 677; x_wconf 79' lang='grc' dir='ltr'><em>ἵδρυσε</em></span> <span class='ocrx_word' id='word_1_47' title='bbox 589 625 783 667; x_wconf 81' lang='grc' dir='ltr'><em>ἐνθαῦτα</em></span> <span class='ocrx_word' id='word_1_48' title='bbox 813 624 859 667; x_wconf 84' lang='grc' dir='ltr'><em>ἐν</em></span> <span class='ocrx_word' id='word_1_49' title='bbox 889 628 950 681; x_wconf 77' lang='grc' dir='ltr'><strong>τῷ</strong></span> <span class='ocrx_word' id='word_1_50' title='bbox 979 623 1259 680; x_wconf 79' lang='grc' dir='ltr'><em>ἰσχυροτάτῳ.</em></span> <span class='ocrx_word' id='word_1_51' title='bbox 1308 622 1461 677; x_wconf 78' lang='grc' dir='ltr'><em>ἐπηγά-</em></span> 
     </span>
     <span class='ocr_line' id='line_1_8' title="bbox 197 690 1461 748; baseline -0.002 -12"><span class='ocrx_word' id='word_1_52' title='bbox 197 709 294 748; x_wconf 80' lang='grc' dir='ltr'><em>γετο</em></span> <span class='ocrx_word' id='word_1_53' title='bbox 336 693 381 736; x_wconf 80' lang='grc' dir='ltr'><strong>δὲ</strong></span> <span class='ocrx_word' id='word_1_54' title='bbox 426 693 503 736; x_wconf 85' lang='grc' dir='ltr'><strong>τὸν</strong></span> <span class='ocrx_word' id='word_1_55' title='bbox 541 691 831 735; x_wconf 82' lang='grc' dir='ltr'><em>Μελάνιππον</em></span> <span class='ocrx_word' id='word_1_56' title='bbox 870 691 893 735; x_wconf 87' lang='grc' dir='ltr'>ὁ</span> <span class='ocrx_word' id='word_1_57' title='bbox 934 692 1221 746; x_wconf 80' lang='grc' dir='ltr'><em>Κλεισθένης,</em></span> <span class='ocrx_word' id='word_1_58' title='bbox 1267 692 1340 734; x_wconf 81' lang='grc' dir='ltr'><strong>καὶ</strong></span> <span class='ocrx_word' id='word_1_59' title='bbox 1377 690 1461 746; x_wconf 77' lang='grc' dir='ltr'><strong>γὰρ</strong></span> 
     </span>
     <span class='ocr_line' id='line_1_9' title="bbox 199 757 1460 816; baseline -0.003 -12"><span class='ocrx_word' id='word_1_60' title='bbox 199 764 327 804; x_wconf 85' lang='grc' dir='ltr'><em>τοῦτο</em></span> <span class='ocrx_word' id='word_1_61' title='bbox 359 763 426 803; x_wconf 85' lang='grc' dir='ltr'><em>δεῖ</em></span> <span class='ocrx_word' id='word_1_62' title='bbox 452 758 782 816; x_wconf 76' lang='grc' dir='ltr'><em>ἀπηγήσασθαι,</em></span> <span class='ocrx_word' id='word_1_63' title='bbox 826 757 885 809; x_wconf 78' lang='grc' dir='ltr'><strong>ὠς</strong></span> <span class='ocrx_word' id='word_1_64' title='bbox 915 759 1117 814; x_wconf 76' lang='grc' dir='ltr'><em>ἔχθιστον</em></span> <span class='ocrx_word' id='word_1_65' title='bbox 1154 757 1282 802; x_wconf 80' lang='grc' dir='ltr'><em>ἐόντα</em></span> <span class='ocrx_word' id='word_1_66' title='bbox 1308 757 1460 813; x_wconf 81' lang='grc' dir='ltr'><em>Ἀὸρή-</em></span> 
     </span>
     <span class='ocr_line' id='line_1_10' title="bbox 198 824 1462 887; baseline -0.002 -16"><span class='ocrx_word' id='word_1_67' title='bbox 198 839 309 887; x_wconf 81' lang='grc' dir='ltr'><em>στῳ·</em></span> <span class='ocrx_word' id='word_1_68' title='bbox 349 828 399 879; x_wconf 77' lang='grc' dir='ltr'><strong>ὅς</strong></span> <span class='ocrx_word' id='word_1_69' title='bbox 442 827 521 871; x_wconf 88' lang='grc' dir='ltr'><strong>τόν</strong></span> <span class='ocrx_word' id='word_1_70' title='bbox 557 844 600 869; x_wconf 89' lang='grc' dir='ltr'><strong>τε</strong></span> <span class='ocrx_word' id='word_1_71' title='bbox 631 826 848 881; x_wconf 74' lang='grc' dir='ltr'><em>ἀδελφεόν</em></span> <span class='ocrx_word' id='word_1_72' title='bbox 888 829 932 869; x_wconf 83' lang='grc' dir='ltr'><strong>οἷ</strong></span> <span class='ocrx_word' id='word_1_73' title='bbox 961 824 1187 882; x_wconf 80' lang='grc' dir='ltr'><em>Μηκιστέα</em></span> <span class='ocrx_word' id='word_1_74' title='bbox 1215 824 1462 873; x_wconf 74' lang='grc' dir='ltr'><em>ἀπεκτόνεε,</em></span> 
     </span>
    </p>
   </div>
   <div class='ocr_carea' id='block_1_3' title="bbox 170 895 802 952">
    <p class='ocr_par' dir='ltr' id='par_1_3' title="bbox 170 895 802 952">
     <span class='ocr_line' id='line_1_11' title="bbox 170 895 802 952; baseline -0.005 -12"><span class='ocrx_word' id='word_1_75' title='bbox 170 897 275 940; x_wconf 87' lang='grc' dir='ltr'><em>7καὶ</em></span> <span class='ocrx_word' id='word_1_76' title='bbox 304 897 382 939; x_wconf 80' lang='grc' dir='ltr'><strong>τόν</strong></span> <span class='ocrx_word' id='word_1_77' title='bbox 410 895 615 952; x_wconf 78' lang='grc' dir='ltr'><em>γαμβρόν</em></span> <span class='ocrx_word' id='word_1_78' title='bbox 650 895 802 938; x_wconf 81' lang='grc' dir='ltr'><em>Τυδέα.</em></span> 
     </span>
    </p>
   </div>
   <div class='ocr_carea' id='block_1_4' title="bbox 136 1090 801 2838">
    <p class='ocr_par' dir='ltr' id='par_1_4' title="bbox 136 1090 801 2838">
     <span class='ocr_line' id='line_1_12' title="bbox 141 1090 799 1128; baseline -0.003 0"><span class='ocrx_word' id='word_1_79' title='bbox 141 1090 442 1128; x_wconf 81' lang='lat' dir='ltr'><strong>crudelissimum</strong></span> <span class='ocrx_word' id='word_1_80' title='bbox 474 1090 547 1128; x_wconf 87' lang='lat' dir='ltr'><strong>dici</strong></span> <span class='ocrx_word' id='word_1_81' title='bbox 585 1091 799 1128; x_wconf 85' lang='lat' dir='ltr'><strong>invenimus</strong></span> 
     </span>
     <span class='ocr_line' id='line_1_13' title="bbox 139 1145 798 1198; baseline 0 -12"><span class='ocrx_word' id='word_1_82' title='bbox 139 1145 210 1187; x_wconf 78' lang='grc' dir='ltr'><strong>τόν</strong></span> <span class='ocrx_word' id='word_1_83' title='bbox 260 1147 554 1197; x_wconf 83' lang='grc' dir='ltr'><em>Κασσανδρέων</em></span> <span class='ocrx_word' id='word_1_84' title='bbox 591 1148 798 1198; x_wconf 81' lang='grc' dir='ltr'><em>λευστῆρα.</em></span> 
     </span>
     <span class='ocr_line' id='line_1_14' title="bbox 138 1204 801 1241; baseline -0.005 0"><span class='ocrx_word' id='word_1_85' title='bbox 138 1206 256 1241; x_wconf 80' lang='lat' dir='ltr'><strong>Recte</strong></span> <span class='ocrx_word' id='word_1_86' title='bbox 277 1212 406 1241; x_wconf 83' lang='lat' dir='ltr'><strong>autem</strong></span> <span class='ocrx_word' id='word_1_87' title='bbox 424 1204 574 1241; x_wconf 81' lang='lat' dir='ltr'><strong>videtur</strong></span> <span class='ocrx_word' id='word_1_88' title='bbox 594 1204 801 1241; x_wconf 80' lang='lat' dir='ltr'><strong>admonere</strong></span> 
     </span>
     <span class='ocr_line' id='line_1_15' title="bbox 139 1260 801 1300; baseline -0.005 -3"><span class='ocrx_word' id='word_1_89' title='bbox 139 1260 414 1298; x_wconf 85' lang='lat' dir='ltr'><strong>Wachsmuth.</strong></span> <span class='ocrx_word' id='word_1_90' title='bbox 465 1262 616 1300; x_wconf 80' lang='lat' dir='ltr'><strong>Hellen,</strong></span> <span class='ocrx_word' id='word_1_91' title='bbox 672 1261 801 1296; x_wconf 77' lang='lat' dir='ltr'><strong>Alter-</strong></span> 
     </span>
     <span class='ocr_line' id='line_1_16' title="bbox 140 1315 800 1368; baseline -0.005 -14"><span class='ocrx_word' id='word_1_92' title='bbox 140 1316 310 1355; x_wconf 84' lang='lat' dir='ltr'><strong>thumsk.</strong></span> <span class='ocrx_word' id='word_1_93' title='bbox 332 1319 379 1362; x_wconf 77' lang='grc' dir='ltr'><strong>ΙΙ,</strong></span> <span class='ocrx_word' id='word_1_94' title='bbox 404 1320 421 1356; x_wconf 87' lang='grc'><strong>1</strong></span> <span class='ocrx_word' id='word_1_95' title='bbox 448 1330 535 1368; x_wconf 83' lang='lat' dir='ltr'><strong>pag.</strong></span> <span class='ocrx_word' id='word_1_96' title='bbox 549 1317 630 1357; x_wconf 79' lang='lat'><strong>437</strong></span> <span class='ocrx_word' id='word_1_97' title='bbox 653 1315 800 1367; x_wconf 78' lang='lat' dir='ltr'><strong>lapida-</strong></span> 
     </span>
     <span class='ocr_line' id='line_1_17' title="bbox 140 1372 800 1425; baseline -0.002 -15"><span class='ocrx_word' id='word_1_98' title='bbox 140 1376 252 1411; x_wconf 85' lang='lat' dir='ltr'>tionis</span> <span class='ocrx_word' id='word_1_99' title='bbox 272 1375 499 1425; x_wconf 83' lang='lat' dir='ltr'><strong>supplicium</strong></span> <span class='ocrx_word' id='word_1_100' title='bbox 526 1372 695 1424; x_wconf 78' lang='lat' dir='ltr'><strong>mythica</strong></span> <span class='ocrx_word' id='word_1_101' title='bbox 727 1385 800 1423; x_wconf 90' lang='lat' dir='ltr'><strong>po-</strong></span> 
     </span>
     <span class='ocr_line' id='line_1_18' title="bbox 140 1429 800 1482; baseline -0.003 -15"><span class='ocrx_word' id='word_1_102' title='bbox 140 1432 326 1467; x_wconf 84' lang='lat' dir='ltr'><strong>tissimum</strong></span> <span class='ocrx_word' id='word_1_103' title='bbox 347 1438 460 1482; x_wconf 81' lang='lat' dir='ltr'><strong>atque</strong></span> <span class='ocrx_word' id='word_1_104' title='bbox 488 1429 661 1476; x_wconf 81' lang='lat' dir='ltr'><strong>heroica,</strong></span> <span class='ocrx_word' id='word_1_105' title='bbox 701 1442 800 1480; x_wconf 82' lang='lat' dir='ltr'><strong>quae</strong></span> 
     </span>
     <span class='ocr_line' id='line_1_19' title="bbox 139 1487 800 1537; baseline -0.003 -13"><span class='ocrx_word' id='word_1_106' title='bbox 139 1489 255 1537; x_wconf 85' lang='lat' dir='ltr'>vulgo</span> <span class='ocrx_word' id='word_1_107' title='bbox 265 1487 401 1523; x_wconf 86' lang='lat' dir='ltr'><strong>dicitur</strong></span> <span class='ocrx_word' id='word_1_108' title='bbox 420 1493 554 1534; x_wconf 80' lang='lat' dir='ltr'><strong>aetate,</strong></span> <span class='ocrx_word' id='word_1_109' title='bbox 574 1487 741 1536; x_wconf 81' lang='lat' dir='ltr'><strong>reperiri,</strong></span> <span class='ocrx_word' id='word_1_110' title='bbox 764 1492 800 1522; x_wconf 74' lang='lat' dir='ltr'><strong>et</strong></span> 
     </span>
     <span class='ocr_line' id='line_1_20' title="bbox 139 1541 800 1594; baseline -0.003 -15"><span class='ocrx_word' id='word_1_111' title='bbox 139 1545 177 1580; x_wconf 87' lang='lat' dir='ltr'><strong>in</strong></span> <span class='ocrx_word' id='word_1_112' title='bbox 199 1544 424 1594; x_wconf 81' lang='lat' dir='ltr'><strong>gravissimis</strong></span> <span class='ocrx_word' id='word_1_113' title='bbox 446 1550 559 1594; x_wconf 82' lang='lat' dir='ltr'><strong>atque</strong></span> <span class='ocrx_word' id='word_1_114' title='bbox 584 1541 800 1579; x_wconf 83' lang='lat' dir='ltr'><strong>crudelissi—</strong></span> 
     </span>
     <span class='ocr_line' id='line_1_21' title="bbox 137 1599 799 1652; baseline -0.003 -16"><span class='ocrx_word' id='word_1_115' title='bbox 137 1601 229 1648; x_wconf 87' lang='lat' dir='ltr'>mis,</span> <span class='ocrx_word' id='word_1_116' title='bbox 263 1601 400 1652; x_wconf 85' lang='lat' dir='ltr'><strong>quibus</strong></span> <span class='ocrx_word' id='word_1_117' title='bbox 420 1600 689 1650; x_wconf 83' lang='lat' dir='ltr'>improbissimi</span> <span class='ocrx_word' id='word_1_118' title='bbox 710 1599 799 1650; x_wconf 83' lang='lat' dir='ltr'><strong>qui-</strong></span> 
     </span>
     <span class='ocr_line' id='line_1_22' title="bbox 137 1656 796 1709; baseline -0.003 -16"><span class='ocrx_word' id='word_1_119' title='bbox 137 1670 213 1709; x_wconf 87' lang='lat' dir='ltr'><strong>que</strong></span> <span class='ocrx_word' id='word_1_120' title='bbox 234 1670 276 1693; x_wconf 84' lang='lat' dir='ltr'><strong>ae</strong></span> <span class='ocrx_word' id='word_1_121' title='bbox 301 1658 522 1708; x_wconf 83' lang='lat' dir='ltr'><strong>nequissimi</strong></span> <span class='ocrx_word' id='word_1_122' title='bbox 545 1656 796 1702; x_wconf 77' lang='lat' dir='ltr'><strong>afficerentur,</strong></span> 
     </span>
     <span class='ocr_line' id='line_1_23' title="bbox 137 1713 798 1765; baseline -0.002 -16"><span class='ocrx_word' id='word_1_123' title='bbox 137 1715 304 1750; x_wconf 83' lang='lat' dir='ltr'><strong>censeri:</strong></span> <span class='ocrx_word' id='word_1_124' title='bbox 329 1713 368 1750; x_wconf 84' lang='lat' dir='ltr'><strong>id</strong></span> <span class='ocrx_word' id='word_1_125' title='bbox 390 1713 494 1765; x_wconf 84' lang='lat' dir='ltr'>quod</span> <span class='ocrx_word' id='word_1_126' title='bbox 508 1714 638 1749; x_wconf 88' lang='lat' dir='ltr'><strong>multis</strong></span> <span class='ocrx_word' id='word_1_127' title='bbox 655 1713 798 1749; x_wconf 81' lang='lat' dir='ltr'><strong>intelli-</strong></span> 
     </span>
     <span class='ocr_line' id='line_1_24' title="bbox 136 1770 797 1821; baseline -0.003 -15"><span class='ocrx_word' id='word_1_128' title='bbox 136 1772 238 1821; x_wconf 81' lang='lat' dir='ltr'>gitur</span> <span class='ocrx_word' id='word_1_129' title='bbox 258 1783 302 1807; x_wconf 81' lang='lat' dir='ltr'><strong>ac</strong></span> <span class='ocrx_word' id='word_1_130' title='bbox 337 1771 519 1821; x_wconf 83' lang='lat' dir='ltr'><strong>probatur</strong></span> <span class='ocrx_word' id='word_1_131' title='bbox 551 1770 735 1820; x_wconf 83' lang='lat' dir='ltr'><strong>exemplis</strong></span> <span class='ocrx_word' id='word_1_132' title='bbox 777 1782 797 1804; x_wconf 83' lang='lat' dir='ltr'>a</span> 
     </span>
     <span class='ocr_line' id='line_1_25' title="bbox 137 1822 797 1865; baseline 0 -2"><span class='ocrx_word' id='word_1_133' title='bbox 137 1829 217 1863; x_wconf 84' lang='lat' dir='ltr'><strong>viro</strong></span> <span class='ocrx_word' id='word_1_134' title='bbox 233 1826 345 1864; x_wconf 80' lang='lat' dir='ltr'><strong>docto</strong></span> <span class='ocrx_word' id='word_1_135' title='bbox 367 1828 498 1864; x_wconf 80' lang='lat' dir='ltr'><strong>allatis.</strong></span> <span class='ocrx_word' id='word_1_136' title='bbox 519 1826 581 1863; x_wconf 87' lang='lat' dir='ltr'><strong>Ad</strong></span> <span class='ocrx_word' id='word_1_137' title='bbox 605 1822 797 1865; x_wconf 65' lang='lat' dir='ltr'><strong>a’mfflw&#39;v</strong></span> 
     </span>
     <span class='ocr_line' id='line_1_26' title="bbox 138 1879 559 1931; baseline -0.01 -8"><span class='ocrx_word' id='word_1_138' title='bbox 138 1879 261 1923; x_wconf 77' lang='grc' dir='ltr'><em>ὀπίσω</em></span> <span class='ocrx_word' id='word_1_139' title='bbox 282 1884 382 1920; x_wconf 86' lang='lat' dir='ltr'><strong>conf.</strong></span> <span class='ocrx_word' id='word_1_140' title='bbox 403 1885 469 1931; x_wconf 87' lang='lat'>111,</span> <span class='ocrx_word' id='word_1_141' title='bbox 494 1887 559 1924; x_wconf 86' lang='lat'><strong>16.</strong></span> 
     </span>
     <span class='ocr_line' id='line_1_27' title="bbox 198 1935 794 1986; baseline -0.005 -7"><span class='ocrx_word' id='word_1_142' title='bbox 198 1937 469 1979; x_wconf 82' lang='grc' dir='ltr'><em>Μελάνιππον</em></span> <span class='ocrx_word' id='word_1_143' title='bbox 491 1937 561 1979; x_wconf 73' lang='grc' dir='ltr'><strong>τόν</strong></span> <span class='ocrx_word' id='word_1_144' title='bbox 585 1935 794 1986; x_wconf 78' lang='grc' dir='ltr'><em>Ἀστακοῦ]</em></span> 
     </span>
     <span class='ocr_line' id='line_1_28' title="bbox 138 1992 795 2047; baseline -0.003 -14"><span class='ocrx_word' id='word_1_145' title='bbox 138 1998 298 2033; x_wconf 81' lang='lat' dir='ltr'>Plurimi</span> <span class='ocrx_word' id='word_1_146' title='bbox 319 1996 430 2033; x_wconf 87' lang='lat' dir='ltr'><strong>codd.</strong></span> <span class='ocrx_word' id='word_1_147' title='bbox 451 1992 662 2043; x_wconf 74' lang='grc' dir='ltr'><em>Ὀστακοῦς</em></span> <span class='ocrx_word' id='word_1_148' title='bbox 692 1996 795 2047; x_wconf 80' lang='lat' dir='ltr'><strong>quod</strong></span> 
     </span>
     <span class='ocr_line' id='line_1_29' title="bbox 137 2051 795 2104; baseline -0.003 -14"><span class='ocrx_word' id='word_1_149' title='bbox 137 2053 276 2091; x_wconf 83' lang='lat' dir='ltr'><strong>eodem</strong></span> <span class='ocrx_word' id='word_1_150' title='bbox 314 2055 393 2090; x_wconf 77' lang='lat' dir='ltr'><strong>fere</strong></span> <span class='ocrx_word' id='word_1_151' title='bbox 419 2053 536 2100; x_wconf 77' lang='lat' dir='ltr'><strong>redit,</strong></span> <span class='ocrx_word' id='word_1_152' title='bbox 577 2054 607 2090; x_wconf 90' lang='lat' dir='ltr'><strong>si</strong></span> <span class='ocrx_word' id='word_1_153' title='bbox 638 2051 795 2104; x_wconf 88' lang='lat' dir='ltr'><strong>quidem</strong></span> 
     </span>
     <span class='ocr_line' id='line_1_30' title="bbox 140 2109 794 2160; baseline -0.002 -13"><span class='ocrx_word' id='word_1_154' title='bbox 140 2118 240 2147; x_wconf 82' lang='lat' dir='ltr'><strong>recte</strong></span> <span class='ocrx_word' id='word_1_155' title='bbox 258 2110 370 2147; x_wconf 83' lang='lat' dir='ltr'><strong>tradit</strong></span> <span class='ocrx_word' id='word_1_156' title='bbox 395 2109 615 2160; x_wconf 78' lang='lat' dir='ltr'><strong>Schweigh.</strong></span> <span class='ocrx_word' id='word_1_157' title='bbox 648 2110 794 2146; x_wconf 85' lang='lat' dir='ltr'><strong>Atticos</strong></span> 
     </span>
     <span class='ocr_line' id='line_1_31' title="bbox 140 2167 794 2217; baseline -0.003 -13"><span class='ocrx_word' id='word_1_158' title='bbox 140 2168 287 2205; x_wconf 80' lang='lat' dir='ltr'><strong>vocales</strong></span> <span class='ocrx_word' id='word_1_159' title='bbox 308 2168 382 2206; x_wconf 76' lang='lat' dir='ltr'><strong>ot&#39;et</strong></span> <span class='ocrx_word' id='word_1_160' title='bbox 394 2171 416 2206; x_wconf 83' lang='grc' dir='ltr'>ὁ</span> <span class='ocrx_word' id='word_1_161' title='bbox 428 2167 559 2204; x_wconf 87' lang='lat' dir='ltr'><strong>crebro</strong></span> <span class='ocrx_word' id='word_1_162' title='bbox 569 2173 794 2217; x_wconf 84' lang='lat' dir='ltr'><strong>permutan-</strong></span> 
     </span>
     <span class='ocr_line' id='line_1_32' title="bbox 140 2224 795 2274; baseline -0.002 -14"><span class='ocrx_word' id='word_1_163' title='bbox 140 2231 193 2260; x_wconf 80' lang='lat' dir='ltr'><strong>tes</strong></span> <span class='ocrx_word' id='word_1_164' title='bbox 223 2226 261 2260; x_wconf 81' lang='lat' dir='ltr'><strong>in</strong></span> <span class='ocrx_word' id='word_1_165' title='bbox 295 2225 452 2261; x_wconf 86' lang='lat' dir='ltr'><strong>nomine</strong></span> <span class='ocrx_word' id='word_1_166' title='bbox 491 2224 718 2274; x_wconf 81' lang='lat' dir='ltr'><strong>appellativo</strong></span> <span class='ocrx_word' id='word_1_167' title='bbox 758 2229 795 2259; x_wconf 83' lang='lat' dir='ltr'><strong>et</strong></span> 
     </span>
     <span class='ocr_line' id='line_1_33' title="bbox 138 2276 795 2332; baseline -0.006 -13"><span class='ocrx_word' id='word_1_168' title='bbox 138 2276 309 2327; x_wconf 80' lang='grc' dir='ltr'><em>α’στακός</em></span> <span class='ocrx_word' id='word_1_169' title='bbox 343 2280 474 2332; x_wconf 88' lang='lat' dir='ltr'>(quod</span> <span class='ocrx_word' id='word_1_170' title='bbox 511 2282 637 2317; x_wconf 80' lang='lat' dir='ltr'><strong>cancri</strong></span> <span class='ocrx_word' id='word_1_171' title='bbox 675 2292 795 2330; x_wconf 82' lang='lat' dir='ltr'><strong>genus</strong></span> 
     </span>
     <span class='ocr_line' id='line_1_34' title="bbox 140 2332 792 2387; baseline -0.005 -13"><span class='ocrx_word' id='word_1_172' title='bbox 140 2351 217 2374; x_wconf 76' lang='lat' dir='ltr'><strong>esse</strong></span> <span class='ocrx_word' id='word_1_173' title='bbox 238 2338 372 2387; x_wconf 77' lang='lat' dir='ltr'><strong>fertur)</strong></span> <span class='ocrx_word' id='word_1_174' title='bbox 396 2345 432 2374; x_wconf 85' lang='lat' dir='ltr'><strong>et</strong></span> <span class='ocrx_word' id='word_1_175' title='bbox 459 2332 626 2383; x_wconf 80' lang='grc' dir='ltr'><em>ὄστακός</em></span> <span class='ocrx_word' id='word_1_176' title='bbox 646 2337 792 2387; x_wconf 82' lang='lat' dir='ltr'><strong>promi—</strong></span> 
     </span>
     <span class='ocr_line' id='line_1_35' title="bbox 138 2392 793 2440; baseline -0.005 -9"><span class='ocrx_word' id='word_1_177' title='bbox 138 2407 226 2431; x_wconf 81' lang='lat' dir='ltr'><strong>scue</strong></span> <span class='ocrx_word' id='word_1_178' title='bbox 248 2393 399 2430; x_wconf 84' lang='lat' dir='ltr'><strong>dixisse.</strong></span> <span class='ocrx_word' id='word_1_179' title='bbox 440 2394 550 2430; x_wconf 85' lang='lat' dir='ltr'>Couf.</span> <span class='ocrx_word' id='word_1_180' title='bbox 571 2392 713 2430; x_wconf 72' lang='lat' dir='ltr'><strong>Athen.</strong></span> <span class='ocrx_word' id='word_1_181' title='bbox 727 2394 793 2440; x_wconf 78' lang='grc' dir='ltr'>ΙΙΙ,</span> 
     </span>
     <span class='ocr_line' id='line_1_36' title="bbox 138 2449 794 2501; baseline -0.012 -8"><span class='ocrx_word' id='word_1_182' title='bbox 138 2451 192 2493; x_wconf 86' lang='grc'><strong>65</strong></span> <span class='ocrx_word' id='word_1_183' title='bbox 213 2465 249 2501; x_wconf 87' lang='lat' dir='ltr'><strong>p.</strong></span> <span class='ocrx_word' id='word_1_184' title='bbox 275 2451 353 2491; x_wconf 87' lang='lat'><strong>105</strong></span> <span class='ocrx_word' id='word_1_185' title='bbox 374 2452 485 2487; x_wconf 91' lang='lat' dir='ltr'><strong>B.—</strong></span> <span class='ocrx_word' id='word_1_186' title='bbox 503 2449 565 2487; x_wconf 82' lang='lat' dir='ltr'><strong>Ad</strong></span> <span class='ocrx_word' id='word_1_187' title='bbox 585 2463 794 2501; x_wconf 82' lang='lat' dir='ltr'><strong>argumen-</strong></span> 
     </span>
     <span class='ocr_line' id='line_1_37' title="bbox 139 2507 794 2557; baseline -0.002 -14"><span class='ocrx_word' id='word_1_188' title='bbox 139 2514 220 2544; x_wconf 89' lang='lat' dir='ltr'><strong>tum</strong></span> <span class='ocrx_word' id='word_1_189' title='bbox 240 2507 313 2544; x_wconf 84' lang='lat' dir='ltr'><strong>loci</strong></span> <span class='ocrx_word' id='word_1_190' title='bbox 347 2508 511 2557; x_wconf 81' lang='lat' dir='ltr'><strong>pertinet</strong></span> <span class='ocrx_word' id='word_1_191' title='bbox 538 2509 701 2544; x_wconf 83' lang='lat' dir='ltr'><strong>Pausau.</strong></span> <span class='ocrx_word' id='word_1_192' title='bbox 722 2508 794 2552; x_wconf 88' lang='lat' dir='ltr'><strong>IX,</strong></span> 
     </span>
     <span class='ocr_line' id='line_1_38' title="bbox 142 2564 794 2614; baseline -0.005 -12"><span class='ocrx_word' id='word_1_193' title='bbox 142 2564 191 2604; x_wconf 74' lang='lat'><strong>18</strong></span> <span class='ocrx_word' id='word_1_194' title='bbox 212 2565 248 2608; x_wconf 65' lang='grc' dir='ltr'><strong>ξ.</strong></span> <span class='ocrx_word' id='word_1_195' title='bbox 274 2567 309 2610; x_wconf 83' lang='grc'><strong>1,</strong></span> <span class='ocrx_word' id='word_1_196' title='bbox 330 2564 395 2600; x_wconf 92' lang='lat' dir='ltr'><strong>ubi</strong></span> <span class='ocrx_word' id='word_1_197' title='bbox 407 2565 646 2614; x_wconf 82' lang='lat' dir='ltr'><strong>Melanippus</strong></span> <span class='ocrx_word' id='word_1_198' title='bbox 667 2564 794 2600; x_wconf 85' lang='lat' dir='ltr'>omni-</span> 
     </span>
     <span class='ocr_line' id='line_1_39' title="bbox 140 2618 794 2657; baseline 0.003 -3"><span class='ocrx_word' id='word_1_199' title='bbox 140 2632 205 2655; x_wconf 88' lang='lat' dir='ltr'><strong>um</strong></span> <span class='ocrx_word' id='word_1_200' title='bbox 218 2618 494 2657; x_wconf 81' lang='lat' dir='ltr'><strong>Thebanorum</strong></span> <span class='ocrx_word' id='word_1_201' title='bbox 507 2619 643 2657; x_wconf 80' lang='lat' dir='ltr'><strong>dicitur</strong></span> <span class='ocrx_word' id='word_1_202' title='bbox 667 2620 794 2656; x_wconf 84' lang='lat' dir='ltr'><strong>fortis-</strong></span> 
     </span>
     <span class='ocr_line' id='line_1_40' title="bbox 141 2675 795 2728; baseline 0.002 -18"><span class='ocrx_word' id='word_1_203' title='bbox 141 2675 268 2722; x_wconf 82' lang='lat' dir='ltr'><strong>simus,</strong></span> <span class='ocrx_word' id='word_1_204' title='bbox 288 2690 308 2712; x_wconf 85' lang='lat' dir='ltr'><strong>a</strong></span> <span class='ocrx_word' id='word_1_205' title='bbox 329 2690 405 2728; x_wconf 85' lang='lat' dir='ltr'><strong>quo</strong></span> <span class='ocrx_word' id='word_1_206' title='bbox 427 2684 463 2714; x_wconf 87' lang='lat' dir='ltr'><strong>et</strong></span> <span class='ocrx_word' id='word_1_207' title='bbox 483 2676 641 2728; x_wconf 82' lang='lat' dir='ltr'><strong>Tydeus</strong></span> <span class='ocrx_word' id='word_1_208' title='bbox 662 2678 795 2713; x_wconf 57' lang='grc' dir='ltr'><strong>ΗΜΘ,-</strong></span> 
     </span>
     <span class='ocr_line' id='line_1_41' title="bbox 142 2732 795 2784; baseline 0.003 -18"><span class='ocrx_word' id='word_1_209' title='bbox 142 2732 299 2775; x_wconf 74' lang='lat' dir='ltr'><strong>cisteus,</strong></span> <span class='ocrx_word' id='word_1_210' title='bbox 330 2735 395 2784; x_wconf 82' lang='lat' dir='ltr'><strong>qui</strong></span> <span class='ocrx_word' id='word_1_211' title='bbox 426 2747 515 2770; x_wconf 80' lang='lat' dir='ltr'><strong>cum</strong></span> <span class='ocrx_word' id='word_1_212' title='bbox 545 2733 707 2770; x_wconf 82' lang='lat' dir='ltr'><strong>Adrasto</strong></span> <span class='ocrx_word' id='word_1_213' title='bbox 748 2732 795 2769; x_wconf 81' lang='lat' dir='ltr'><strong>ad</strong></span> 
     </span>
     <span class='ocr_line' id='line_1_42' title="bbox 141 2785 795 2838; baseline 0.006 -16"><span class='ocrx_word' id='word_1_214' title='bbox 141 2785 294 2824; x_wconf 67' lang='lat' dir='ltr'><strong>Thebas</strong></span> <span class='ocrx_word' id='word_1_215' title='bbox 322 2790 477 2838; x_wconf 75' lang='lat' dir='ltr'><strong>profecti</strong></span> <span class='ocrx_word' id='word_1_216' title='bbox 509 2797 636 2833; x_wconf 75' lang='lat' dir='ltr'><strong>erant,</strong></span> <span class='ocrx_word' id='word_1_217' title='bbox 678 2791 795 2826; x_wconf 79' lang='lat' dir='ltr'><strong>inter—</strong></span> 
     </span>
    </p>
   </div>
   <div class='ocr_carea' id='block_1_5' title="bbox 853 893 1461 948">
    <p class='ocr_par' dir='ltr' id='par_1_5' title="bbox 853 893 1461 948">
     <span class='ocr_line' id='line_1_43' title="bbox 853 893 1461 948; baseline -0.005 -10"><span class='ocrx_word' id='word_1_218' title='bbox 853 894 943 938; x_wconf 83' lang='grc' dir='ltr'><em>ἐπεί</em></span> <span class='ocrx_word' id='word_1_219' title='bbox 971 910 1015 937; x_wconf 88' lang='grc' dir='ltr'><strong>τε</strong></span> <span class='ocrx_word' id='word_1_220' title='bbox 1045 894 1091 938; x_wconf 82' lang='grc' dir='ltr'><strong>δέ</strong></span> <span class='ocrx_word' id='word_1_221' title='bbox 1122 895 1164 936; x_wconf 84' lang='grc' dir='ltr'><strong>οἱ</strong></span> <span class='ocrx_word' id='word_1_222' title='bbox 1203 894 1251 936; x_wconf 84' lang='grc' dir='ltr'><strong>τὸ</strong></span> <span class='ocrx_word' id='word_1_223' title='bbox 1288 893 1461 948; x_wconf 80' lang='grc' dir='ltr'><em>τέμενος</em></span> 
     </span>
    </p>
   </div>
   <div class='ocr_carea' id='block_1_6' title="bbox 848 1086 1519 2499">
    <p class='ocr_par' dir='ltr' id='par_1_6' title="bbox 855 1086 1517 1591">
     <span class='ocr_line' id='line_1_44' title="bbox 856 1086 1516 1138; baseline -0.005 -12"><span class='ocrx_word' id='word_1_224' title='bbox 856 1090 945 1126; x_wconf 76' lang='lat' dir='ltr'><strong>fec-ti</strong></span> <span class='ocrx_word' id='word_1_225' title='bbox 965 1098 1064 1126; x_wconf 79' lang='lat' dir='ltr'><strong>sunt.</strong></span> <span class='ocrx_word' id='word_1_226' title='bbox 1110 1091 1173 1126; x_wconf 87' lang='lat' dir='ltr'><strong>Tu</strong></span> <span class='ocrx_word' id='word_1_227' title='bbox 1195 1088 1272 1125; x_wconf 83' lang='lat' dir='ltr'><strong>vid.</strong></span> <span class='ocrx_word' id='word_1_228' title='bbox 1296 1086 1516 1138; x_wconf 74' lang='lat' dir='ltr'><strong>Apollodor.</strong></span> 
     </span>
     <span class='ocr_line' id='line_1_45' title="bbox 857 1143 1516 1194; baseline -0.005 -12"><span class='ocrx_word' id='word_1_229' title='bbox 857 1148 922 1194; x_wconf 85' lang='lat'>111,</span> <span class='ocrx_word' id='word_1_230' title='bbox 941 1150 978 1194; x_wconf 85' lang='lat'><strong>6,</strong></span> <span class='ocrx_word' id='word_1_231' title='bbox 1000 1150 1024 1187; x_wconf 79' lang='grc'>8</span> <span class='ocrx_word' id='word_1_232' title='bbox 1047 1147 1131 1184; x_wconf 86' lang='lat' dir='ltr'>coll.</span> <span class='ocrx_word' id='word_1_233' title='bbox 1154 1148 1182 1193; x_wconf 89' lang='lat'><strong>1,</strong></span> <span class='ocrx_word' id='word_1_234' title='bbox 1205 1148 1242 1191; x_wconf 77' lang='lat'><strong>8⁷</strong></span> <span class='ocrx_word' id='word_1_235' title='bbox 1264 1146 1303 1186; x_wconf 87' lang='grc'><strong>5.</strong></span> <span class='ocrx_word' id='word_1_236' title='bbox 1317 1143 1447 1181; x_wconf 72' lang='lat' dir='ltr'>Schol.</span> <span class='ocrx_word' id='word_1_237' title='bbox 1470 1144 1516 1180; x_wconf 76' lang='lat' dir='ltr'><strong>ad</strong></span> 
     </span>
     <span class='ocr_line' id='line_1_46' title="bbox 857 1202 1514 1252; baseline -0.006 -13"><span class='ocrx_word' id='word_1_238' title='bbox 857 1205 1014 1240; x_wconf 85' lang='lat' dir='ltr'><strong>Homer.</strong></span> <span class='ocrx_word' id='word_1_239' title='bbox 1035 1203 1142 1239; x_wconf 82' lang='lat' dir='ltr'><strong>Iliad.</strong></span> <span class='ocrx_word' id='word_1_240' title='bbox 1157 1204 1201 1250; x_wconf 79' lang='lat' dir='ltr'><strong>V,</strong></span> <span class='ocrx_word' id='word_1_241' title='bbox 1218 1205 1295 1243; x_wconf 79' lang='grc'><strong>126</strong></span> <span class='ocrx_word' id='word_1_242' title='bbox 1308 1208 1422 1252; x_wconf 76' lang='lat' dir='ltr'><strong>atque</strong></span> <span class='ocrx_word' id='word_1_243' title='bbox 1442 1202 1514 1236; x_wconf 86' lang='lat' dir='ltr'><strong>im—</strong></span> 
     </span>
     <span class='ocr_line' id='line_1_47' title="bbox 858 1256 1515 1310; baseline 0.002 -15"><span class='ocrx_word' id='word_1_244' title='bbox 858 1261 987 1310; x_wconf 79' lang='lat' dir='ltr'><strong>primis</strong></span> <span class='ocrx_word' id='word_1_245' title='bbox 1007 1259 1187 1310; x_wconf 84' lang='lat' dir='ltr'><strong>Aeschyl.</strong></span> <span class='ocrx_word' id='word_1_246' title='bbox 1218 1259 1260 1295; x_wconf 88' lang='lat' dir='ltr'><strong>S.</strong></span> <span class='ocrx_word' id='word_1_247' title='bbox 1283 1272 1314 1293; x_wconf 75' lang='lat'><strong>0.</strong></span> <span class='ocrx_word' id='word_1_248' title='bbox 1335 1256 1411 1294; x_wconf 85' lang='lat' dir='ltr'><strong>Th.</strong></span> <span class='ocrx_word' id='word_1_249' title='bbox 1434 1260 1515 1297; x_wconf 82' lang='grc' dir='ltr'><strong>4Οό</strong></span> 
     </span>
     <span class='ocr_line' id='line_1_48' title="bbox 857 1315 1516 1368; baseline -0.006 -16"><span class='ocrx_word' id='word_1_250' title='bbox 857 1330 963 1368; x_wconf 76' lang='lat' dir='ltr'><strong>seqq.</strong></span> <span class='ocrx_word' id='word_1_251' title='bbox 1021 1316 1298 1363; x_wconf 70' lang='lat' dir='ltr'><strong>VVesselingius</strong></span> <span class='ocrx_word' id='word_1_252' title='bbox 1338 1315 1516 1350; x_wconf 80' lang='lat' dir='ltr'><strong>citaverat</strong></span> 
     </span>
     <span class='ocr_line' id='line_1_49' title="bbox 858 1371 1514 1422; baseline -0.006 -13"><span class='ocrx_word' id='word_1_253' title='bbox 858 1373 966 1411; x_wconf 85' lang='lat' dir='ltr'><strong>Ovid.</strong></span> <span class='ocrx_word' id='word_1_254' title='bbox 997 1373 1054 1410; x_wconf 82' lang='lat' dir='ltr'><strong>lb.</strong></span> <span class='ocrx_word' id='word_1_255' title='bbox 1086 1372 1166 1413; x_wconf 87' lang='lat'><strong>517</strong></span> <span class='ocrx_word' id='word_1_256' title='bbox 1190 1373 1282 1422; x_wconf 89' lang='lat' dir='ltr'><strong>ibiq.</strong></span> <span class='ocrx_word' id='word_1_257' title='bbox 1303 1371 1514 1406; x_wconf 82' lang='lat' dir='ltr'><strong>Burmann.</strong></span> 
     </span>
     <span class='ocr_line' id='line_1_50' title="bbox 857 1425 1517 1477; baseline -0.006 -11"><span class='ocrx_word' id='word_1_258' title='bbox 857 1437 893 1466; x_wconf 85' lang='lat' dir='ltr'><strong>et</strong></span> <span class='ocrx_word' id='word_1_259' title='bbox 913 1428 1098 1467; x_wconf 69' lang='lat' dir='ltr'><strong>Valcken.</strong></span> <span class='ocrx_word' id='word_1_260' title='bbox 1120 1427 1168 1465; x_wconf 80' lang='lat' dir='ltr'><strong>ad</strong></span> <span class='ocrx_word' id='word_1_261' title='bbox 1195 1426 1367 1477; x_wconf 87' lang='lat' dir='ltr'><strong>Euripid.</strong></span> <span class='ocrx_word' id='word_1_262' title='bbox 1382 1425 1517 1463; x_wconf 51' lang='lat' dir='ltr'><strong>¹Phoe-</strong></span> 
     </span>
     <span class='ocr_line' id='line_1_51' title="bbox 855 1482 1517 1537; baseline -0.005 -15"><span class='ocrx_word' id='word_1_263' title='bbox 855 1487 943 1526; x_wconf 82' lang='lat' dir='ltr'><strong>niss.</strong></span> <span class='ocrx_word' id='word_1_264' title='bbox 964 1499 1002 1536; x_wconf 90' lang='lat' dir='ltr'><strong>p.</strong></span> <span class='ocrx_word' id='word_1_265' title='bbox 1023 1485 1105 1526; x_wconf 80' lang='lat'><strong>784</strong></span> <span class='ocrx_word' id='word_1_266' title='bbox 1117 1498 1200 1537; x_wconf 87' lang='lat' dir='ltr'><strong>sqq.</strong></span> <span class='ocrx_word' id='word_1_267' title='bbox 1224 1483 1291 1534; x_wconf 83' lang='lat' dir='ltr'><strong>(ad</strong></span> <span class='ocrx_word' id='word_1_268' title='bbox 1313 1482 1444 1520; x_wconf 88' lang='lat' dir='ltr'>Schol.</span> <span class='ocrx_word' id='word_1_269' title='bbox 1462 1497 1517 1520; x_wconf 73' lang='lat' dir='ltr'><strong>vs.</strong></span> 
     </span>
     <span class='ocr_line' id='line_1_52' title="bbox 858 1542 1000 1591; baseline -0.028 -9"><span class='ocrx_word' id='word_1_270' title='bbox 858 1542 1000 1591; x_wconf 83' lang='lat'>1666.)</span> 
     </span>
    </p>

    <p class='ocr_par' dir='ltr' id='par_1_7' title="bbox 848 1590 1519 2499">
     <span class='ocr_line' id='line_1_53' title="bbox 910 1590 1519 1650; baseline -0.007 -13"><span class='ocrx_word' id='word_1_271' title='bbox 910 1594 1072 1650; x_wconf 83' lang='grc' dir='ltr'><em>τέμενός</em></span> <span class='ocrx_word' id='word_1_272' title='bbox 1095 1596 1136 1636; x_wconf 76' lang='grc' dir='ltr'><strong>οἵ</strong></span> <span class='ocrx_word' id='word_1_273' title='bbox 1155 1592 1315 1643; x_wconf 65' lang='grc' dir='ltr'><em>ἐπέδεξε</em></span> <span class='ocrx_word' id='word_1_274' title='bbox 1339 1594 1382 1635; x_wconf 81' lang='grc' dir='ltr'><em>ἐν</em></span> <span class='ocrx_word' id='word_1_275' title='bbox 1407 1590 1519 1649; x_wconf 65' lang='grc' dir='ltr'><em>αὐτῷ</em></span> 
     </span>
     <span class='ocr_line' id='line_1_54' title="bbox 855 1652 1516 1708; baseline -0.006 -14"><span class='ocrx_word' id='word_1_276' title='bbox 855 1657 911 1708; x_wconf 78' lang='grc' dir='ltr'><strong>τῷ</strong></span> <span class='ocrx_word' id='word_1_277' title='bbox 942 1654 1174 1707; x_wconf 71' lang='grc' dir='ltr'><em>πρυτανηίῳ</em></span> <span class='ocrx_word' id='word_1_278' title='bbox 1202 1653 1271 1692; x_wconf 80' lang='grc' dir='ltr'><strong>καί</strong></span> <span class='ocrx_word' id='word_1_279' title='bbox 1293 1668 1361 1704; x_wconf 89' lang='grc' dir='ltr'><em>μιν</em></span> <span class='ocrx_word' id='word_1_280' title='bbox 1380 1652 1516 1702; x_wconf 78' lang='grc' dir='ltr'><em>ἵδρυσε</em></span> 
     </span>
     <span class='ocr_line' id='line_1_55' title="bbox 856 1705 1513 1764; baseline -0.005 -14"><span class='ocrx_word' id='word_1_281' title='bbox 856 1711 1036 1751; x_wconf 81' lang='grc' dir='ltr'><em>ἐνθαῦτα</em></span> <span class='ocrx_word' id='word_1_282' title='bbox 1077 1710 1119 1750; x_wconf 83' lang='grc' dir='ltr'><em>ἐν</em></span> <span class='ocrx_word' id='word_1_283' title='bbox 1152 1713 1208 1764; x_wconf 80' lang='grc' dir='ltr'><strong>τῷ</strong></span> <span class='ocrx_word' id='word_1_284' title='bbox 1240 1705 1513 1762; x_wconf 77' lang='grc' dir='ltr'><em>ἰσχυροτάτῳ]</em></span> 
     </span>
     <span class='ocr_line' id='line_1_56' title="bbox 855 1768 1516 1809; baseline -0.006 -4"><span class='ocrx_word' id='word_1_285' title='bbox 855 1769 880 1805; x_wconf 85' lang='lat' dir='ltr'><strong>i.</strong></span> <span class='ocrx_word' id='word_1_286' title='bbox 906 1782 938 1809; x_wconf 84' lang='lat' dir='ltr'><strong>e.</strong></span> <span class='ocrx_word' id='word_1_287' title='bbox 971 1769 1081 1806; x_wconf 86' lang='lat' dir='ltr'><em>Iocum</em></span> <span class='ocrx_word' id='word_1_288' title='bbox 1111 1769 1145 1804; x_wconf 76' lang='lat' dir='ltr'><strong>ez·</strong></span> <span class='ocrx_word' id='word_1_289' title='bbox 1168 1768 1349 1804; x_wconf 77' lang='lat' dir='ltr'><strong>constituit</strong></span> <span class='ocrx_word' id='word_1_290' title='bbox 1378 1778 1516 1802; x_wconf 80' lang='lat' dir='ltr'><strong>sacrum</strong></span> 
     </span>
     <span class='ocr_line' id='line_1_57' title="bbox 855 1822 1515 1875; baseline -0.006 -13"><span class='ocrx_word' id='word_1_291' title='bbox 855 1828 892 1862; x_wconf 74' lang='lat' dir='ltr'><strong>in</strong></span> <span class='ocrx_word' id='word_1_292' title='bbox 922 1827 996 1875; x_wconf 77' lang='lat' dir='ltr'><strong>ipso</strong></span> <span class='ocrx_word' id='word_1_293' title='bbox 1020 1827 1193 1875; x_wconf 73' lang='lat' dir='ltr'><strong>prytaneo</strong></span> <span class='ocrx_word' id='word_1_294' title='bbox 1227 1822 1424 1873; x_wconf 80' lang='lat' dir='ltr'><strong>sanumque</strong></span> <span class='ocrx_word' id='word_1_295' title='bbox 1454 1835 1515 1859; x_wconf 79' lang='lat' dir='ltr'><strong>ex-</strong></span> 
     </span>
     <span class='ocr_line' id='line_1_58' title="bbox 855 1879 1516 1932; baseline -0.009 -13"><span class='ocrx_word' id='word_1_296' title='bbox 855 1884 988 1919; x_wconf 74' lang='lat' dir='ltr'><strong>struxit</strong></span> <span class='ocrx_word' id='word_1_297' title='bbox 1019 1883 1056 1917; x_wconf 69' lang='lat' dir='ltr'><strong>in</strong></span> <span class='ocrx_word' id='word_1_298' title='bbox 1087 1880 1160 1917; x_wconf 83' lang='lat' dir='ltr'><em>loco</em></span> <span class='ocrx_word' id='word_1_299' title='bbox 1194 1879 1415 1932; x_wconf 75' lang='lat' dir='ltr'><strong>(prytauei)</strong></span> <span class='ocrx_word' id='word_1_300' title='bbox 1444 1879 1516 1928; x_wconf 86' lang='lat' dir='ltr'><strong>fir-</strong></span> 
     </span>
     <span class='ocr_line' id='line_1_59' title="bbox 854 1935 1515 1985; baseline -0.008 -10"><span class='ocrx_word' id='word_1_301' title='bbox 854 1940 1016 1985; x_wconf 64' lang='lat' dir='ltr'><strong>mimimo,</strong></span> <span class='ocrx_word' id='word_1_302' title='bbox 1037 1938 1103 1974; x_wconf 88' lang='lat' dir='ltr'><strong>ubi</strong></span> <span class='ocrx_word' id='word_1_303' title='bbox 1121 1937 1199 1973; x_wconf 89' lang='lat' dir='ltr'><strong>scil.</strong></span> <span class='ocrx_word' id='word_1_304' title='bbox 1221 1935 1346 1972; x_wconf 85' lang='lat' dir='ltr'><strong>herois</strong></span> <span class='ocrx_word' id='word_1_305' title='bbox 1357 1935 1515 1972; x_wconf 80' lang='lat' dir='ltr'><strong>simula—</strong></span> 
     </span>
     <span class='ocr_line' id='line_1_60' title="bbox 853 1993 1515 2032; baseline -0.008 0"><span class='ocrx_word' id='word_1_306' title='bbox 853 2009 962 2032; x_wconf 87' lang='lat' dir='ltr'><strong>crum</strong></span> <span class='ocrx_word' id='word_1_307' title='bbox 983 2001 1107 2031; x_wconf 88' lang='lat' dir='ltr'><strong>tutum</strong></span> <span class='ocrx_word' id='word_1_308' title='bbox 1130 2001 1224 2029; x_wconf 79' lang='lat' dir='ltr'><strong>esset</strong></span> <span class='ocrx_word' id='word_1_309' title='bbox 1249 1993 1296 2028; x_wconf 77' lang='lat' dir='ltr'><strong>ab</strong></span> <span class='ocrx_word' id='word_1_310' title='bbox 1327 1993 1434 2029; x_wconf 87' lang='lat' dir='ltr'><strong>omni</strong></span> <span class='ocrx_word' id='word_1_311' title='bbox 1452 1993 1515 2027; x_wconf 86' lang='lat' dir='ltr'><strong>in·—</strong></span> 
     </span>
     <span class='ocr_line' id='line_1_61' title="bbox 852 2050 1514 2103; baseline -0.006 -15"><span class='ocrx_word' id='word_1_312' title='bbox 852 2051 948 2088; x_wconf 61' lang='lat' dir='ltr'><strong>iuriai</strong></span> <span class='ocrx_word' id='word_1_313' title='bbox 968 2064 1095 2103; x_wconf 85' lang='lat' dir='ltr'><strong>neque</strong></span> <span class='ocrx_word' id='word_1_314' title='bbox 1118 2050 1199 2087; x_wconf 89' lang='lat' dir='ltr'><strong>tolli</strong></span> <span class='ocrx_word' id='word_1_315' title='bbox 1237 2050 1402 2086; x_wconf 85' lang='lat' dir='ltr'><strong>evertive</strong></span> <span class='ocrx_word' id='word_1_316' title='bbox 1426 2061 1514 2084; x_wconf 89' lang='lat' dir='ltr'><strong>um-</strong></span> 
     </span>
     <span class='ocr_line' id='line_1_62' title="bbox 851 2101 1515 2161; baseline 0 -17"><span class='ocrx_word' id='word_1_317' title='bbox 851 2122 969 2161; x_wconf 78' lang='lat' dir='ltr'>quam</span> <span class='ocrx_word' id='word_1_318' title='bbox 978 2114 1113 2159; x_wconf 85' lang='lat' dir='ltr'><strong>posset.</strong></span> <span class='ocrx_word' id='word_1_319' title='bbox 1170 2107 1341 2143; x_wconf 85' lang='lat' dir='ltr'>Verbum</span> <span class='ocrx_word' id='word_1_320' title='bbox 1363 2101 1515 2153; x_wconf 79' lang='grc' dir='ltr'><em>ἱδρύειν</em></span> 
     </span>
     <span class='ocr_line' id='line_1_63' title="bbox 849 2162 1512 2216; baseline -0.008 -14"><span class='ocrx_word' id='word_1_321' title='bbox 849 2167 998 2216; x_wconf 83' lang='lat' dir='ltr'><strong>saepius</strong></span> <span class='ocrx_word' id='word_1_322' title='bbox 1028 2163 1198 2201; x_wconf 76' lang='lat' dir='ltr'><strong>adhiberi</strong></span> <span class='ocrx_word' id='word_1_323' title='bbox 1233 2162 1280 2200; x_wconf 87' lang='lat' dir='ltr'><strong>de</strong></span> <span class='ocrx_word' id='word_1_324' title='bbox 1301 2162 1453 2212; x_wconf 82' lang='lat' dir='ltr'><strong>templis</strong></span> <span class='ocrx_word' id='word_1_325' title='bbox 1470 2174 1512 2198; x_wconf 76' lang='lat' dir='ltr'><strong>a(-</strong></span> 
     </span>
     <span class='ocr_line' id='line_1_64' title="bbox 850 2217 1512 2268; baseline -0.008 -9"><span class='ocrx_word' id='word_1_326' title='bbox 850 2224 946 2259; x_wconf 76' lang='lat' dir='ltr'><strong>fanis</strong></span> <span class='ocrx_word' id='word_1_327' title='bbox 964 2228 1176 2258; x_wconf 78' lang='lat' dir='ltr'><strong>monstrant</strong></span> <span class='ocrx_word' id='word_1_328' title='bbox 1186 2221 1260 2256; x_wconf 77' lang='lat' dir='ltr'><strong>loci</strong></span> <span class='ocrx_word' id='word_1_329' title='bbox 1283 2232 1303 2255; x_wconf 81' lang='lat' dir='ltr'>a</span> <span class='ocrx_word' id='word_1_330' title='bbox 1313 2217 1512 2268; x_wconf 75' lang='lat' dir='ltr'><strong>Schweig-</strong></span> 
     </span>
     <span class='ocr_line' id='line_1_65' title="bbox 853 2274 1512 2316; baseline -0.009 0"><span class='ocrx_word' id='word_1_331' title='bbox 853 2278 982 2316; x_wconf 84' lang='lat' dir='ltr'><strong>haeus.</strong></span> <span class='ocrx_word' id='word_1_332' title='bbox 1015 2278 1117 2315; x_wconf 79' lang='lat' dir='ltr'><strong>allati</strong></span> <span class='ocrx_word' id='word_1_333' title='bbox 1147 2278 1186 2313; x_wconf 87' lang='lat' dir='ltr'><strong>in</strong></span> <span class='ocrx_word' id='word_1_334' title='bbox 1216 2277 1347 2313; x_wconf 81' lang='lat' dir='ltr'><strong>Lexic.</strong></span> <span class='ocrx_word' id='word_1_335' title='bbox 1369 2274 1512 2311; x_wconf 88' lang='lat' dir='ltr'><strong>Herod.</strong></span> 
     </span>
     <span class='ocr_line' id='line_1_66' title="bbox 848 2333 1511 2385; baseline -0.009 -12"><span class='ocrx_word' id='word_1_336' title='bbox 848 2338 906 2373; x_wconf 88' lang='lat' dir='ltr'><strong>De</strong></span> <span class='ocrx_word' id='word_1_337' title='bbox 926 2349 1021 2373; x_wconf 81' lang='lat' dir='ltr'><strong>voce</strong></span> <span class='ocrx_word' id='word_1_338' title='bbox 1032 2333 1191 2385; x_wconf 79' lang='grc' dir='ltr'><em>τέμενος</em></span> <span class='ocrx_word' id='word_1_339' title='bbox 1209 2346 1321 2383; x_wconf 83' lang='lat' dir='ltr'><strong>supra</strong></span> <span class='ocrx_word' id='word_1_340' title='bbox 1333 2335 1409 2369; x_wconf 84' lang='lat' dir='ltr'><strong>iam</strong></span> <span class='ocrx_word' id='word_1_341' title='bbox 1424 2345 1511 2368; x_wconf 92' lang='lat' dir='ltr'><strong>mo-</strong></span> 
     </span>
     <span class='ocr_line' id='line_1_67' title="bbox 849 2390 1511 2443; baseline -0.009 -13"><span class='ocrx_word' id='word_1_342' title='bbox 849 2394 1023 2430; x_wconf 88' lang='lat' dir='ltr'><strong>nuimus:</strong></span> <span class='ocrx_word' id='word_1_343' title='bbox 1075 2404 1150 2443; x_wconf 85' lang='lat' dir='ltr'><strong>quo</strong></span> <span class='ocrx_word' id='word_1_344' title='bbox 1191 2390 1329 2426; x_wconf 81' lang='lat' dir='ltr'><strong>referas</strong></span> <span class='ocrx_word' id='word_1_345' title='bbox 1358 2402 1511 2425; x_wconf 78' lang='lat' dir='ltr'><strong>necesse</strong></span> 
     </span>
     <span class='ocr_line' id='line_1_68' title="bbox 850 2446 1511 2499; baseline -0.005 -15"><span class='ocrx_word' id='word_1_346' title='bbox 850 2457 904 2486; x_wconf 80' lang='lat' dir='ltr'><strong>est</strong></span> <span class='ocrx_word' id='word_1_347' title='bbox 925 2465 1016 2499; x_wconf 89' lang='grc' dir='ltr'><em>μιν,</em></span> <span class='ocrx_word' id='word_1_348' title='bbox 1045 2447 1092 2485; x_wconf 84' lang='lat' dir='ltr'><strong>de</strong></span> <span class='ocrx_word' id='word_1_349' title='bbox 1117 2449 1199 2498; x_wconf 85' lang='lat' dir='ltr'><strong>ipso</strong></span> <span class='ocrx_word' id='word_1_350' title='bbox 1228 2446 1372 2496; x_wconf 82' lang='lat' dir='ltr'><strong>templo</strong></span> <span class='ocrx_word' id='word_1_351' title='bbox 1403 2446 1511 2495; x_wconf 80' lang='lat' dir='ltr'><strong>cogi-</strong></span> 
     </span>
    </p>
   </div>
   <div class='ocr_carea' id='block_1_7' title="bbox 852 2500 1527 2557">
    <p class='ocr_par' dir='ltr' id='par_1_8' title="bbox 852 2500 1527 2557">
     <span class='ocr_line' id='line_1_69' title="bbox 852 2500 1527 2557; baseline -0.007 -14"><span class='ocrx_word' id='word_1_352' title='bbox 852 2514 958 2551; x_wconf 82' lang='lat' dir='ltr'><strong>tans,</strong></span> <span class='ocrx_word' id='word_1_353' title='bbox 1003 2505 1176 2557; x_wconf 81' lang='lat' dir='ltr'><strong>quamvis</strong></span> <span class='ocrx_word' id='word_1_354' title='bbox 1204 2504 1243 2540; x_wconf 86' lang='lat' dir='ltr'><strong>in</strong></span> <span class='ocrx_word' id='word_1_355' title='bbox 1287 2503 1410 2539; x_wconf 79' lang='lat' dir='ltr'><strong>verbis</strong></span> <span class='ocrx_word' id='word_1_356' title='bbox 1449 2500 1527 2555; x_wconf 53' lang='lat' dir='ltr'><strong>*css—¹</strong></span> 
     </span>
    </p>
   </div>
   <div class='ocr_carea' id='block_1_8' title="bbox 851 2558 1509 2825">
    <p class='ocr_par' dir='ltr' id='par_1_9' title="bbox 851 2558 1509 2825">
     <span class='ocr_line' id='line_1_70' title="bbox 851 2558 1509 2612; baseline -0.014 -10"><span class='ocrx_word' id='word_1_357' title='bbox 851 2561 970 2612; x_wconf 85' lang='grc' dir='ltr'><em>μενός</em></span> <span class='ocrx_word' id='word_1_358' title='bbox 998 2561 1039 2600; x_wconf 81' lang='grc' dir='ltr'><strong>οἱ</strong></span> <span class='ocrx_word' id='word_1_359' title='bbox 1068 2558 1233 2606; x_wconf 72' lang='grc' dir='ltr'><em>ἀπέδεξε</em></span> <span class='ocrx_word' id='word_1_360' title='bbox 1260 2559 1307 2596; x_wconf 84' lang='lat' dir='ltr'><strong>de</strong></span> <span class='ocrx_word' id='word_1_361' title='bbox 1338 2560 1422 2595; x_wconf 88' lang='lat' dir='ltr'>loco</span> <span class='ocrx_word' id='word_1_362' title='bbox 1449 2570 1509 2594; x_wconf 79' lang='lat' dir='ltr'><strong>sa-</strong></span> 
     </span>
     <span class='ocr_line' id='line_1_71' title="bbox 851 2615 1509 2670; baseline -0.012 -14"><span class='ocrx_word' id='word_1_363' title='bbox 851 2633 938 2666; x_wconf 85' lang='lat' dir='ltr'><strong>cro,</strong></span> <span class='ocrx_word' id='word_1_364' title='bbox 970 2620 1008 2655; x_wconf 86' lang='lat' dir='ltr'><strong>in</strong></span> <span class='ocrx_word' id='word_1_365' title='bbox 1031 2630 1107 2670; x_wconf 86' lang='lat' dir='ltr'><strong>quo</strong></span> <span class='ocrx_word' id='word_1_366' title='bbox 1127 2619 1204 2653; x_wconf 74' lang='lat' dir='ltr'><strong>iam</strong></span> <span class='ocrx_word' id='word_1_367' title='bbox 1230 2615 1342 2652; x_wconf 79' lang='lat' dir='ltr'><strong>aedes</strong></span> <span class='ocrx_word' id='word_1_368' title='bbox 1363 2620 1509 2650; x_wconf 77' lang='lat' dir='ltr'><strong>exstru-</strong></span> 
     </span>
     <span class='ocr_line' id='line_1_72' title="bbox 853 2672 1509 2712; baseline -0.014 0"><span class='ocrx_word' id='word_1_369' title='bbox 853 2675 950 2712; x_wconf 82' lang='lat' dir='ltr'><strong>enda</strong></span> <span class='ocrx_word' id='word_1_370' title='bbox 981 2682 1018 2711; x_wconf 91' lang='lat' dir='ltr'><strong>et</strong></span> <span class='ocrx_word' id='word_1_371' title='bbox 1048 2675 1120 2710; x_wconf 82' lang='lat' dir='ltr'><strong>alia</strong></span> <span class='ocrx_word' id='word_1_372' title='bbox 1148 2672 1195 2710; x_wconf 80' lang='lat' dir='ltr'><strong>ad</strong></span> <span class='ocrx_word' id='word_1_373' title='bbox 1222 2684 1415 2709; x_wconf 80' lang='lat' dir='ltr'><strong>sacrorum</strong></span> <span class='ocrx_word' id='word_1_374' title='bbox 1440 2681 1509 2704; x_wconf 85' lang='lat' dir='ltr'><strong>cu-</strong></span> 
     </span>
     <span class='ocr_line' id='line_1_73' title="bbox 854 2724 1508 2774; baseline -0.017 -5"><span class='ocrx_word' id='word_1_375' title='bbox 854 2745 933 2768; x_wconf 81' lang='lat' dir='ltr'><strong>ram</strong></span> <span class='ocrx_word' id='word_1_376' title='bbox 965 2739 1001 2768; x_wconf 78' lang='lat' dir='ltr'><strong>et</strong></span> <span class='ocrx_word' id='word_1_377' title='bbox 1025 2732 1098 2768; x_wconf 82' lang='lat' dir='ltr'><strong>ioci</strong></span> <span class='ocrx_word' id='word_1_378' title='bbox 1129 2730 1365 2766; x_wconf 81' lang='lat' dir='ltr'><strong>sanctitatem</strong></span> <span class='ocrx_word' id='word_1_379' title='bbox 1393 2724 1508 2774; x_wconf 82' lang='lat' dir='ltr'><strong>perti-</strong></span> 
     </span>
     <span class='ocr_line' id='line_1_74' title="bbox 854 2782 1507 2825; baseline -0.018 0"><span class='ocrx_word' id='word_1_380' title='bbox 854 2789 980 2825; x_wconf 72' lang='lat' dir='ltr'><strong>nentia</strong></span> <span class='ocrx_word' id='word_1_381' title='bbox 1004 2783 1252 2824; x_wconf 69' lang='lat' dir='ltr'><strong>instituenda,</strong></span> <span class='ocrx_word' id='word_1_382' title='bbox 1294 2785 1330 2818; x_wconf 85' lang='lat' dir='ltr'><strong>in</strong></span> <span class='ocrx_word' id='word_1_383' title='bbox 1354 2782 1507 2817; x_wconf 71' lang='lat' dir='ltr'><strong>univer—</strong></span> 
     </span>
    </p>
   </div>
   <div class='ocr_carea' id='block_1_9' title="bbox 1895 654 1897 1581">
    <p class='ocr_par' dir='ltr' id='par_1_10' title="bbox 1895 654 1897 1581">
     <span class='ocr_line' id='line_1_75' title="bbox 1895 654 1897 1581; baseline 0 0"><span class='ocrx_word' id='word_1_384' title='bbox 1895 654 1897 1581; x_wconf 95' lang='lat' dir='ltr'><strong> </strong></span> 
     </span>
    </p>
   </div>
   <div class='ocr_carea' id='block_1_10' title="bbox 1895 654 1897 1581">
    <p class='ocr_par' dir='ltr' id='par_1_11' title="bbox 1895 654 1897 1581">
     <span class='ocr_line' id='line_1_76' title="bbox 1895 654 1897 1581; baseline 0 0"><span class='ocrx_word' id='word_1_385' title='bbox 1895 654 1897 1581; x_wconf 95' lang='lat' dir='ltr'><strong> </strong></span> 
     </span>
    </p>
   </div>
  </div>
 </body>
</html>
