1897 3340
287 539 348 584 16

411 234 495 275 464

809 226 1274 267 HERODOTI

411 342 483 394 „622
531 335 614 384 ὦδε
649 338 704 382 ἄν
742 335 947 393 γινόμενα
990 337 1150 386 ταῦτα,
1190 335 1225 376 εἰ
1263 332 1413 388 λάβοις
1452 333 1531 389 τήν
1563 333 1668 389 ἐμὴν

412 408 598 464 ,,σκευὴν
616 410 771 454 πᾶσαν,
800 408 873 446 και
902 402 1044 453 ἐνδὺς,
1073 401 1177 457 μετὰ
1205 405 1339 444 τοῦτο
1372 401 1482 453 ἵζοιο
1514 401 1557 451 ἐς
1590 401 1669 444 τόν
1727 406 1808 448 517
1857 450 1859 455 .

411 474 543 531 ,,ἐμὸν
580 473 771 528 θρόνον,
810 470 884 513 καὶ
921 470 1065 513 ἔπειτα
1108 469 1156 512 ἐν
1198 470 1323 524 κοίτῃ
1353 471 1406 523 τῇ
1435 467 1513 524 ἐμῇ
1546 485 1671 511 κατυ-

416 541 692 595 ,,πνω’σειας.“

751 538 910 593 Ξέρξης
947 537 1026 591 μὲν
1063 536 1197 579 ταῦτά
1228 536 1270 579 οἱ
1298 535 1430 591 ἔλεγε·
1466 533 1671 592 Ἀρτάβα-

413 628 490 661 νος
529 609 574 652 δὲ
613 604 667 649 ού
706 609 767 664 τῷ
817 603 975 662 πρτότῳ
1019 605 1062 648 οῖ
1098 603 1352 658 κελεύσματι
1390 601 1664 658 πειθόμενος,
1681 610 1697 642 1

412 676 483 721 οἷα
503 674 585 720 οὐκ
607 671 857 727 ἀξιεύμενος
880 673 923 724 ἐς
945 673 1022 716 τὸν
1043 670 1274 728 βασιλήϊον
1302 669 1472 724 θρόνον
1493 671 1672 722 ἵζεσθαι,

384 744 531 852 2τέλος
544 741 599 792 ὥς
614 739 893 798 ἠναγκάζετο,
907 740 1181 791 εἵπαςτάδε,’
1165 740 1302 782 εποίεε
1314 738 1363 781 τό
1377 735 1672 792 κελευόμενον.

415 811 560 865 ,Ἴσον
599 809 760 861 ἐκεῖνο,
785 809 819 850 ὠ
850 810 1040 863 βασιλεῦ,
1070 805 1168 862 παρ’
1200 806 1297 861 ἐμοὶ
1317 806 1531 860 κέκριται,
1562 820 1673 859 φρο-

414 880 553 931 ,,νεέιν
567 893 610 920 τε
633 870 696 928 εὖ,
717 876 790 919 καὶ
809 879 869 932 τῷ
890 875 1059 931 λεγοντι
1071 875 1232 931 χρηστα
1254 873 1418 917 ἐθέλειν
1429 874 1672 916 πείθεσθαι·

404 963 484 1000 ,,τα
508 947 554 990 σὲ
571 944 645 990 καὶ
674 942 898 999 ἀμφότερα
927 942 1212 998 περιήκοντα,
1243 939 1492 995 ἀνθρώπων
1519 942 1702 982 κακῶνό

413 1012 604 1069 ,,ὁμιλίαι
642 1009 908 1067 σφάλλουσι·
948 1008 1058 1054 κατά
1087 1024 1167 1062 περ
1209 1007 1288 1064 τὴν
1318 1007 1495 1052 πάντων
1522 1017 1673 1062 χρησι-

579 1207 672 1258 Cap.
697 1207 800 1244 XVI.

417 1302 464 1327 ου
483 1288 539 1339 τῷ
561 1282 703 1340 πρώτῳ
723 1280 765 1326 οἵ
784 1281 1019 1336 κελεύσματι

360 1327 632 1394 πειθόμενος]
678 1345 702 1381 i.
727 1357 760 1380 e.
777 1345 928 1392 primum
946 1344 1019 1379 eius

359 1401 454 1438 dicto
481 1414 547 1437 non
580 1402 717 1450 paruit.
774 1401 874 1435 Nam
897 1400 1019 1435 Persis

361 1457 520 1507 capitale
538 1456 637 1493 fuit
627 1470 666 1492 m
686 1456 777 1493 sella
795 1457 898 1505 regia
923 1467 1020 1492 con-

360 1513 519 1561 sedisse,
548 1519 642 1550 teste
663 1513 793 1549 Curtio
813 1513 911 1559 VIII,
933 1511 959 1552 4
981 1513 1019 1557 ξ.

360 1572 387 1610 9
417 1571 573 1621 aliisque
601 1582 623 1606 a
649 1570 841 1606 Brissonio
860 1571 917 1604 De
937 1581 1017 1618 reg.

345 1627 483 1664 ⁴Perss.
513 1627 673 1676 princip.
702 1627 732 1672 I,
753 1628 806 1666 30
837 1626 1020 1662 excitatis.

360 1684 437 1719 Pro
476 1678 706 1733 κελεύσματι
744 1683 869 1732 plures
906 1680 1019 1717 codd.

362 1735 591 1789 κελεύματιε
615 1738 662 1775 de
676 1751 752 1791 quo
765 1737 841 1779 vid,
863 1743 959 1774 nott.
972 1736 1021 1773 ad

361 1796 425 1842 IV,
450 1794 543 1835 141.
600 1797 658 1831 De
688 1795 813 1832 dativo
836 1794 877 1833 οἱ
896 1794 1025 1830 confer

361 1853 409 1889 sis
429 1858 524 1888 nott.
545 1850 593 1888 ad
614 1854 643 1899 I,
661 1851 713 1892 34
733 1864 821 1901 pag.
842 1853 908 1891 91.
930 1852 1023 1890 926.

363 1906 466 1945 Add.
493 1909 560 1956 ΙΙΙ,
594 1907 658 1948 14.
691 1908 753 1948 15.
784 1908 849 1948 53.
870 1906 937 1948 55.
970 1904 1025 1946 74

364 1966 446 2002 init.

640 2054 678 2099 δ.
714 2056 749 2093 1.

411 2129 529 2172 ’Ίσον
545 2131 671 2172 ἐκεῖνο
683 2152 738 2160 -
753 2126 843 2182 παρ’
865 2128 951 2181 ε’μοὶ
963 2127 1026 2168 κε’-

365 2190 526 2239 κριται]
560 2189 658 2225 citat
688 2189 874 2225 stobaeus
903 2189 940 2233 3,
972 2188 1024 2226 68

368 2243 463 2296 (T.1
484 2259 520 2295 p.
537 2247 613 2285 103
635 2244 770 2290 Gaisf.)
793 2250 829 2280 et
850 2240 1023 2278 Eustath.

366 2300 416 2338 ad
444 2302 487 2338 ll.
520 2314 605 2351 pag.
637 2302 730 2347 238,
756 2301 805 2339 19
831 2300 909 2335 sive
933 2300 1024 2343 180,

368 2357 435 2398 34.
494 2356 556 2393 Ad
586 2357 701 2392 verba
731 2351 822 2406 παρ’
851 2353 937 2404 ἐμοὶ
976 2354 1024 2390 cf.

366 2414 414 2460 ll,
439 2416 516 2454 160
538 2419 573 2449 et
595 2411 642 2448 ad
662 2413 783 2462 ipsam
802 2412 1027 2448 sententiam

368 2469 522 2506 Hesiod.
555 2470 650 2519 Opp.
680 2475 716 2504 et
735 2469 783 2505 D.
811 2469 905 2508 291.
928 2469 1023 2506 293.

370 2527 507 2564 Graev.
531 2524 579 2562 ad
600 2526 718 2563 Cicer.
741 2537 809 2575 pro
824 2524 930 2561 Sext.
951 2522 1026 2563 40:

370 2595 467 2635 quae
488 2581 655 2619 laudavit
675 2579 858 2618 Valcken.

425 2665 473 2688 τα
504 2648 546 2688 σὲ
566 2648 633 2687 καὶ
653 2643 857 2699 ἆμφότερα
888 2662 1029 2699 περιη-

371 2720 513 2754 κοντα,
555 2701 788 2756 ἀνθρώπων
819 2707 953 2743 κακῶν
986 2702 1027 2742 ὁ-

371 2763 497 2813 μιλίαι
518 2758 767 2810 σφάλλουσι]
791 2762 906 2798 Recte
929 2761 1028 2811 cepit

370 2817 698 2870 Schweighaeus.:
748 2830 890 2868 quorum
924 2829 1028 2867 quum

1077 1208 1260 1255 utrumque
1301 1204 1366 1241 tibi
1400 1205 1506 1251 insit,
1540 1213 1734 1252 pravorum

1076 1261 1250 1299 hominum
1277 1260 1449 1310 colloquia
1472 1262 1510 1297 in
1531 1271 1675 1296 errorem
1700 1262 1734 1295 te

1077 1318 1309 1361 inducunt‚in
1324 1319 1405 1368 ipsa
1418 1317 1623 1353 verborum
1634 1321 1735 1352 stru-

1077 1382 1183 1411 ctura
1204 1382 1342 1421 errans,
1364 1374 1394 1409 si
1414 1371 1572 1424 quidem
1583 1372 1736 1423 proprie

1075 1433 1191 1468 verba
1234 1432 1286 1468 sic
1326 1428 1537 1467 ordinanda
1584 1434 1734 1465 censet·

1075 1486 1221 1539 ὁμιλίαι
1244 1484 1365 1536 οἷνθρ.
1387 1501 1475 1525 κακ.
1513 1481 1738 1533 σφαλλουσί

1077 1557 1119 1584 σε
1132 1558 1372 1595 περιηκοντα
1388 1545 1511 1581 ταῦτα
1522 1537 1736 1592 οἷμφὸτερα,

1077 1614 1165 1638 cum
1187 1613 1230 1636 ea
1251 1601 1376 1650 potius
1396 1601 1441 1635 sit
1461 1599 1614 1635 illorum
1637 1604 1740 1634 stru-

1077 1664 1209 1694 ctura:
1277 1654 1429 1706 ὁμιλίαι
1470 1651 1598 1721 α’νθρ.
1647 1667 1738 1692 nan.

1082 1709 1301 1776 σφαλλουσι
1321 1714 1443 1750 ταῦτα
1455 1706 1656 1762 αμφὸτερα
1668 1723 1738 1748 πε-

1082 1784 1272 1821 ριηκοντα
1310 1779 1372 1815 σε,
1411 1769 1462 1804 ita
1483 1774 1525 1803 ut
1555 1766 1740 1804 accusati-

1080 1839 1150 1863 vus
1181 1822 1222 1864 σὲ
1254 1823 1418 1875 pendeat
1438 1836 1459 1859 a
1488 1820 1740 1874 περιήκοντα,

1083 1880 1186 1934 quod
1215 1882 1340 1931 ipsum
1367 1881 1617 1917 coniunctum
1651 1890 1742 1916 cum

1081 1941 1204 1977 ταῦτα
1225 1937 1408 1973 referatur
1428 1935 1476 1973 ad
1506 1931 1741 1986 σφαλλουσι.

1082 1996 1139 2032 Ac
1160 1995 1320 2031 verbum
1341 1989 1742 2039 σφαλλεινεοῑίνειιιο-

1081 2053 1185 2088 tione
1207 2050 1310 2087 idem
1321 2050 1446 2086 valere
1467 2047 1742 2100 quchatino-

1081 2120 1168 2144 rum
1179 2106 1310 2156 fallere
1329 2105 1430 2155 apud
1458 2106 1612 2141 Livium
1631 2104 1739 2150 XXI,

1081 2166 1135 2204 36
1166 2163 1338 2199 observat
1367 2159 1610 2198 Valckenaer.
1679 2158 1742 2196 Ad

1081 2221 1310 2256 sententiam
1340 2218 1413 2254 loci
1447 2224 1548 2254 recte
1579 2216 1743 2253 afferunt

1081 2276 1190 2312 Paul.
1212 2274 1259 2311 ad
1287 2276 1316 2311 1.
1340 2272 1508 2312 Corinth.
1530 2273 1653 2321 XXV,
1675 2274 1742 2320 33,

1068 2366 1069 2369 ,
1082 2333 1147 2368 ubi
1168 2330 1244 2370 vid.
1265 2331 1457 2369 Wetsteu.

1140 2417 1239 2460 κατά
1249 2435 1321 2471 περ
1332 2417 1379 2471 τή
1385 2435 1406 2458 v
1429 2414 1591 2459 πάντων
1606 2430 1744 2469 χρησι-

1085 2473 1269 2528 μωτάτην
1301 2471 1556 2528 α’νθρώποισι
1587 2472 1744 2514 θάλασ-

1086 2546 1160 2572 σαν
1182 2549 1218 2572 κ.
1243 2549 1275 2571 τ.
1296 2534 1356 2582 λ.]
1389 2531 1485 2581 „Ad
1528 2531 1744 2568 multitudi-

1084 2603 1176 2626 nem
1199 2591 1469 2627 traustuieruut
1485 2595 1661 2635 oratores,
1672 2599 1744 2624 na-

1085 2654 1167 2683 tura
1187 2660 1253 2683 sua
1274 2647 1386 2683 maris
1418 2647 1535 2682 instar
1562 2643 1744 2695 tranquil-

1085 2704 1184 2751 lam,
1250 2702 1386 2752 demag
1377 2714 1553 2752 ogorum
1587 2700 1744 2737 flabellis

1085 2767 1269 2813 uunquam
1289 2761 1410 2796 ventis
1415 2732 1653 2809 Oprocellosis
1685 2757 1745 2792 fa-

1085 2818 1156 2854 cile
1184 2814 1463 2853 concitandam.

1530 2811 1744 2851 Herodotea
1770 2856 1778 2862 ἱ

1825 965 1831 984 2

1831 1038 1858 1094 ἐξ
