1897 3340
596 133 903 174 ERATO.
959 133 1042 173 VI.
1374 139 1458 180 305

195 246 391 302 τιητέων·
436 242 714 288 ἀποθανοῦσι
753 241 822 292 δὲ,
860 238 973 284 τάδε.
1032 238 1178 292 ἱππέες
1214 256 1396 299 motam
1399 243 1459 288 ελ

195 382 240 426 δὲ
266 397 346 436 την
374 379 502 423 πόλιν
525 381 727 432 γυναῖκες
750 380 1011 430 περιιοῦσαι,
1041 376 1198 432 λέβητα
1216 380 1459 431 κροτέουσι.

161 448 326 492 Ξέπεοὶν
355 442 418 490 ὧν
445 449 576 488 τοῦτο
607 443 780 500 γένηται
812 448 988 486 τοιοῦτο
1006 474 1018 494 ,
1058 441 1225 500 ἀνάγκη
1247 445 1289 496 ἐξ
1320 447 1512 503 οἰκίηςὸο

191 515 371 569 ἑκάστης
408 511 667 565 ἐλευθέρους
708 510 789 554 δύο
818 512 1198 566 καταμιαίνεσθαι,
1234 511 1375 569 ἄνδρα
1403 531 1448 559 τε
1502 519 1586 563 464

189 583 262 626 καὶ
290 584 496 636 γυναῖκα·
528 579 585 635 μή
616 578 825 633 ποιήσασι
851 580 896 621 δὲ
914 582 1068 632 τοῦτο,
1101 581 1243 634 ζημίαι
1273 581 1457 637 μεγάλαι

159 648 421 692 3ἐπικὲαται.
462 646 597 703 νόμος
618 647 663 690 δὲ
679 651 793 689 τοῖσι
815 648 1199 702 Λακεδαιμονίοισι
1227 650 1336 692 κατοὶ
1366 653 1455 695 τῶν

188 714 399 771 βασιλέων
429 714 535 765 τοὺς
566 712 791 765 θανάτους
820 713 907 757 ἐστὶ
934 713 1075 765 ωυτός
1102 715 1176 758 καὶ
1205 722 1317 760 τοῖσι
1347 722 1452 774 βαρ-

185 782 364 838 βάροισι
392 787 506 825 τοῖσι
538 782 584 825 ἐν
613 799 664 837 τῃ
683 780 826 838 Ἀσίῃ·
863 785 953 824 τῶν
991 781 1073 837 γὰρ
1117 777 1179 824 ὦν
1215 783 1508 839 βαρβάρωνδό

186 852 230 893 οἱ
258 853 437 901 πλεῦνες
465 852 529 906 τῷ
559 847 678 905 αὐτῷ
708 848 830 908 νόμῳ
860 850 1071 904 χρέωνται
1099 867 1208 894 κατα
1237 851 1341 903 τούς
1370 858 1450 897 θα-

157 916 349 969 4νάτους
379 922 468 961 τῶν
505 916 731 974 βασιλέων.
790 917 920 960 ἐπεάν
953 916 1038 972 γὰρ
1077 916 1281 976 ἀποθάνῃ
1321 922 1450 976 βασι-

187 985 288 1038 λεύς
314 987 696 1043 Λακεδαιμονίων,
741 984 790 1029 ἐκ
829 983 971 1042 πάσης
1007 987 1074 1030 δεῖ
1106 988 1449 1044 Λακεδαίμονος,

126 1161 251 1198 ταῦτα
262 1157 333 1212 μὲν
348 1155 407 1207 ζοᾶ
421 1175 440 1199 ο
452 1174 477 1198 ὐ
489 1170 511 1198 σ
525 1174 538 1198 ι
561 1158 659 1211 (pro
679 1159 787 1208 vulg.

129 1218 253 1264 ζῶσι)
300 1221 402 1256 τοῖσι
435 1217 640 1267 βασιλεῦσι
679 1222 716 1252 et
746 1217 786 1250 in

127 1286 235 1324 seqq.
255 1269 395 1341 τωῦτῷ
417 1268 542 1327 νόμω.
583 1272 734 1309 Paulo*
724 1285 789 1307 in—

127 1330 242 1366 serius
269 1344 316 1368 τα
345 1328 502 1381 μέτωπα
540 1331 678 1366 omittit
699 1341 788 1365 cum

129 1387 221 1422 aliis.
266 1385 329 1422 Ad
349 1398 459 1423 voces
479 1384 522 1424 ἐκ
547 1388 622 1425 τοῦ
646 1386 790 1424 κοινοῦ

127 1443 228 1481 conf.
245 1449 340 1479 nott.
361 1442 408 1479 ad
431 1442 472 1489 V,
489 1445 579 1483 109.
592 1463 643 1469 —-
664 1443 786 1480 ταῦτα

126 1498 190 1536 hic
225 1498 274 1536 ad
307 1498 570 1535 antecedentia
608 1499 783 1548 pertinet,

125 1552 220 1595 τάδε
239 1554 287 1592 ad
306 1556 516 1608 sequentia,
536 1561 578 1591 ut
602 1555 664 1602 VI,
686 1554 754 1595 53.

179 1610 323 1663 λέβητα
365 1609 598 1663 κροτέουσι]
657 1608 780 1647 Codd.

125 1668 281 1721 quidem
314 1667 503 1720 λέβητας;
534 1680 610 1719 quo
650 1674 782 1704 tamen

123 1727 191 1763 vix
211 1738 316 1776 opus.
364 1724 544 1761 Eundem
571 1737 721 1760 morem
740 1725 781 1759 iu

123 1795 213 1832 rege
245 1782 435 1818 Laconico
473 1787 625 1817 mortuo
660 1781 783 1829 attigit

125 1838 258 1876 Schol.
280 1837 477 1875 Theocrit.
497 1839 544 1884 ΙΙ,
577 1839 644 1877 36.
704 1837 780 1872 Pro

123 1896 280 1948 γίνηται
300 1924 310 1942 ,
359 1893 463 1946 quod
511 1891 704 1931 Schaefer.
745 1899 782 1929 et

122 1951 258 1988 Matth.
289 1952 473 1998 retinent,
505 1949 592 1987 dedi
620 1949 781 2003 γένηται

122 2008 226 2061 quod
254 2009 492 2044 Florentinus
524 2014 638 2058 atque
677 2007 780 2043 San-

121 2066 233 2115 crofiti
251 2065 346 2101 liber
355 2064 593 2114 suggerebat.
614 2065 657 2099 In
670 2075 776 2114 seqq.

120 2123 236 2159 verbo
255 2124 584 2172 καταμιαίνεσθαι
596 2121 638 2168 (i.
651 2133 682 2156 e.
697 2133 778 2156 con-

120 2178 316 2228 taminari)
344 2180 410 2215 vix
440 2176 542 2213 aliud
562 2176 774 2229 quidquam

120 2242 234 2288 atque.
254 2235 368 2271 luctus
385 2233 594 2281 indicatur3
624 2241 665 2270 ut
683 2245 777 2269 sane

121 2292 250 2328 mirari
269 2292 400 2328 subeat
416 2320 425 2339 ‚
455 2292 494 2326 in
514 2303 603 2340 rege
622 2297 773 2326 mortuo

123 2348 212 2383 talia
231 2348 311 2382 fieri
324 2376 333 2394 ‚
364 2360 460 2398 quae
479 2348 519 2382 in
538 2348 773 2397 privatorum

121 2403 228 2439 luctu
273 2415 421 2452 prorsus
467 2402 607 2439 indicta
655 2410 775 2439 erant.

122 2460 226 2495 Bene
257 2457 305 2495 ad
334 2457 372 2494 h.
392 2459 418 2494 l.
447 2457 775 2509 Schweighaeus.2

124 2517 248 2562 „Nota
289 2516 549 2551 Romanorum
587 2515 772 2552 formula:

125 2570 222 2608 luctu
242 2571 419 2621 squalere,
449 2572 487 2606 in
511 2570 606 2607 luctu
626 2575 658 2606 et
668 2585 775 2620 squa-

125 2626 194 2664 lore
238 2640 318 2663 esse.
374 2628 508 2663 Nescio
547 2639 595 2663 an
637 2627 774 2664 eodem

125 2683 336 2733 pertineant
366 2683 407 2721 οἷ
423 2681 608 2733 μιασμοὶ,
640 2684 774 2734 quibus

123 2740 162 2775 in
191 2740 421 2790 privatorum
448 2738 650 2776 hominum
670 2739 775 2778 obitu

179 2797 399 2833 Hauonor.
419 2796 487 2833 ΠΙ.
747 2792 750 2796 ’

842 1159 1029 1195 abstinere
1049 1159 1248 1211 Spartani,
1287 1174 1336 1198 ex
1354 1160 1505 1213 Lycur-

843 1217 882 1265 gi
911 1216 1079 1265 iegibus,
1129 1216 1362 1265 debuerunt,
1401 1219 1505 1256 refe-

842 1279 948 1308 rente
960 1272 1185 1309 Plutarcho
1175 1287 1213 1309 in
1226 1275 1405 1312 Institutt.
1423 1276 1504 1312 La·-

844 1342 957 1365 conn.
980 1343 1017 1379 p.
1039 1331 1119 1370 238
1140 1331 1187 1366 D.
1194 1331 1216 1349 “
1238 1332 1365 1367 ——In
1381 1344 1503 1395 seqq.

845 1384 933 1422 dedi
953 1385 1146 1436 βασιλεῦον
1157 1399 1225 1437 pro
1246 1382 1451 1438 βασιλήων
1464 1395 1502 1426 et

842 1444 898 1496 τῷ
927 1438 1035 1495 αὐτῷ
1079 1455 1149 1492 plo
1192 1439 1350 1497 nonii-93,
1397 1443 1503 1496 quod

841 1497 1049 1545 Schaefen,
1079 1497 1218 1536 Matth.
1255 1506 1292 1536 et
1327 1498 1502 1542 Bekker.

837 1556 1086 1604 retinuerunt,
1109 1562 1146 1592 et
1163 1555 1263 1592 infra
1282 1551 1414 1596 αὐτῶν
1428 1570 1501 1608 pro

839 1608 1006 1651 αὐτέων.

893 1667 936 1707 ἐκ
958 1664 1090 1719 ποέσης
1110 1668 1175 1707 δεῖ
1195 1668 1502 1720 Λακεδαίμονος

836 1739 874 1764 κ.
904 1739 936 1762 τ.
960 1725 1025 1773 λ.]
1083 1726 1184 1773 „Sic
1215 1728 1285 1762 ista
1314 1725 1500 1777 capienda

836 1780 987 1818 iudico:
1024 1794 1158 1819 necesse
1180 1785 1230 1818 est
1260 1785 1324 1828 ut,
1355 1786 1499 1831 praeter

839 1838 1050 1888 Spartiatas
1064 1865 1075 1884 ‚
1088 1837 1204 1887 funus
1225 1838 1280 1875 vel
1303 1840 1413 1874 inviti
1437 1852 1497 1875 co-

836 1897 999 1931 mitentur
1018 1897 1210 1930 ceterarum
1226 1895 1363 1930 urbium
1373 1893 1497 1932 Laco-

835 1953 996 1988 m'carum
1009 1951 1145 1987 incolae
1157 1954 1250 1987 certo
1268 1963 1421 1987 numero.
1438 1973 1496 1980 —

835 2003 998 2061 α’ριθμῷ
1026 2007 1211 2057 significat
1232 2010 1323 2044 certo
1356 2020 1494 2044 numero

833 2065 894 2101 vel
921 2064 1076 2114 definito.
1114 2064 1272 2100 Lucian.
1299 2063 1350 2099 T.
1378 2064 1432 2099 ΙΠ
1452 2077 1494 2115 p.

832 2118 1494 2171 302.Τ.ΙΡ.750,57-Τ11ιιογᾶ.

829 2178 877 2224 II⁷
899 2179 966 2216 72.
980 2179 1003 2197 “
1042 2175 1258 2215 Valcken.
1295 2176 1491 2242 Equidem

826 2235 945 2284 iungo
965 2248 1048 2273 των
1067 2232 1282 2284 πεοιοίκων
1312 2247 1492 2284 αναγκα-

829 2288 968 2337 στους,
1014 2297 1057 2327 ut
1086 2292 1220 2326 coactos
1250 2288 1437 2341 quosdam
1466 2302 1490 2327 e

828 2347 1011 2398 perioecis
1040 2358 1160 2396 eosque
1179 2348 1270 2382 certo
1297 2359 1340 2382 ac
1363 2346 1491 2396 defini-

829 2408 863 2440 to
883 2416 1045 2440 numero
1064 2401 1194 2439 adesse
1227 2401 1400 2442 debuisse
1421 2415 1491 2440 co·-

830 2462 1008 2510 gitemus.
1064 2461 1200 2511 Neque
1229 2459 1334 2495 enim
1363 2460 1497 2509 placet

829 2517 1000 2554 Werferi
1014 2517 1107 2553 ratio
1129 2517 1248 2566 (Actt.
1269 2514 1377 2566 phul.
1397 2516 1488 2552 Mo·-

828 2585 934 2612 nacc.
965 2575 984 2609 I
1009 2587 1048 2623 p.
1075 2570 1158 2613 240
1186 2572 1313 2624 seqq.)
1342 2572 1486 2620 geniti-

828 2642 922 2666 vum
949 2630 1028 2667 τῶν
1058 2629 1273 2679 περιοίκων
1304 2626 1353 2664 ad
1380 2622 1484 2665 οἰνα-

828 2697 1020 2737 γκαστους
1031 2685 1160 2721 referri
1176 2697 1285 2735 posse
1297 2682 1483 2732 negantis,

827 2754 899 2779 nec
918 2743 1040 2793 magis
1056 2739 1239 2778 accedam
1258 2741 1301 2779 O.
1324 2737 1483 2777 O.M'ul-

1153 2799 1209 2838 20

1516 256 1576 284 buti
1582 257 1684 291 ,haud
1695 258 1783 289 dissi-

193 318 322 358 λουσι
352 312 402 356 τὸ
434 310 610 366 γεγονός
631 325 741 352 κατα
762 311 909 351 πᾶσαν
937 324 1017 364 την
1036 309 1317 365 Λακωνικην·
1347 328 1458 356 κατα
1514 291 1688 356 fflr‘fflflssfs
1682 295 1746 322 ΜΒ

1882 213 1883 218 ,
1892 206 1895 214 α

1867 232 1897 432 Ι

1868 671 1897 972 Λωεὲι
1872 615 1897 663 f*
