1897 3340
448 194 1105 236 TERPSICHORE.
1164 199 1210 235 V.

1416 202 1469 241 51

203 308 263 359 ὥς
279 307 481 351 ἐνθεῦτεν
495 304 628 360 βορέῃ
650 301 794 363 α’νέμῳ
819 304 862 355 ἐς
877 303 956 360 τὴν
969 305 1124 357 Νάξον
1143 307 1370 362 διαβάλοι·
1393 311 1466 352 καὶ

206 375 261 420 οὐ
288 374 372 431 γάρ
411 374 498 417 ἔδεε
535 372 676 429 τούτῳ
715 375 779 428 τῷ
817 369 955 431 στόλῳ
986 375 1181 426 Ναξίους
1210 373 1467 428 ἀπολέσθαι,

173 447 381 499 3πρῆγμα
427 439 600 483 τοιόνδε
645 441 909 495 συνηνείχθη
949 440 1171 496 γενέσθαι.
1215 443 1466 496 περιϊόντος

198 507 465 565 Μεγαβάτεω
494 507 573 559 τας
610 507 682 551 ἐπὶ
714 511 806 551 τῶν
845 508 1219 568 νεῶνγφυλακοὶς,
1257 509 1328 554 ἐπὶ
1368 511 1467 564 νεός

196 578 398 631 Μυνδίης
430 575 548 632 ἔτυχε
579 573 724 627 οὐδεὶς
757 575 1021 632 φυλάσσων
1075 575 1098 621 ὁ
1131 578 1198 630 δὲ,
1242 578 1393 622 δεινόν
1421 587 1632 630 τι85()1,ιίυιιι
1659 596 1797 629 appellit.

193 643 511 701 ποιησάμενος,
546 644 741 688 ἐκέλευσε
760 643 868 694 τούς
897 644 1179 700 δορυφόρους
1208 645 1464 701 ἐξευρόντας

192 713 271 756 τὸν
301 712 493 768 ἄρχοντα
522 710 683 769 ταύτης
709 716 787 768 τῆς
815 712 937 764 νεὸς,
967 717 1029 770 τῷ
1060 712 1231 770 οὔνομα
1260 708 1316 770 ἦν
1345 714 1463 758 Σκύ-

192 781 293 832 λαξ,
325 784 483 824 τοῦτον
514 782 642 836 δῆσαι
676 779 749 824 διὰ
777 782 995 838 θαλαμίης
1017 780 1240 834 διελόντας
1267 787 1341 839 τῆς
1363 784 1462 836 νεὸς

191 848 304 891 κατὰ
332 852 486 897 τοῦτο,
530 849 610 901 ἔξω
644 848 725 905 μὲν
763 847 962 906 κεφαλὴν
989 853 1249 903 ποιεῦντας,
1290 851 1374 895 ἔσω
1415 852 1463 896 δὲ

133 998 294 1050 ἐγίνετο,
306 997 421 1051 ‚quod
433 999 588 1036 retinuit
597 998 792 1048 Matthiae,
845 1013 910 1050 per
926 999 1123 1049 infimorum
1139 1002 1244 1037 navis
1272 1014 1439 1039 remorum
1452 1002 1516 1053 fo-

134 1055 224 1093 dedi
255 1069 344 1092 cum
375 1054 596 1107 Sc-hweigh.
618 1063 655 1094 et
677 1058 794 1094 Gaisf.

134 1126 156 1150 e
184 1114 424 1159 Florentino,
446 1114 540 1150 aliis.
596 1115 655 1150 De
682 1115 795 1152 locu-

132 1171 236 1207 tione
258 1168 358 1220 ἔχειν
378 1166 448 1216 τοὶς
466 1172 568 1216 ναῦς
590 1171 647 1217 εἰς
665 1166 794 1210 τόπον

131 1223 220 1265 τινά
263 1227 364 1263 conf.
406 1234 502 1263 nott.
543 1226 592 1263 ad
629 1228 693 1276 IV,
724 1230 792 1268 76.

134 1282 297 1320 Caucasa
337 1296 436 1334 quae
467 1283 609 1320 fuerint
640 1291 676 1320 et
705 1285 794 1320 ubi-

130 1353 222 1376 nam
240 1370 249 1388 ,
270 1338 374 1376 haud
393 1341 533 1391 liquet,
563 1341 669 1377 nulla
690 1342 793 1377 enim

131 1397 205 1432 alia
221 1426 230 1443 ,
262 1404 450 1448 quantum
470 1398 560 1443 scio,
590 1395 703 1434 huius
718 1398 794 1434 loci

128 1454 274 1490 mentio
295 1452 398 1503 apud
429 1460 588 1490 veteres.
627 1455 790 1490 Portum

129 1517 196 1546 aut
215 1511 345 1546 vicum
364 1510 478 1546 fuisse
503 1510 699 1560 probabile
721 1517 789 1547 est.

126 1565 189 1603 Ad
215 1578 327 1603 voces
362 1564 484 1618 βορέῃ
518 1562 651 1618 οἷνέμῳ
684 1567 787 1604 conf,

125 1629 222 1660 nott.
233 1621 281 1659 ad
291 1623 355 1670 IV,
367 1626 405 1663 7.
427 1623 596 1659 Verbum
618 1619 788 1675 διαβάλ-

125 1682 207 1719 λειν
245 1679 384 1717 eodem
423 1680 633 1717 traz‘z'cc'endi
675 1694 788 1718 sensu

123 1737 170 1784 V,
199 1735 266 1777 34.
297 1735 366 1777 44.
403 1737 473 1784 IX,
497 1736 590 1777 114.
610 1737 785 1789 Euripid.

125 1793 263 1844 Suppl.
280 1795 361 1834 930
377 1793 478 1830 alibi.

182 1845 232 1889 ου’
251 1847 326 1903 γοῖρ
361 1849 442 1889 ἔδεε
460 1871 516 1877 -
540 1844 784 1898 οἷπολέσθαι]

123 1907 322 1943 Pertinent
366 1905 464 1944 haec
512 1905 561 1943 ad
599 1906 787 1944 Herodoti

123 1965 351 2001 sententiam
373 1962 420 2000 de
441 1964 532 2011 fato,
555 1976 632 2015 quo
655 1966 786 2001 omnia

121 2019 212 2057 inde
242 2021 288 2057 ab
318 2021 427 2058 initio
456 2023 509 2057 ita
535 2027 623 2057 sunt
643 2022 787 2058 consti-

121 2083 220 2125 tuta,
251 2084 294 2114 ut
322 2091 538 2130 numquam
558 2078 638 2114 ullo
666 2077 785 2116 modo

120 2134 315 2171 immutari
356 2141 421 2171 aut
459 2135 579 2172 averti
627 2136 784 2186 possint.

124 2191 247 2239 Confi,
285 2204 334 2227 ne
362 2193 492 2242 plura,
521 2198 618 2230 nott.
650 2191 699 2229 ad
738 2193 785 2241 V,

125 2248 180 2289 92
201 2249 238 2294 ξ.
260 2246 298 2287 4.
314 2269 370 2276 —-
400 2251 445 2285 In
464 2262 570 2301 seqq.
594 2245 726 2289 δεινόν
747 2264 784 2289 τι

123 2301 395 2355 ποιησάμενος
410 2307 489 2342 noli
502 2305 628 2342 delere
646 2321 693 2344 τι.
716 2307 783 2343 Tu

123 2361 253 2397 confer
273 2360 320 2398 de
340 2362 596 2411 locutione,in
616 2376 692 2415 qua
703 2365 785 2400 He-

122 2416 277 2455 rodotus
319 2420 534 2469 promiscue
583 2426 621 2457 et
660 2422 783 2458 activo

123 2475 238 2511 verbo
270 2481 307 2511 et
338 2475 466 2513 medio
487 2477 616 2523 utitur,
646 2477 691 2524 V,
714 2476 783 2518 41.

123 2529 188 2570 82.
208 2530 275 2571 42.
294 2532 360 2579 ΠΙ,
390 2533 482 2574 155.
507 2532 558 2573 14
579 2534 670 2585 ibiq.
683 2541 780 2572 nott.

178 2589 318 2626 τοῦτον
345 2589 468 2638 δῆσαι
490 2586 555 2629 διοῖ
575 2591 781 2642 θαλαμίης

124 2637 321 2690 διελόντας
335 2647 407 2695 τῆς
427 2643 513 2693 νεὸς
539 2643 640 2686 κατοέ
662 2650 780 2688 τοῦτο

123 2709 162 2734 κ.
197 2712 230 2738 τ.
262 2701 326 2748 λ.]
368 2703 394 2738 i.
416 2715 450 2739 e.
473 2703 693 2753 praesectum
715 2718 780 2742 na-

125 2754 178 2789 vis
198 2756 337 2802 quando
348 2757 659 2808 deprehendissent,
671 2763 780 2799 iussit

123 2809 291 2848 satellites
314 2815 445 2852 vincire
463 2828 606 2866 eumque
624 2818 774 2856 medium

851 1060 992 1094 rumina
1024 1058 1080 1104 z'tgz
1101 1056 1279 1106 alligare,
1317 1064 1360 1096 ut
1378 1063 1515 1096 extror-

850 1126 927 1151 sum
966 1116 1073 1163 caput
1102 1116 1338 1165 promineret,
1386 1118 1516 1153 intror-

851 1183 928 1207 sum
961 1183 1089 1219 corpus
1104 1170 1290 1220 reliquum.
1339 1173 1414 1209 Ubi
1436 1172 1514 1210 dis-

849 1228 966 1278 plicet
1008 1228 1258 1278 Wesselingii
1296 1231 1515 1267 coniectura

851 1284 1063 1329 διελῶντας
1091 1286 1309 1334 reponentis
1338 1299 1407 1336 pro
1430 1287 1513 1326 διε-

848 1337 998 1385 λόντας.
1038 1341 1138 1376 Nam
1157 1342 1267 1378 illum
1286 1343 1430 1379 vincire
1450 1345 1514 1380 iu-

849 1397 988 1433 bentur
1019 1398 1218 1445 satellites,
1249 1399 1404 1450 quando
1425 1413 1513 1437 me-

849 1452 957 1489 dium
968 1454 1257 1503 intercepissent
1270 1456 1511 1506 alligassent—

846 1522 922 1561 que
952 1510 1229 1557 foraminibus,
1270 1525 1429 1563 corpore
1458 1515 1512 1550 ita

846 1566 955 1617 quasi
977 1564 1116 1611 diviso,
1136 1573 1180 1603 ut
1201 1568 1318 1605 altera
1338 1582 1424 1620 pars
1437 1583 1509 1606 ex-

844 1629 1011 1659 trorsum
1041 1631 1262 1674 appareret,
1297 1626 1416 1663 altera
1446 1627 1510 1663 in—

844 1686 993 1716 torsum
1013 1687 1110 1717 esset
1121 1679 1287 1718 condita.
1345 1682 1408 1720 Ad
1429 1687 1511 1723 θα·

844 1737 989 1788 λαμίης
1026 1737 1337 1775 subaudiendum
1387 1735 1508 1792 ὀπῆς,

844 1792 892 1830 de
916 1807 991 1845 qua
1006 1807 1100 1831 voce
1120 1796 1173 1831 ita
1185 1794 1343 1832 Brunck
1356 1795 1404 1833 ad
1418 1798 1509 1834 Ari-

843 1850 970 1901 stoph.
991 1851 1082 1888 Pac.
1107 1854 1239 1892 1232:
1284 1854 1510 1904 ,,θαλαμίαι

845 1902 942 1946 ὄπαὶ
980 1908 1218 1944 vocabantur
1256 1909 1299 1945 in
1327 1910 1508 1947 inferiore

842 1965 933 2001 navi
962 1964 1174 2011 foramina,
1213 1979 1283 2016 per
1314 1979 1413 2018 quae
1434 1981 1506 2004 ex-

842 2022 1065 2058 serebantur
1085 2022 1222 2058 remi.“
1253 2021 1357 2060 Add.
1379 2023 1506 2061 Inter‘-

841 2085 956 2128 prett.
977 2077 1026 2115 ad
1044 2077 1239 2129 Aristoph.
1260 2081 1358 2117 Ran-
1384 2083 1506 2122 1013.

841 2156 898 2161 —
917 2132 1018 2174 κατὰ
1036 2138 1168 2183 τοῦτο,
1191 2135 1296 2188 quod
1317 2135 1504 2188 Schwgh.

841 2191 966 2229 reddit
993 2205 1069 2230 eam
1100 2193 1140 2229 ob
1169 2206 1337 2242 causam,
1367 2195 1505 2231 malim

841 2248 1023 2301 equidem
1037 2248 1220 2286 reddere:
1241 2263 1279 2287 eo
1298 2250 1409 2299 modo,
1431 2264 1503 2289 nec

838 2318 970 2343 moror
1001 2305 1105 2358 quod
1140 2308 1310 2358 sequitur
1338 2311 1505 2347 ποιεῦν-

841 2375 930 2409 ταςε
945 2376 1064 2415 quum
1073 2365 1268 2414 participia
1281 2365 1421 2415 passim
1432 2364 1503 2401 ad-

840 2418 1056 2467 hibeantur,
1068 2421 1134 2457 ubi
1143 2420 1504 2472 infinitivum,prae-

839 2478 961 2527 posita
971 2478 1156 2528 particula
1169 2473 1279 2525 ὥστε,
1302 2485 1504 2528 exspecta-

1524 324 1671 359 cxulibus,
1692 327 1798 363 Mega-

1524 354 1621 391 bates,
1642 364 1675 386 ut
1696 362 1799 389 Naxiis

1525 395 1616 428 qaus-a
1637 396 1760 428 expedi-

1522 424 1616 461 tionis
1636 426 1758 463 lateret,

1524 463 1620 494 [vr-{1110
1643 465 1765 494 septen-

1524 493 1653 518 trionem
1677 501 1783 521 verens

1524 530 1645 552 cursum
1666 526 1782 562 dirigit,

1523 556 1714 595 classemque
1737 563 1764 588 in

1520 624 1565 651 1b1
1589 634 1655 653 cum
1677 630 1799 658 boream

1521 661 1779 699 praestolaretur,

1523 702 1590 720 cum
1602 695 1781 730 Aristagora

1521 727 1648 763 rixatus,
1669 739 1731 756 rem

1521 768 1640 789 omnem
1654 763 1761 791 Naxiis

1519 794 1588 831 ipse
1612 797 1719 832 prodit.

839 2534 918 2571 bas.
949 2535 1015 2571 Tu
1034 2533 1126 2582 vid„
1146 2547 1195 2570 ne
1216 2535 1338 2586 plura,
1365 2534 1503 2573 Matth.
1526 2549 1529 2553 ·

838 2591 906 2628 Gr.
937 2592 1003 2628 Gr.
1023 2604 1111 2642 pag.
1131 2594 1320 2632 1091.—
1339 2591 1404 2629 Ad
1415 2605 1503 2629 ver-

837 2648 932 2684 bum
953 2647 1184 2700 παραιτέετο
1215 2649 1317 2686 conf.
1337 2655 1434 2686 nott.
1452 2647 1501 2685 ad

836 2705 902 2752 111,
928 2707 1020 2746 132.
1048 2727 1105 2732 —
1142 2706 1187 2741 In
1217 2718 1324 2758 seqq.
1366 2703 1500 2756 ἐσπέρ-

837 2775 923 2812 χετο
961 2768 1033 2798 est:
1074 2764 1282 2799 succensuit.
1342 2763 1399 2797 De
1421 2773 1498 2811 quo

836 2818 956 2856 verbo
966 2819 1201 2868 Wesseling.
1215 2820 1305 2855 citat
1315 2818 1346 2853 A
1350 2817 1497 2868 pollon.

1142 2873 1169 2913 4
1191 2871 1217 2894 ur
