1897 3340
401 183 486 224 730

799 180 1253 219 HERODOTI

401 288 710 344 προσλογιστέα
738 288 878 349 τούτῳ
904 289 1032 332 παντὶ
1060 292 1121 344 τῷ
1151 288 1485 347 ἐξηριθμημένῳ.
1517 289 1647 346 δόκη-

378 364 483 400 2σιν
522 356 568 399 δὲ
607 357 675 399 δεῖ
713 357 864 411 λέγειν.
923 356 1022 407 νέας
1050 355 1128 412 μέν
1155 373 1239 399 νυν
1269 357 1312 399 οἱ
1341 354 1425 400 α’πό
1460 361 1704 416 Θρηΐκης50

387 423 620 479 ‘'EI-Anates,
664 424 737 467 καὶ
775 424 820 468 ἐκ
855 428 943 467 τῶν
980 424 1125 480 νήσων
1161 427 1245 466 τῶν
1282 423 1560 479 ἐπικειμένων
1594 429 1649 483 τῇ

405 493 600 547 Θρηΐκῃ,
630 492 885 546 παρείχοντο
917 493 1051 534 ε’ίκοσι
1079 491 1151 535 καὶ
1171 491 1337 535 ἑκατόν.
1384 492 1432 536 ἐκ
1461 494 1540 548 μέν
1563 509 1648 536 νυν

399 558 586 602 τουτέων
615 562 704 600 τῶν
731 561 843 602 νεῶν
871 557 1026 612 ἄνδρες
1052 560 1376 614 τετρακισχίλιοι
1395 560 1468 603 καὶ
1499 559 1648 615 δισμύ-

378 632 499 680 3ριοι
533 626 742 680 γίνονται.
799 629 930 678 πεζοῦ
959 627 1029 675 δὲ,
1059 627 1136 670 τόν
1166 627 1347 683 Θρήϊκες
1379 630 1646 684 παρείχοντο,

401 693 475 736 καὶ
506 693 706 744 Παίονες,
746 693 820 735 καὶ
853 690 1049 747 Ἐορδοὶ,
1095 694 1169 737 καὶ
1205 697 1447 749 Βοττιαῖοι,
1487 696 1562 739 καὶ
1597 695 1702 739 τὸ55

404 759 667 803 Χαλκιδικὸν
694 759 833 815 γένος,
862 760 934 803 καὶ
963 759 1145 816 Βρύγοι,
1173 761 1247 804 καὶ
1269 764 1438 817 Πίερες,
1469 764 1541 806 καὶ
1554 767 1650 806 Μα-

400 827 586 879 κεδόνες,
615 827 688 870 καὶ
720 828 980 884 Πεῤῥαιβοὶ,
1017 829 1090 872 καὶ
1109 827 1318 884 Ἐνιῆνες,
1347 831 1418 874 καὶ
1445 829 1650 882 Δόλοπες,

400 895 473 938 καὶ
509 894 760 951 Μάγνητες,
797 896 871 938 καὶ
897 894 1078 952 Ἀχαιοὶ,
1103 897 1175 939 καὶ
1211 895 1309 939 ὅσοι
1350 900 1425 952 τῆς
1458 900 1648 954 Θρηίκης

401 960 481 1018 τήν
517 964 736 1020 παραλίην
772 963 985 1020 νέμονται·
1014 961 1185 1007 τούτων
1217 967 1306 1007 τῶν
1338 963 1502 1008 ἐθνέων
1530 963 1647 1022 τριή-
1660 973 1704 1006 60

498 1170 590 1222 Cap.
611 1169 838 1208 CLXXXV.

397 1247 695 1301 προσλογιστέα]
719 1249 828 1286 Conf.
856 1246 990 1286 Matth.

343 1307 409 1344 Gr.
430 1308 497 1344 Gr.
516 1305 613 1347 447.
660 1306 765 1352 Quae
785 1313 994 1357 sequuntur

345 1363 480 1400 verba:
528 1360 695 1413 δόκησιν
714 1360 756 1401 δὲ
788 1363 849 1401 δεῖ
865 1361 993 1413 λέγειν

344 1432 434 1457 cum
442 1417 790 1469 Schweighaeuser.
807 1420 994 1470 interpre-

344 1482 404 1512 tor
436 1477 643 1526 opinionem,
685 1477 955 1513 aestimationem
973 1489 991 1513 e

335 1533 514 1582 probabili
567 1532 768 1569 coniectura
835 1532 989 1569 ductam.

341 1589 572 1637 Wesseling.
593 1595 679 1638 apte
700 1595 893 1638 comparat
913 1589 989 1625 So-

340 1642 468 1695 phocl.
509 1643 650 1681 Trach.
680 1644 774 1691 432,
814 1645 880 1680 ubi
917 1645 987 1681 sibi

340 1707 585 1751 opponuntur
612 1694 777 1750 δόκησιν
805 1700 929 1738 εἰπεῖν
951 1706 988 1737 et

340 1755 602 1807 ἐξακριβῶσαι
620 1751 750 1807 λόγον.
807 1757 905 1792 Hinc
925 1757 988 1792 in-

341 1814 398 1850 fra
417 1814 571 1850 Noster:
601 1808 812 1863 τριήκοντα
844 1808 988 1863 μυριά-

341 1869 413 1915 δας
435 1870 522 1908 (lon
539 1867 600 1908 έω
625 1867 810 1920 γενέσθαι
839 1875 876 1906 et
905 1869 986 1916 ΥΠ,

344 1927 423 1966 186
455 1921 504 1964 οὐ
544 1924 706 1965 δοκέω
742 1921 845 1964 εἶναι
877 1921 986 1965 ἐλάσ-

340 1993 448 2028 σονς.

399 2047 601 2095 Παίονες]
632 2045 719 2084 vid.
750 2053 843 2086 nott.
863 2045 911 2084 ad
939 2047 985 2095 V,

342 2107 380 2144 1.
409 2104 527 2141 Eordi
545 2116 662 2154 prope
685 2105 893 2154 Erigonem
912 2103 988 2139 flu-

339 2161 446 2197 vium
459 2161 631 2211 primitus
660 2159 870 2197 consedisse
898 2172 989 2195 nar-

340 2223 470 2252 ramur
490 2229 511 2252 a
531 2215 687 2252 meridie
712 2218 987 2266 Lyncestarum

340 2284 385 2307 ea
414 2272 453 2306 in
482 2272 656 2320 regione,
686 2284 782 2322 quae
804 2272 861 2308 vel
884 2272 988 2320 prio-

340 2328 443 2364 ribus
472 2327 604 2363 incolis
638 2328 762 2362 eiectis
800 2326 988 2362 Eordaeae

341 2396 483 2420 nomen
517 2383 670 2419 retinuit
717 2382 988 2418 Macedonibus

338 2438 500 2477 subdita.
571 2437 655 2474 vid.
692 2440 880 2475 Maunert.
921 2439 990 2474 VII

339 2508 426 2546 pag.
457 2494 537 2536 485
556 2507 634 2545 seq.
664 2495 789 2546 ibique
810 2493 991 2546 Thucyd.

340 2554 387 2600 11,
419 2553 484 2592 99.
516 2551 639 2588 Strab.
666 2553 732 2588 Vll
762 2565 798 2601 p.
825 2550 904 2591 497
939 2552 985 2588 B.

339 2622 370 2645 s.
401 2621 439 2658 p.
468 2610 561 2649 323.
616 2607 665 2643 Et
703 2608 802 2644 conf.
833 2620 986 2658 quoque

340 2662 532 2715 Lycophr.
565 2663 677 2701 Alex.
720 2663 840 2703 1342.
880 2665 985 2700 scri-

341 2727 491 2771 pturam
530 2726 567 2757 et
611 2719 775 2756 sormam
821 2720 985 2756 nominis

340 2776 450 2826 (uam
469 2776 644 2816 dicuntur
661 2771 984 2829 Ἐορδεῖς,”Εορ-

1051 1170 1115 1210 δοι
1132 1177 1170 1208 et
1181 1164 1350 1221 Ἐορδοὶ,
1379 1176 1421 1207 ut
1454 1168 1556 1221 apud
1582 1170 1706 1207 Hero-

1052 1225 1198 1275 dotum,
1230 1227 1352 1277 alios)
1382 1227 1502 1276 attigit
1522 1228 1564 1265 F.
1595 1228 1640 1265 R.
1664 1226 1706 1264 C.

1050 1284 1227 1322 Krebsius
1260 1286 1377 1321 Lectt.
1407 1282 1582 1320 Diodorr.
1618 1295 1706 1334 pag.

1056 1340 1134 1382 150
1147 1354 1224 1393 seq.
1263 1342 1319 1377 De
1330 1339 1508 1378 Bottiaeis
1517 1338 1595 1379 vid.
1621 1345 1707 1377 nott

1054 1396 1103 1434 ad
1124 1398 1204 1446 ΥΠ,
1228 1400 1319 1437 123.

1107 1471 1150 1514 τὸ
1175 1471 1417 1514 Χαλκιδικόν
1427 1472 1568 1529 γένος]
1600 1474 1707 1510 Gen-

1050 1537 1104 1568 tes
1143 1532 1404 1581 intelliguntur
1450 1529 1706 1568 Chalcidicam

1048 1588 1285 1638 peninsulam
1303 1588 1445 1624 colonis
1472 1587 1622 1624 Graecis
1643 1599 1706 1622 re-

1047 1645 1183 1680 fertam
1211 1650 1404 1690 tenentes3
1451 1656 1548 1695 quae
1586 1654 1705 1694 quum

1045 1701 1148 1751 prius
1179 1698 1226 1736 ad
1256 1698 1463 1736 Thraciam
1493 1699 1703 1746 referretur,

1045 1755 1245 1806 postmodo
1261 1755 1309 1793 ad
1328 1754 1593 1792 Macedoniam
1615 1767 1705 1805 per-

1047 1814 1172 1849 tinuit.
1228 1813 1343 1848 Plura
1362 1813 1495 1862 Poppo
1523 1813 1559 1848 Τ
1563 1809 1706 1862 hucyd.

1046 1871 1075 1917 Ι,
1099 1872 1125 1910 2
1144 1881 1232 1919 pag.
1253 1867 1334 1909 344
1355 1866 1588 1920 seq-Herod.
1606 1868 1705 1915 vul,

1050 1927 1128 1965 127
1157 1925 1224 1962 fiu.

1103 1987 1280 2042 Βρύγοι]
1321 1991 1427 2029 Conf.
1449 1997 1543 2030 nott.
1565 1988 1613 2027 ad
1640 1989 1703 2037 VI,

1046 2046 1114 2089 45.
1143 2048 1222 2096 ΥΠ,
1257 2051 1324 2088 73.
1381 2049 1438 2084 De
1467 2046 1590 2083 Pieria
1626 2044 1705 2083 vid.

1042 2111 1138 2141 nott.
1158 2103 1206 2140 ad
1226 2103 1305 2150 VII,
1331 2105 1420 2149 131,
1455 2101 1502 2138 de
1532 2101 1703 2139 Perrhae-

1047 2160 1099 2196 bis
1118 2166 1212 2195 nott.
1234 2157 1282 2194 ad
1303 2159 1390 2202 ΥΠ,
1417 2159 1521 2206 1283
1559 2156 1606 2195 de
1632 2158 1701 2196 Ae-

1044 2215 1210 2252 m'am'bus
1229 2219 1323 2250 nott.
1345 2212 1392 2249 ad
1411 2213 1492 2261 ΥΠ,
1516 2216 1606 2261 132,
1637 2214 1704 2251 ubi

1046 2272 1159 2307 etiam
1180 2269 1226 2306 de
1255 2269 1443 2319 Dolopibus
1470 2282 1514 2306 ac
1550 2268 1705 2319 Magne—

1045 2328 1150 2366 tibus.
1190 2325 1334 2372 Achaei,
1365 2327 1430 2377 qui
1458 2323 1516 2363 his
1554 2325 1703 2363 addun-

1046 2390 1118 2430 tur,
1131 2389 1229 2429 sunt,
1242 2380 1531 2432 opinor,Achaei
1542 2381 1704 2420 Phthio-

1048 2438 1134 2476 tidis
1166 2439 1332 2486 incolae,
1376 2437 1422 2475 de
1457 2439 1591 2490 quibus
1620 2439 1701 2487 VII,

1053 2498 1145 2536 132.
1165 2517 1220 2522 —
1240 2496 1333 2531 Mox
1352 2490 1503 2534 τούτων
1532 2495 1701 2546 rescripsi

1044 2564 1112 2601 pro
1133 2549 1300 2590 τουτέων
1321 2557 1357 2586 et
1377 2563 1465 2587 cum
1502 2550 1702 2601 Schweig-

1046 2606 1188 2654 liaeus,
1205 2607 1321 2643 Gaisf.
1342 2613 1378 2642 et
1408 2605 1585 2644 Bekkero
1612 2608 1701 2644 scri-

1046 2665 1103 2715 psi
1127 2663 1170 2702 αἵ
1188 2665 1312 2702 πᾶσαι
1337 2658 1495 2714 ἀνδρῶν
1520 2663 1565 2702 αἱ
1590 2658 1700 2713 μάχι-

1046 2735 1135 2771 μοι,
1172 2720 1237 2756 ubi
1267 2719 1407 2769 vulgo:
1449 2715 1607 2772 ἀνδρῶν
1657 2717 1703 2758 αἱ

1043 2779 1166 2816 πᾶσαι
1183 2771 1357 2827 μάχιμοι.
