1897 3340
256 482 353 526 132

84 544 156 572 Post
177 553 307 581 pugnam

84 579 311 607 Marathoniam

83 612 242 639 Miniadvs
253 634 260 648 ,
282 613 341 640 iam

85 646 244 680 plurimum
268 648 357 674 Athe-

81 678 128 706 nis
145 680 272 713 pollens,
292 688 339 707 ac-

82 716 173 745 cepta
191 713 289 740 classe

81 745 164 774 Lxx
180 746 315 782 navium,

253 1095 347 1139 133
405 1090 666 1144 παρέδοσαν.

78 1158 187 1186 Parum
200 1159 347 1186 adoritur.

78 1193 176 1219 Pariis
186 1193 348 1221 fortissime

76 1226 301 1263 resistentibus,

418 175 501 215 412
812 177 1279 215 HERODOTI

417 281 569 334 ἐοῦσα,
599 279 684 326 εἶδε
717 282 822 335 ὄψιν
850 285 896 327 ἐν
925 289 985 342 τῷ
1014 285 1162 344 ὕπνῳ,
1193 285 1336 330 ἐδόκεε
1365 286 1410 330 δὲ
1440 287 1595 331 λέοντα
1617 305 1680 333 τε-

415 353 532 392 κεῖν·
563 350 636 394 καὶ
662 350 754 406 μετ’
784 350 932 407 ὀλίγας
963 353 1124 410 ἡμέρας
1152 355 1284 397 τίκτει
1318 354 1534 408 Περικλέα
1562 357 1679 405 Ξαν-

413 416 578 474 θίππῳ.

498 482 623 525 Μετὰ
675 484 721 527 δὲ
770 485 820 528 τὸ
859 485 906 528 ἐν
945 489 1198 541 Μαραθῶνι
1236 491 1387 543 τρῶμα
1425 487 1677 545 γενόμενον,

417 549 660 605 [Μιλτιάδης
712 552 785 594 καὶ
834 551 1048 608 πρότερον
1089 554 1354 610 εὐδοκιμέων
1403 557 1521 610 παρὰ
1555 554 1678 614 Ἀθη-

392 619 606 668 Ξναίοισι,
638 618 733 661 τότε
763 622 928 672 μᾶλλον
958 621 1120 673 αὔξετο.
1161 622 1338 677 αἰτήσας
1369 622 1414 666 δὲ
1433 624 1534 674 νέας
1564 623 1734 680 {fido-45

415 684 608 741 μήκοντα
640 685 712 727 καὶ
754 686 961 743 στρατιήν
999 704 1043 731 τε
1077 690 1149 732 καὶ
1189 688 1382 745 χρήματα
1409 690 1513 740 τούς
1550 689 1677 746 Ἀθη-

412 754 585 802 ναίους,
624 749 677 794 οὐ
709 751 883 807 φράσας
913 765 991 809 σφι
1029 753 1095 798 ἐπ’
1136 755 1192 812 ἢν
1222 756 1568 811 ἐπιστρατεύεται
1595 757 1675 814 χώ-

412 835 515 875 ρην,
547 818 655 862 ἄλλα
687 820 771 874 φὰς
802 819 962 872 αὐτούς
991 827 1340 876 καταπλουτιεῖν,
1381 824 1437 881 ἤν
1470 827 1513 868 οἱ
1541 825 1675 868 ἔπων·

409 901 500 929 ται·
539 886 606 929 ἐπὶ
636 885 720 942 γάρ
757 887 905 943 χώρην
938 888 1144 945 τοιαύτην
1178 889 1230 944 δή
1259 906 1356 932 τινα
1386 892 1524 943 ἄξειν,
1566 891 1674 935 ὅθεν

408 953 575 1010 χρυσὸν
604 952 811 1006 εὐπετέως
840 954 1045 1011 ἄφθονον
1076 957 1292 999 οἴσονται·
1324 957 1461 1012 λέγων
1480 963 1673 1012 τοιαῦτα,

379 1024 528 1065 3αἵτεε
565 1022 639 1072 τοὶς
673 1023 788 1073 νέας.
845 1021 1069 1078 Ἀθηναῖοι
1100 1023 1146 1066 δὲ
1175 1022 1367 1067 τούτοισι
1401 1024 1731 1078 ἐπαρθέντες,5ο

726 1090 1006 1145 Παραλαβὼν
1036 1090 1082 1134 δὲ
1111 1090 1134 1134 ὁ
1162 1091 1407 1148 Μιλτιάδης
1436 1091 1516 1148 τήν
1546 1104 1674 1149 στρα-

405 1155 525 1213 τιὴν,
555 1156 676 1199 ἔπλεε
705 1155 775 1199 ἐπὶ
808 1155 987 1211 Ποὶρον,
1018 1158 1246 1214 πρόφασιν
1275 1159 1385 1214 ἔχων
1415 1157 1476 1210 ὥς
1506 1162 1550 1203 οἱ
1579 1158 1672 1204 Πά-

408 1240 495 1279 ριοι
544 1225 745 1280 ὑπῆρξαν
785 1223 992 1280 πρότεροι
1038 1225 1372 1281 στρατευόμενοι
1417 1227 1582 1283 τριήρεϊ
1629 1227 1672 1279 ἐς

348 1423 542 1472 Fragmm.
571 1436 608 1473 p.
635 1424 681 1462 11
707 1430 743 1460 et
762 1420 1010 1459 Friedeman-

349 1480 390 1514 ni
418 1478 656 1516 Additamm.
688 1480 727 1515 in
747 1481 904 1519 Miscefl.
935 1482 1010 1517 cri-

349 1537 434 1572 ficc.
455 1537 502 1583 Π,
523 1536 548 1574 4
568 1549 654 1586 pag.
677 1536 772 1576 755.

407 1588 486 1630 εἶδε
503 1588 599 1641 ὄψιν
619 1592 661 1630 ἐν
679 1594 734 1644 τῷ
761 1588 905 1645 ὕπνῳ]
949 1593 1006 1629 Cf.

346 1648 516 1696 VI‚'107.
546 1647 727 1685 Eiusdem
748 1650 1008 1684 somniimen-

346 1705 398 1741 tio
438 1703 540 1755 apud
579 1703 772 1741 Plutarch.
801 1705 938 1742 Pericl.
979 1708 1003 1746 3

345 1760 514 1812 itemque
535 1762 574 1797 iu
596 1760 775 1808 Scholio,
809 1760 911 1812 quod
935 1775 1004 1797 ex—

346 1815 455 1853 hibui
476 1818 513 1854 in
535 1824 705 1854 annotat.
742 1817 790 1853 ad
810 1817 1003 1854 Plutarch.

344 1873 531 1911 Alcibiad.
559 1887 648 1924 pag.
682 1873 775 1921 151,
803 1874 868 1910 ubi
896 1875 1004 1925 plura

346 1929 394 1966 de
423 1931 529 1968 leonis
566 1932 733 1981 imagine
762 1943 783 1966 a
816 1932 1004 1968 veteribus

345 1999 457 2037 saepe
505 1985 672 2024 adhibita
710 1988 749 2023 in
790 1988 1001 2024 sublimiori

344 2044 414 2079 viri
435 2043 632 2080 cuiusdam
652 2042 781 2080 indole
794 2045 1000 2096 animoque

343 2098 568 2146 indicando,
598 2107 640 2137 ut
669 2112 781 2150 supra
809 2102 837 2145 1,
858 2101 924 2140 84.
955 2101 999 2148 V,

342 2157 397 2195 92
418 2157 453 2202 §,
470 2158 496 2195 2
516 2155 692 2193 vidimus.
734 2158 791 2191 De
822 2157 1001 2205 Megaclis

344 2217 457 2261 atque
469 2212 664 2261 Agaristae
675 2213 802 2262 stirpe,
824 2211 1000 2263 adquam

342 2269 521 2316 pertinuit
559 2269 742 2314 Pericles,
791 2267 867 2306 vid.
904 2275 1000 2305 nott.

343 2322 391 2359 ad
423 2323 618 2360 Plutarch.
657 2324 780 2360 Alcib.
811 2338 848 2374 p.
883 2325 935 2364 57
964 2332 999 2361 et

344 2378 512 2416 Boeckh.
533 2381 738 2430 Explicatt.
767 2379 814 2416 ad
844 2380 998 2417 Pindar.

340 2435 454 2486 Pyth.
475 2437 555 2482 vll,
577 2439 704 2486 p.302
724 2450 828 2487 seqq.
861 2436 928 2474 Cr.
951 2436 999 2474 ad

340 2490 433 2530 haec
463 2494 592 2528 referri
622 2494 701 2530 vult
732 2495 780 2529 ΙΙ.
817 2494 936 2530 vales.
959 2496 996 2529 in

338 2556 433 2586 nott.
468 2550 653 2586 Maussaci
687 2548 736 2585 ad
774 2551 995 2600 Harpocrat.

339 2619 374 2655 p.
392 2608 472 2646 213
493 2619 570 2657 seq.

507 2663 599 2712 Cap.
630 2663 824 2698 CXXXII.

394 2715 512 2757 ΙΠετᾶ
540 2716 582 2758 δὲ
611 2716 896 2769 τόκτρῶμα]
938 2722 994 2756 De

337 2773 406 2811 hac
426 2788 519 2812 voce
547 2776 648 2811 conl'.
680 2777 709 2823 1,
735 2778 796 2815 18.
830 2777 892 2822 lv,
917 2780 994 2817 160

1065 1423 1194 1474 ibique
1227 1429 1323 1460 nott.
1353 1422 1435 1472 Vn,
1464 1425 1560 1464 233.
1619 1423 1725 1469 Quae

1064 1480 1143 1515 iam
1162 1486 1386 1531 sequuntur,
1405 1481 1519 1530 paulo
1531 1481 1724 1517 alitertra-

1065 1534 1207 1572 duntur
1246 1549 1267 1572 a
1306 1536 1482 1573 Cornelio
1513 1538 1660 1588 Nepote
1682 1537 1722 1572 iu

1063 1591 1224 1628 Miltiad.
1259 1594 1297 1638 7,
1338 1605 1454 1643 quem
1485 1606 1533 1628 ex
1563 1591 1720 1644 Ephoro

1063 1661 1131 1684 sua
1150 1649 1324 1684 sumsisse
1344 1649 1583 1686 arbitrantur.
1632 1648 1718 1688 vid.

1059 1703 1205 1755 Ephori
1241 1704 1419 1754 fraglmn.
1457 1718 1495 1754 p.
1527 1707 1608 1745 212
1638 1718 1720 1757 seq.

1060 1762 1184 1798 Marx,
1242 1762 1286 1796 Iu
1321 1761 1387 1797 tali
1418 1773 1508 1798 vero
1549 1760 1718 1798 dissensu

1061 1818 1228 1853 Cornelii
1247 1818 1402 1867 Nepotis
1411 1818 1504 1854 vitas
1515 1830 1603 1854 cum
1624 1830 1719 1855 cau—

1060 1875 1163 1910 tione
1184 1872 1350 1925 qustdam
1376 1871 1608 1911 adhibendas
1640 1887 1719 1911 esse

1060 1937 1161 1967 recte
1181 1931 1332 1966 monuit
1355 1929 1591 1967 Broendsted
1617 1931 1717 1970 Reis.

1056 1999 1095 2025 u.
1128 1985 1355 2024 Untersuch.
1383 1988 1400 2022 I
1428 2000 1466 2037 p.
1489 1989 1564 2034 71,
1585 1987 1652 2023 ubi
1672 2000 1717 2024 ea

1055 2044 1156 2093 ipsa,
1189 2055 1286 2094 quae
1306 2041 1345 2079 h.
1366 2043 1391 2079 l.
1416 2050 1616 2079 narrantur
1645 2044 1716 2080 ali-

1056 2106 1113 2136 ter
1133 2106 1245 2150 atque
1266 2098 1367 2148 apud
1389 2099 1609 2135 Cornelium
1629 2106 1715 2137 tan—

1056 2156 1122 2205 git.
1165 2176 1220 2182 —
1285 2156 1360 2191 Pro
1400 2152 1714 2207 ἐπιστρατεύεται

1056 2210 1190 2247 Matth.
1222 2209 1325 2247 dedit
1362 2208 1713 2262 ἐπιστρατεύσεται,

1057 2280 1146 2304 cum
1167 2269 1205 2303 iu
1220 2268 1410 2304 sancrosti
1430 2269 1524 2305 libro
1537 2269 1713 2306 invenia-

1056 2330 1117 2360 tur
1138 2320 1424 2374 στρατεύσεται,
1445 2326 1483 2360 ἰιι
1505 2338 1582 2362 uno
1603 2327 1713 2362 Pari-

1055 2381 1136 2416 sino
1176 2377 1533 2432 ἐπιστρατεύσηται.
1616 2381 1711 2418 Mihi

1055 2449 1132 2472 non
1172 2449 1266 2487 opus
1314 2436 1463 2474 videtur
1500 2437 1711 2490 quidquam

1055 2500 1214 2530 mutare.
1237 2515 1291 2520 —
1328 2493 1390 2530 Ad
1411 2495 1574 2531 sormam
1593 2495 1708 2531 futuri

1055 2553 1376 2596 καταπλουτιεῖν,
1408 2552 1456 2588 cf.
1485 2550 1619 2587 Matth.
1641 2552 1709 2588 Gr.

1053 2608 1119 2642 Gr.
1142 2620 1228 2657 pag.
1251 2607 1331 2648 324
1352 2614 1388 2643 et
1408 2606 1455 2643 ad
1471 2605 1709 2658 ἐπαρθέντες

1055 2663 1184 2709 (elati,
1216 2665 1396 2714 commoti)
1430 2666 1458 2707 l,
1480 2666 1546 2703 87.
1573 2665 1616 2710 V,
1638 2667 1705 2704 91.

1053 2721 1138 2755 Alia
1169 2718 1272 2757 dabit
1285 2719 1395 2761 field,
1425 2718 1472 2756 ad
1512 2721 1705 2759 Plutarch.

1052 2777 1195 2813 Timol.
1222 2779 1269 2817 16
1290 2776 1478 2828 pag.421.
