1897 3340
95 849 197 878 Persis
229 849 368 883 ingruenv

94 884 176 913 tibus
195 882 365 918 diffugiunt.

426 200 510 240 770

814 193 1278 234 HERODOTI

427 306 475 349 ἐν
506 302 710 359 α’ριστερῇ
741 304 786 347 δὲ
806 305 858 347 τὰ
887 306 1148 359 Τρηχινίων·
1181 303 1267 360 ἠώς
1296 321 1338 349 τε
1370 304 1580 360 διέφαινε,
1608 305 1680 349 καὶ

399 372 630 428 Ξέγένοντο
661 369 722 414 ἐπ’
749 371 1002 428 ἀκρωτηρίῳ
1033 377 1110 416 τοῦ
1141 372 1307 426 οὔρεος.
1366 372 1489 415 Κατὰ
1509 372 1555 416 δὲ
1582 376 1680 415 τοῦ·

425 457 475 484 το
506 444 585 483 τοῦ
616 438 768 494 οὔρεος
797 438 1058 493 ἐφύλασσον,
1089 439 1147 490 (ὃς
1180 441 1250 482 καὶ
1284 438 1500 494 πρότερόν
1518 455 1594 494 μοι
1617 441 1707 482 δε-ι

428 505 639 561 δήλωται,
678 506 869 548 Φωκέων
905 509 1035 560 χίλιοι
1072 505 1259 557 ὁπλῖται,
1292 507 1499 564 ῥυόμενοί
1526 523 1572 551 τε
1599 506 1680 564 τήν
1737 505 1814 544 607

398 573 646 628 Βσφετέρην
683 572 828 628 χώρην
868 573 940 615 καὶ
972 575 1260 628 φρουρέοντες
1299 576 1377 632 τὴν
1416 575 1624 631 α’τραπόυ.
1654 575 1682 630 ἡ

380 694 384 698 ¹
425 641 505 695 μὲν
522 639 606 695 γὰρ
636 639 753 682 κάτω
787 639 943 695 ἐσβολὴ
973 640 1238 696 ἐφυλάσσετο
1268 640 1353 685 ὑπὸ
1383 647 1471 686 τῶν
1500 645 1678 698 εἴρηται·

425 706 504 761 τὴν
534 706 579 749 δὲ
609 706 681 749 διὰ
708 710 789 750 τοῦ
819 705 972 762 οὔρεος
1010 707 1205 762 ἀτραπὸν
1245 710 1468 753 ἐθελονταὶ
1510 713 1715 762 Φωκέες5

264 783 366 829 218
424 773 743 828 ὑποδεξάμενοι
755 776 954 831 Λεωνίδῃ
969 774 1229 829 ἐφύλασσον.
1249 776 1449 831 ’Έμαθον
1479 778 1524 822 δέ
1544 791 1681 832 σφεας

427 843 471 884 οἱ
502 841 672 893 Φωκέες
701 838 784 885 ὦδε
813 841 1159 898 ἀναβεβηκότας·
1192 843 1499 899 ἀναβαίνοντες
1527 846 1613 901 γάρ
1643 846 1683 889 έ-

422 907 647 952 λοίνθανον
676 910 719 952 οἵ
750 910 934 964 Πέρσαι,
967 911 1016 953 τὸ
1037 906 1171 963 οὖρος
1199 915 1287 954 πᾶν
1312 911 1386 955 ἐὸν
1415 914 1563 965 δρυῶν
1592 913 1685 956 ἐπί-

423 980 572 1019 πλεον·
604 970 659 1031 ἦν
675 977 754 1032 μὲν
777 976 830 1032 δὴ
856 980 1050 1035 νηνεμίη,
1077 978 1230 1034 ψόφου
1261 979 1306 1023 δὲ
1323 979 1556 1035 γινομένου
1583 985 1684 1024 πολ-

347 1196 350 1200 ,
369 1158 559 1194 montium
603 1160 802 1197 cacumina
845 1162 1026 1210 XXXVI,

373 1217 422 1254 16
440 1214 525 1258 fin„
560 1212 822 1264 Callidromum,
852 1218 1026 1255 Rhodun-

369 1272 476 1317 tiam,
522 1268 726 1311 Tichiunta.
785 1273 871 1313 vid.
906 1277 1027 1311 Kruse

369 1327 494 1363 Hellas
513 1327 560 1373 11,
581 1330 607 1367 2
627 1342 715 1380 pag.
738 1332 830 1371 126.

423 1378 507 1432 ἠ’ώς
527 1397 567 1421 τε
585 1384 777 1435 διέφαινε,
795 1384 862 1426 καὶ
875 1385 1027 1441 ἐγένον-

369 1453 411 1478 το
422 1454 458 1477 κ.
469 1438 558 1489 τ.λ.]
574 1440 684 1485 Quod
697 1450 784 1479 ante
798 1441 978 1493 διέφαινε
989 1445 1029 1480 in

369 1495 598 1545 quibusdam
626 1500 810 1536 insertum
832 1507 886 1537 est
912 1497 978 1551 δή,
1009 1513 1031 1536 a

367 1551 548 1589 Bekkero
570 1566 724 1607 quoque
750 1564 953 1604 retentum,
988 1570 1031 1592 e-

372 1607 528 1660 quidem
554 1613 759 1648 meliorum
769 1612 851 1650 cod.
866 1610 1032 1650 aucturi-

370 1671 446 1701 tate
466 1671 592 1702 motus
614 1669 733 1704 abieci
745 1682 832 1705 cum
845 1668 1029 1719 Schwgh.

371 1728 408 1757 et
429 1721 545 1760 Gaisf.
593 1726 651 1761 Ac
672 1737 762 1761 saue
778 1727 901 1777 potuit
919 1726 1030 1762 facile

371 1778 459 1814 oriri
493 1791 514 1814 e
552 1791 631 1832 seq.
668 1779 864 1829 διέφαινε.
921 1781 1031 1819 Idem

370 1834 444 1870 feci
462 1835 561 1880 vlu,
583 1839 649 1885 83,
669 1838 737 1874 ubi
760 1838 894 1875 itidem
912 1840 1030 1889 vulgo

372 1889 518 1927 addunt
538 1890 602 1941 δή,
634 1893 737 1945 quod
763 1894 868 1932 idem
886 1896 957 1944 IX,
976 1895 1030 1935 47

371 1947 418 1983 ab
440 1948 616 1986 omnibus
644 1952 749 1987 abest
781 1952 895 1991 libris.
954 1953 1030 1988 Pro

372 2003 603 2052 διαφαίνειν
636 2007 831 2046 illucescere
863 2008 951 2045 alibi
970 2009 1032 2045 iu-

371 2061 500 2097 venias
527 2060 792 2110 διαφαύσκειν
824 2078 852 2102 S.
875 2061 1032 2113 διαφώ-

372 2127 494 2161 σκειν,
525 2115 572 2153 de
595 2132 671 2169 quo
691 2120 769 2158 vid.
790 2128 885 2158 nott.
908 2120 955 2158 ad
967 2122 1031 2169 111,

372 2173 438 2211 86.
470 2174 526 2208 De
546 2188 616 2210 usu
637 2178 908 2226 particularum
928 2192 1028 2217 τε-

374 2226 442 2264 καὶ
460 2228 537 2264 vid.
560 2231 692 2268 matth.
715 2234 780 2269 Gr.
802 2234 868 2270 Gr.
891 2235 928 2278 ξ.
951 2233 1031 2273 563

374 2288 453 2318 not.
485 2285 509 2321 3
539 2298 627 2335 pag.
665 2288 771 2326 1114
800 2295 836 2324 et
866 2295 961 2323 nott.
983 2286 1031 2323 ad

373 2337 514 2374 Herod·
534 2341 597 2388 IV,
619 2341 684 2381 53.
713 2339 755 2380 τὸ
785 2338 1032 2393 ἀκρωτήριον

372 2395 445 2433 τοῦ
467 2392 756 2446 οὕρεοςιηοιιῖῖε
777 2398 918 2435 indicat
938 2411 1032 2434 smn-

375 2451 530 2488 mitatem
550 2465 577 2488 s.
605 2465 803 2490 cacumen.
864 2454 925 2491 Ad
959 2468 1031 2492 vo-

376 2519 437 2543 ces
467 2505 565 2546 uam?
587 2506 630 2547 δὲ
655 2512 770 2549 τοῦτο
798 2514 871 2550 τοῦ
891 2509 1032 2561 οὔρεος

375 2563 477 2600 cons.
497 2563 632 2602 Matth.
653 2566 718 2602 Gr.
739 2568 803 2606 Gr.
827 2569 862 2613 §.
884 2571 978 2616 320,
1005 2566 1030 2607 4

375 2632 414 2669 p.
443 2622 537 2661 628.

435 2674 487 2722 ὥς
515 2674 582 2715 καὶ
608 2672 796 2728 πρότερόν
825 2694 892 2727 μοι
914 2675 1032 2729 δεδή-

377 2733 520 2781 λωται]
555 2732 640 2770 vid.
662 2734 741 2781 vll,
763 2737 856 2775 212.
877 2733 905 2785 ἦ
926 2733 1029 2773 κάτω

377 2785 518 2841 έσβολή
545 2791 754 2841 appellatur
772 2791 944 2829 introitus
964 2805 1032 2843 per

1084 1160 1437 1214 Thermopylarum
1447 1163 1574 1200 fauces
1587 1174 1608 1200 a
1622 1162 1742 1213 Spar-

1084 1219 1179 1256 tanis
1200 1231 1409 1270 eorumque
1439 1221 1547 1257 sociis
1575 1218 1743 1257 custodi-

1082 1282 1156 1325 tus,
1178 1276 1279 1312 conf.
1300 1277 1380 1324 Vll,
1402 1279 1494 1317 202.

1250 1365 1342 1416 Cap.
1374 1366 1574 1403 ccxvm.

1133 1440 1318 1494 Ἔμαθον
1343 1442 1385 1483 δέ
1399 1445 1542 1495 σφεας]
1561 1442 1684 1495 σφέας
1694 1441 1743 1482 ad

1086 1502 1219 1538 Persas
1239 1507 1392 1551 spectat.

1144 1553 1428 1608 ἀναβαίνοντες
1458 1553 1534 1608 γαρ
1571 1551 1743 1596 ἐλάνθα-

1087 1628 1161 1652 νον
1183 1628 1218 1651 κ.
1240 1628 1273 1652 τ.
1294 1614 1359 1661 λ.]
1391 1612 1497 1649 Idem
1519 1614 1640 1649 multo
1660 1619 1743 1663 post

1089 1669 1266 1707 accidisse
1278 1699 1287 1716 ,
1317 1682 1438 1721 quum
1455 1671 1630 1706 Brennus
1650 1669 1745 1706 Ga!-

1087 1727 1213 1764 lorum
1233 1738 1323 1763 cum
1351 1738 1470 1762 manu
1499 1725 1646 1762 delecta
1674 1726 1745 1762 iter

1086 1784 1225 1819 faceret
1246 1795 1313 1833 per
1332 1781 1431 1819 hanc
1444 1783 1631 1830 semitam,
1651 1788 1745 1819 teste

1086 1841 1249 1877 Pausan.
1277 1840 1327 1886 X,
1348 1842 1402 1879 22
1422 1840 1459 1884 §.
1483 1841 1503 1879 1
1525 1851 1644 1891 seqq„
1673 1838 1745 1875 ob-

1087 1903 1211 1934 servat
1229 1894 1416 1934 Valckeu.

1145 1955 1229 1991 πᾶν
1259 1949 1327 1992 ἐόν
1361 1951 1497 2003 δρυῶν
1537 1948 1746 1998 ἐπίπλεον]

1087 2009 1359 2046 Recentissima
1379 2014 1500 2044 aetate
1520 2007 1625 2054 Gen,
1663 2006 1747 2041 An-

1089 2067 1173 2116 glus
1195 2064 1324 2111 homo,
1344 2063 1418 2100 hoc
1441 2065 1522 2113 ipso
1537 2062 1686 2099 tramite
1705 2062 1746 2097 in

1086 2121 1270 2159 Doridem
1290 2127 1327 2156 et
1356 2117 1567 2155 Phocidem
1591 2117 1747 2168 profici-

1088 2191 1208 2225 scens,
1230 2175 1303 2212 hoc
1324 2173 1459 2211 eodem
1470 2174 1554 2210 loco
1575 2186 1615 2210 se
1635 2174 1746 2211 iuve-

1087 2234 1185 2269 nisse
1232 2232 1358 2268 scribit
1410 2231 1745 2280 praestantissimas

1087 2300 1309 2339 quercuum,
1326 2287 1498 2337 pinnum,
1510 2287 1669 2322 aliarum
1682 2299 1745 2323 ar-

1087 2345 1223 2381 borum
1243 2344 1378 2394 sylvas,
1400 2343 1530 2394 quales
1550 2343 1639 2379 olim
1650 2343 1745 2380 fuis-

1086 2414 1125 2437 se
1169 2399 1206 2438 11.
1247 2400 1273 2436 1.
1314 2405 1469 2436 testatur
1514 2398 1745 2437 Herodotus.
1790 2430 1800 2445 ,

1086 2455 1171 2494 vid,
1202 2458 1321 2492 Kruse
1359 2456 1485 2492 Hellas
1513 2456 1561 2503 11,
1592 2458 1619 2496 2
1654 2468 1744 2506 pag.

1090 2515 1183 2552 126.
1239 2514 1298 2549 De
1326 2525 1420 2548 voce
1449 2512 1619 2562 νηνεμίη
1641 2512 1745 2549 conf.

1086 2570 1167 2616 Vll,
1192 2571 1282 2610 188.
1341 2569 1416 2604 Pro
1444 2568 1550 2617 vulg.
1586 2566 1746 2618 γενομέ-

1086 2640 1159 2664 νου
1189 2623 1367 2676 equidem
1395 2637 1483 2661 cum
1510 2622 1744 2674 Schweigh.,

1087 2682 1201 2718 Gaisf.
1224 2688 1260 2718 et
1271 2679 1450 2717 Bekkero
1475 2679 1561 2717 dedi
1588 2678 1745 2732 γινομέ-

1087 2752 1174 2784 νου,
1197 2737 1300 2789 quod
1324 2737 1562 2773 Florentiuus
1583 2742 1620 2773 et
1639 2737 1743 2775 San-

1087 2795 1196 2832 crofti
1214 2795 1308 2832 liber
1325 2793 1563 2844 suggerebat.
