1897 3340
27 402 30 442 Ι
71 395 139 441 68
205 407 286 445 την
325 389 403 433 τόν
436 387 710 443 Ἰθαμάτρεω.

24 633 134 745 ἷ69
200 657 226 703 ὁ
264 658 492 716 Οἰοβάζου.

525 210 1001 250 POLYMNIA.
1060 209 1166 249 Vll.

1387 214 1470 254 551

206 322 451 378 ἐγχειρίδια.
511 319 711 370 Πάκτυες
732 316 816 362 δὲ’
797 316 986 373 α’ρχοντα
1016 318 1274 372 παρείχοντο
1302 316 1473 373 Ἀρτύν-
1486 329 1532 363 60

780 383 936 429 Οὔτιοι
974 385 1020 428 δὲ
1049 386 1124 428 καὶ
1143 383 1298 428 Μύκοι
1327 402 1371 429 τε
1400 389 1474 431 καὶ
1530 401 1717 463 Igl'niliwyd‘
1746 403 1805 432 Pap

208 456 475 511 Παρικάνιοι
517 454 824 510 ἐσκευασμένοι
862 448 977 509 ἦσαν
1006 452 1117 496 κατά
1146 468 1227 508 περ
1262 452 1472 506 Πάκτυες.

177 526 381 569 Ξτούτων
411 524 457 568 δὲ
485 517 621 578 ἦρχον
662 523 769 566 od-ds

831 520 1008 565 Οὐτίων
1060 522 1139 577 μὲν
1178 520 1252 564 καὶ
1281 521 1473 576 Μύκων,

202 590 462 648 Ἀρσαμένης
482 588 506 634 ὁ
535 591 753 643 Δαρείου·
786 592 1076 644 Παρικανίων
1106 590 1170 643 δὲ,
1201 592 1473 648 Σιρομίτρης
1485 598 1529 632 65

144 853 193 892 ad
230 856 308 914 III,
349 856 418 895 97.
455 848 563 907 ἦσαν
602 853 692 893 dedi
738 869 808 908 pro

146 910 254 952 ε’σαν.

194 963 415 1034 Ἀρτύντην
440 983 510 1007 τον
537 963 805 1020 Ἰθαματρεω]

137 1018 260 1076 Ἀρτύ
267 1040 362 1076 ντην
382 1026 465 1062 libri
476 1026 648 1078 plerique
663 1028 803 1078 scripti,

139 1094 234 1133 quos
262 1088 413 1119 secutus
433 1096 533 1120 sum.
592 1085 668 1120 Pro
688 1079 804 1122 Ἰθα-

138 1153 296 1190 ματρεω
332 1137 554 1190 Schweigh.
585 1141 677 1177 scite
707 1153 805 1178 con-

137 1195 216 1231 iicit
252 1192 493 1247 Ἰθαμίτρεω
539 1198 626 1234 coll.
659 1197 802 1236 Herod.

137 1252 236 1299 VIII,
261 1254 341 1292 130
362 1253 492 1305 ibique
513 1261 609 1291 nott.
625 1256 694 1302 IX,
710 1257 802 1295 102,

137 1309 238 1345 Nam
266 1308 429 1347 Mithrae
454 1323 599 1347 nomen
633 1311 682 1348 ad
713 1312 804 1348 Per-

137 1366 212 1403 sica
232 1367 406 1403 maxime
424 1369 617 1418 pertinens
637 1369 677 1404 iu
699 1367 803 1405 haud

137 1423 268 1473 paucis
290 1431 486 1475 comparet
506 1426 709 1462 Persarum
729 1438 804 1462 no-

135 1480 315 1527 minibus,
356 1482 482 1533 qualia
502 1495 539 1519 v.
559 1496 591 1520 c.
612 1489 700 1519 sunt
721 1481 805 1520 Mi-

135 1536 319 1574 thradates
330 1550 359 1574 s.
375 1537 625 1586 Mithridates,
639 1538 804 1589 Spithri-

134 1591 261 1630 dates.-
304 1607 402 1646 quae
432 1596 540 1646 attigi
577 1595 625 1633 ad
656 1597 802 1634 Ctesiae

132 1651 255 1686 Perss.
286 1651 322 1696 §.
343 1651 396 1693 55
421 1665 509 1703 pag.
532 1655 626 1693 200.
685 1652 802 1703 Apud

136 1706 377 1744 Herodotum
407 1708 489 1757 VH,
523 1711 590 1750 68.
611 1712 675 1750 79.
700 1710 802 1748 Siro-

136 1765 256 1857 nln'tres
284 1772 322 1802 et
353 1765 436 1814 vll,
478 1768 545 1807 88.
585 1765 801 1805 Harmami-

138 1823 244 1858 tires-

329 1910 421 1961 oap.
441 1911 615 1950 wan.

197 1985 366 2037 Οὔτιοι]
407 1991 466 2026 De
505 1990 602 2030 Utiz's
622 1998 660 2029 et
680 1990 803 2043 Myc‘e's

137 2043 217 2082 dixi
238 2046 286 2082 ad
317 2048 383 2095 111,
407 2048 482 2096 933
521 2047 569 2085 de
599 2048 804 2087 Parz'cam'z‘s

138 2101 187 2138 ad
205 2104 270 2151 111,
288 2104 354 2143 94.

190 2153 438 2211 Ἀρσαμένης
452 2159 472 2200 ὅ
482 2160 686 2213 Δαρείου]
701 2162 804 2209 „Mi-

136 2227 245 2263 rum,
280 2217 331 2253 ait
353 2216 618 2266 Valckenaer.,
640 2219 679 2254 ni
700 2216 802 2267 huic,

137 2277 178 2307 ut
207 2272 359 2324 reliquis
388 2275 492 2310 Darii
532 2275 638 2323 filiis,
673 2276 803 2313 matris

138 2339 280 2363 nomeu
339 2328 538 2368 historicus
606 2330 801 2370 adiecerit.

139 2381 246 2419 Idem
257 2385 462 2423 Plutarcho
483 2386 558 2424 dici
571 2388 721 2426 videtur
730 2390 800 2426 ali-

140 2441 287 2489 quoties
304 2435 579 2492 ἈριαμένηςΙ
599 2458 638 2495 Ρ.
652 2448 730 2487 119
751 2447 801 2487 D.

139 2495 174 2531 Π
194 2509 232 2546 p.
253 2496 335 2536 488
354 2498 403 2534 Ι).
460 2499 583 2535 Priori
617 2501 700 2537 loco
731 2503 801 2546 (in

138 2551 214 2590 vit.
255 2550 507 2591 Themistocl.
549 2554 626 2604 14)
667 2555 803 2594 dicitur

140 2603 244 2659 οἷνήρ
276 2604 432 2661 ἀγαθός
463 2606 521 2648 ὢν
544 2610 612 2649 καὶ
635 2615 715 2651 τῶν
729 2614 803 2663 βα·

140 2663 276 2712 σιλέως
309 2666 499 2716 ἀδελφῶν
530 2664 633 2706 πολύ
672 2667 806 2719 κράτι-

143 2717 234 2767 στός
262 2737 302 2761 τε
329 2722 394 2761 καὶ
438 2719 715 2774 δικαιότατοςς
747 2727 806 2762 al-

144 2783 223 2813 tero
252 2778 336 2816 loco
366 2780 533 2816 filiorum
571 2781 676 2817 Darii
711 2790 805 2820 natu

141 2834 345 2884 maximus,
365 2834 634 2888 πρεσβύτατος
651 2839 723 2889 τῆς
739 2854 804 2892 γε·

547 656 744 715 Ἀράβιοι
774 657 819 702 δὲ
850 659 989 714 ζειρὰς
1017 656 1316 714 υπεζωσμένοι
1344 660 1472 716 ἦσαν·

865 857 982 903 νεᾶςς
1022 855 1090 908 qui
1114 852 1219 891 idem
1239 854 1436 893 Herodoto
1461 870 1533 894 vo-

865 920 973 950 catur
992 908 1292 965 Ἀρταβαζοὶνης
1311 913 1393 962 VII,
1405 917 1442 961 2,
1465 914 1532 951 ubi

865 969 943 1007 vid.
961 977 1057 1007 nott.
1115 968 1195 1006 Sed
1215 971 1299 1020 quis
1318 970 1359 1007 iu
1393 971 1531 1009 talibus

863 1028 994 1064 omnia
1039 1025 1087 1063 ad
1107 1058 1111 1062 ,
1143 1025 1333 1078 liquidum
1371 1026 1530 1079 perduci

859 1096 970 1135 posse
991 1079 1213 1121 existimet?

1061 1174 1155 1225 Cap.
1185 1173 1329 1213 LXIX.

915 1247 1102 1305 Ἀράβιοι
1132 1250 1202 1301 δὲ]
1241 1254 1300 1289 De
1337 1250 1396 1290 his
1424 1251 1527 1290 dixi-

859 1322 945 1347 mus
977 1309 1025 1346 ad
1053 1311 1119 1358 III,
1152 1313 1206 1352 88
1235 1311 1322 1347 coll.
1344 1312 1411 1350 97.
1430 1312 1527 1347 Lar-

860 1365 996 1404 cherus
1016 1365 1131 1405 hosce
1151 1367 1296 1404 Arabes
1316 1367 1528 1417 probabili-

859 1430 917 1460 ter
949 1432 1078 1462 censet
1104 1424 1219 1461 fuisse
1251 1423 1456 1461 Idumaeos
1476 1423 1526 1461 ad

858 1480 1043 1518 Iudaeam
1081 1494 1204 1533 usque
1243 1487 1437 1532 porrectos
1482 1493 1528 1519 ao

858 1538 1071 1576 Nabataeos
1087 1567 1097 1585 ,
1118 1551 1211 1575 cum
1230 1538 1349 1575 felicis
1362 1538 1528 1576 Arabiae

858 1595 1008 1632 incolae
1054 1608 1257 1648 nunquam
1295 1596 1419 1632 Persis
1439 1594 1527 1632 fue-

857 1653 933 1689 rint
952 1651 1106 1689 subditi.

916 1706 1044 1761 ζειροῖς
1075 1705 1348 1759 ὑπεζωσμένοι
1389 1701 1524 1759 ἦσαν]

858 1765 1246 1818 Schweighaeuserus
1263 1777 1272 1802 :
1305 1767 1433 1814 „sagis
1449 1778 1526 1803 suc-

860 1825 988 1872 cincti,
1047 1836 1136 1873 quas
1184 1825 1300 1860 zez'ras
1345 1826 1482 1860 vocant.
1498 1822 1525 1842 “

859 1881 1014 1930 Lange:
1059 1880 1117 1917 die
1144 1879 1282 1916 Araber
1319 1890 1436 1916 waren
1462 1880 1527 1916 mit

860 1939 983 1974 wez'ten
1031 1935 1284 1973 Oberlcleidern
1330 1937 1525 1985 umgiirtet.

859 1994 994 2029 Malim
1034 1992 1237 2045 equidem:
1290 1994 1390 2041 sagis
1424 1995 1526 2030 erant

859 2050 1002 2098 induti,
1031 2050 1172 2100 cingulo
1186 2048 1285 2099 infra
1305 2061 1335 2085 s-
1364 2048 1412 2086 ad
1431 2048 1521 2101 inse-

861 2109 971 2144 riores
991 2108 1141 2157 corporis
1157 2110 1280 2158 partes
1297 2104 1437 2143 adacto.
1468 2107 1527 2142 De

861 2165 978 2202 verbo
1016 2158 1302 2210 ὖποζωννύναι
1319 2163 1422 2200 conf.
1444 2164 1527 2200 He-

860 2219 942 2259 rod.
965 2222 1012 2268 11,
1034 2221 1100 2268 85,
1130 2220 1197 2256 ubi
1225 2220 1323 2256 bene
1342 2221 1527 2271 Wytten-

859 2276 970 2317 bach.
991 2278 1032 2314 in
1048 2278 1204 2316 Selectt.
1216 2275 1415 2328 historr.p.
1429 2276 1525 2318 355:

860 2330 1204 2383 ,,ύ’ποζω’ννυσθαι
1237 2335 1425 2383 succingi,
1455 2334 1526 2370 tria

856 2392 937 2428 fere
957 2398 1066 2429 notat
1083 2404 1093 2428 τ
1124 2393 1222 2429 intra
1238 2391 1397 2440 reliquas
1415 2394 1526 2428 vestes

857 2449 1040 2497 cingulum
1087 2450 1226 2499 corpori
1283 2448 1526 2491 circumdare,-

858 2504 1042 2555 inferiores
1053 2509 1197 2555 partes,
1227 2503 1268 2542 id
1290 2511 1363 2552 est,
1395 2504 1528 2541 lumbos

859 2564 892 2597 et
911 2561 1082 2611 pudenda
1105 2567 1220 2611 tegere
1252 2562 1416 2610 cingulo3
1448 2560 1525 2597 lon—

858 2629 928 2665 gas
955 2622 1064 2655 vestes
1089 2619 1202 2656 altius
1226 2632 1250 2655 a
1268 2618 1417 2668 pedibus
1443 2628 1525 2652 sur-

861 2686 937 2711 sum
965 2674 1131 2712 reductas
1160 2678 1299 2723 cingere
1324 2674 1373 2711 ad
1392 2672 1526 2722 facili-

861 2732 968 2767 tatem
984 2732 1177 2769 incessus.“
1236 2732 1343 2775 Quae
1374 2731 1454 2779 ipsa
1473 2728 1525 2764 si-

860 2786 1054 2836 gnificatio
1101 2789 1142 2824 in
1182 2793 1356 2824 nostrum
1395 2786 1525 2821 locum

860 2845 1003 2894 optime
1042 2843 1217 2896 quadrat.
1276 2843 1363 2879 Vox
1406 2837 1525 2892 ζειροῖ,

1531 659 1659 686 Arabes.
1682 660 1803 689 Aethio-

1530 701 1584 729 pes
1571 693 1682 723 sAsri.

1532 732 1612 774 541
