1897 3340
391 182 1044 222 TERPSICHORE.
1105 183 1149 218 V.
1369 186 1421 223 91

163 295 283 351 τρίης
310 294 391 350 τήν
422 291 580 348 ἀρχήν·
624 308 683 342 ως
713 291 758 334 δὲ
789 289 871 346 ἐγω
904 288 1328 344 ἀναπυνθανόμενος
1358 288 1422 333 εὖ
1439 297 1531 330 8οιιῑ
1518 304 1562 330 cia
1581 306 1608 331 ιιι
1627 306 1689 333 no·
1674 316 1716 333 -0

164 365 322 417 ρίσκω,
371 355 484 416 ἦσαν
520 360 722 409 Φοίνικες
759 362 849 401 τῶν
893 358 977 401 σύν
1012 357 1180 414 Κάδμω
1218 355 1425 412 οἷπικομέ-
1484 337 1549 404 ιέἶῖ
1550 338 1705 398 1¹:¹²⁰

164 446 256 473 νων
287 429 517 472 Φοινίκων
545 426 588 477 ἐς
625 430 708 482 γῆν
737 426 816 482 τὴν
853 429 938 469 νῦν
970 427 1189 481 Βοιωτίην
1225 424 1428 479 καλεομέ-
1485 411 1598 496 ῗῖὲιι
1593 414 1644 463 n't:
1648 407 1758 477 'liiiio-

163 511 267 553 νην·
306 497 454 538 οἴκεον
484 494 530 538 δὲ
559 497 638 550 τῆς
666 511 808 552 χωρης
835 492 998 550 ταύτης
1027 491 1318 548 ἀπολαχόντες
1345 491 1426 548 τὴν
1486 479 1589 563 [ιοὶὲῖ
1591 471 1652 538 (ᾖξ’ἶι
1655 476 1759 531 ἑζῖἓῗιῖι

135 571 156 604 2
176 561 452 618 Ταναγρικὴν
481 566 656 618 μοῖραν.
702 562 907 606 ἐνθεῦτεν
938 561 982 605 δὲ
1014 562 1248 615 Καδμείων
1274 558 1422 614 πρότε
1438 539 1621 601 SStAetrihi'tas
1644 540 1741 566 ’ω’

163 648 244 686 ρον
272 629 602 683 ἐξανασταντων
628 628 713 674 ὑπ’
744 628 967 684 Ἀργείων,
1010 631 1056 672 οἱ
1085 632 1331 684 Γεφυραῖοι
1351 628 1429 670 οὐ·

162 716 226 743 τοι
258 697 439 754 δεύτερα
469 696 558 742 ὑπὸ
592 702 799 743 Βοιωτῶν
838 696 1149 751 ἐξαναστάντες
1187 695 1428 751 ἐτράποντο

35 1892 42 1897 ”
102 1890 298 1945 ναγρικήν
331 1897 488 1945 μοῖραν.

104 872 220 908 ticam
239 878 381 908 terram
400 873 678 923 immigrarent.
699 873 766 911 Tu

102 928 204 965 conf.
224 930 358 966 Kruse.
378 931 506 967 Hellas
525 931 604 977 11,1
628 943 667 981 p.
684 933 760 971 171

102 998 181 1036 seq.
193 986 404 1024 coll.Laur.
425 985 525 1038 Lyd.
553 987 612 1022 De
622 1000 762 1024 mensS.

102 1042 166 1089 lv,
187 1044 237 1081 21
261 1056 350 1094 pag.
384 1046 463 1085 118
490 1042 628 1081 Roeth.
659 1045 763 1082 We-

101 1105 310 1136 stermann.
356 1101 415 1136 De
444 1100 612 1151 publico.
638 1099 763 1138 Athe-

100 1156 242 1197 uienss,
265 1155 475 1196 honoribus
497 1154 617 1209 (Lips.
635 1157 761 1206 1830)

101 1224 190 1263 pag.
203 1215 269 1262 31,
289 1215 357 1265 qui
375 1214 501 1264 plures
511 1213 656 1251 iudicat
666 1227 765 1264 gen-

101 1276 157 1305 tes
175 1272 406 1321 peregrinas‚
427 1283 527 1322 quae
547 1272 670 1321 patria
693 1284 765 1306 ex—

104 1332 234 1374 torres,
260 1329 299 1362 iu
320 1327 488 1364 Atticam
508 1327 766 1378 confugerunt

103 1382 234 1434 ibique
269 1385 420 1421 civitate
462 1383 625 1421 donatae
662 1391 762 1422 sunt.

103 1440 149 1475 Iu
179 1452 285 1492 seqq.
316 1439 405 1477 dedi
432 1434 538 1492 ἦσαν
564 1453 634 1492 pro
656 1440 762 1489 ε’σαν,

105 1502 142 1532 et
162 1500 306 1565 μοῖραν
322 1510 391 1547 pro
413 1496 574 1549 μοίρην.
597 1518 644 1525 -
687 1512 763 1548 την

103 1547 230 1604 α’·ρχην
281 1555 511 1605 interpretor
549 1556 764 1605 antiquitus,

103 1609 148 1647 ab
167 1611 283 1647 initio.

159 1661 427 1717 ἀπολαχόντες
461 1663 537 1718 τήν
572 1669 768 1719 Ταναγρι-

101 1719 183 1773 κήν
200 1724 376 1775 μοῖραν]
400 1724 486 1760 Huc
501 1725 667 1776 respexit
678 1725 768 1762 Ste-

100 1778 219 1831 phan.
246 1781 343 1831 Byz.
373 1794 412 1831 p.
443 1783 526 1821 692
553 1794 583 1818 s-
612 1795 651 1820 v.
688 1777 767 1820 T&-

101 1852 229 1888 ναγρα
250 1851 299 1873 ex
318 1835 513 1874 Herodoto
540 1839 662 1876 citans
687 1842 766 1877 Τοι-

547 1894 647 1931 Cum
673 1908 766 1932 vero

100 1950 283 2000 Tanagra
302 1952 484 1987 Boeotica
504 1964 525 1987 e
544 1953 702 2002 regione
720 1953 768 1989 sit

98 2006 271 2044 Eretriae
281 2009 321 2044 in
335 2007 495 2045 Euboea
514 2008 638 2045 insula
656 2010 762 2056 sitae,

100 2063 279 2101 facillime
302 2077 419 2116 quam
439 2066 580 2102 Noster
607 2079 763 2103 memo-

102 2128 251 2158 raverat
299 2121 347 2158 de
381 2123 533 2166 »Eretria
571 2124 763 2173 primitiva

101 2177 421 2229 Gephyraeorum
448 2178 571 2229 patriai
607 2188 764 2217 senten-

103 2235 197 2271 tiam
225 2236 316 2272 oriri
342 2236 510 2287 potuisse
537 2244 673 2286 sponte
700 2239 764 2274 in-

103 2292 285 2342 telligitur
305 2321 316 2340 ‚
384 2294 605 2344 praesertim
644 2308 764 2346 quum

105 2346 316 2386 Phoenices
333 2348 521 2402 quosdam
535 2379 545 2398 ,
588 2352 645 2388 uti
673 2365 767 2402 pro-

105 2404 228 2442 babile
249 2412 327 2453 est,
358 2420 379 2442 e
411 2407 593 2457 Tanagra
622 2409 663 2445 iu
682 2410 767 2446 Eu-

109 2461 244 2499 boeam
301 2463 515 2514 oppositam
580 2466 767 2504 trajecisse

107 2530 244 2555 sumas.

163 2573 350 2614 ἐνθεῦτεν
369 2573 411 2614 δὲ
434 2575 647 2626 Καδμείων
667 2573 769 2627 πρό-

108 2643 220 2680 τερον
249 2647 284 2670 κ.
307 2647 340 2670 τ.
364 2633 429 2680 λ.]
470 2633 612 2678 Quibus
646 2635 770 2673 verbis

108 2683 182 2722 hoc
197 2687 290 2724 mihi
311 2687 506 2726 declarare
526 2688 677 2728 videtur
690 2693 771 2728 He-

114 2741 291 2790 rodotus,
332 2744 519 2784 Cadmeos
556 2749 658 2797 prius
688 2750 712 2785 i.
735 2763 770 2786 e.

111 2807 196 2850 post
228 2812 373 2837 anuum
410 2805 516 2843 1307
549 2816 584 2841 a.
606 2804 695 2842 Chr.
718 2820 771 2853 ιι,

822 873 961 910 eiectos
992 884 1071 909 esse
1092 872 1137 908 ab
1167 871 1319 921 Argivis
1338 884 1368 908 s.
1387 871 1486 921 Epi-

821 930 930 979 gonis
952 927 1013 978 (ut
1030 927 1283 965 indicavimus
1302 940 1416 979 supra
1437 927 1486 964 ad

820 987 850 1035 1,
872 986 926 1027 56
948 986 1033 1023 coll.
1052 986 1098 1034 V,
1120 987 1194 1035 61)
1214 992 1300 1022 tum
1318 997 1410 1023 vero
1425 992 1485 1021 et—

819 1044 899 1081 iam
928 1041 997 1080 hos
1030 1040 1278 1093 Gephyraeos
1315 1049 1352 1078 et
1384 1042 1486 1092 ipsos

821 1099 917 1152 (qui
940 1113 1020 1136 non
1042 1101 1078 1138 T
1082 1099 1189 1154 hebjs
1208 1101 1245 1136 T
1247 1097 1485 1136 hebarumve

819 1159 860 1194 in
885 1155 1028 1194 ditione
1057 1155 1164 1194 sedes
1185 1154 1398 1204 habebant,
1420 1154 1487 1192 sed

820 1221 1035 1265 separatam
1050 1215 1215 1263 regionis
1227 1220 1388 1264 partem,
1406 1213 1442 1248 T
1446 1225 1484 1248 a-

820 1271 1046 1320 nagraicum
1093 1283 1229 1320 agrum
1274 1268 1484 1317 tenebant..)

822 1328 949 1378 pulsos
968 1326 1119 1364 sedibus
1138 1327 1253 1363 fuisse
1275 1339 1298 1362 a
1331 1325 1484 1362 Boeotis

820 1383 987 1436 indeque
1002 1382 1172 1420 Athenas
1193 1396 1322 1420 versus
1343 1382 1485 1419 disces-

819 1442 924 1477 sisse.
979 1441 1118 1477 Boeoti
1138 1441 1242 1476 enim
1261 1446 1349 1476 sunt
1369 1439 1486 1475 intel-

818 1495 965 1546 ligendi
982 1498 1121 1533 Aeoles
1138 1526 1147 1544 ,
1180 1497 1305 1548 qui-in
1321 1494 1487 1531 Phthjo-

823 1553 910 1591 tidis
937 1560 1061 1590 tractu
1084 1552 1326 1590 meridionali
1357 1550 1487 1589 Thes—

823 1611 1130 1662 saliaequeparte
1150 1609 1376 1657 habitantes,
1397 1607 1488 1645 hinc

825 1669 948 1705 coacti
974 1681 996 1703 a
1025 1666 1218 1704 Thessalis
1246 1679 1354 1714 eam⁷
1390 1678 1489 1717 quae

823 1723 983 1776 posthac
1003 1725 1186 1761 Boeotiae
1204 1737 1351 1760 nomen
1376 1735 1489 1760 acce-

824 1783 891 1832 pit,
930 1788 1073 1818 terram
1110 1787 1318 1819 tenuerunt
1354 1780 1489 1816 incolis

821 1837 936 1875 huius
959 1838 1125 1889 regionis
1150 1839 1212 1876 vel
1235 1837 1398 1874 subactis
1426 1836 1489 1874 vel

824 1895 965 1932 eiectis.
1021 1893 1108 1932 Vid.
1130 1894 1174 1932 O.
1198 1894 1244 1931 Ο.
1264 1893 1403 1930 Miiller
1416 1893 1490 1929 Or-

821 1951 1002 1989 chomen.
1013 1964 1103 2002 pag.
1125 1952 1364 1992 391—396·
1393 1948 1490 1986 Inde

822 2007 1072 2060 Gephyraeos
1120 2006 1292 2044 Athenas
1337 2007 1488 2044 cessisse

819 2064 924 2103 idem
948 2078 1037 2116 pag.
1058 2063 1140 2106 476
1170 2065 1281 2116 ponit
1305 2076 1406 2101 anno
1426 2077 1488 2100 se-

819 2123 1060 2174 ptuagesimo
1097 2128 1184 2173 post
1213 2122 1375 2158 Troiam
1421 2133 1488 2158 ca-

819 2187 947 2231 ptffln3
969 2180 1208 2229 sexagesimo
1220 2185 1307 2229 post
1327 2178 1489 2215 Troiam

821 2236 988 2274 deletam
1007 2249 1108 2274 anuo
1127 2237 1293 2273 Boeotos
1308 2236 1348 2271 in
1368 2236 1491 2271 Boeo-

821 2295 914 2331 tiam
961 2294 1149 2345 ingressos
1188 2305 1268 2330 esse
1307 2298 1489 2329 statuerat

821 2349 1003 2388 harcher.
1045 2351 1145 2388 Tab.
1190 2347 1365 2387 chronol.
1396 2361 1487 2400 pag.

824 2407 905 2449 583
934 2421 964 2446 s.
995 2420 1096 2444 anno
1132 2409 1239 2446 1210
1265 2419 1300 2443 a.
1332 2404 1422 2443 Chr.
1446 2418 1487 2442 n.

824 2463 927 2502 Add.
938 2464 1058 2504 Beck.
1071 2461 1402 2513 VVeltgeschichte
1414 2470 1486 2500 etc.

825 2534 913 2573 pag.
942 2524 1048 2569 838,
1090 2521 1155 2558 ubi
1181 2518 1260 2559 vid.
1291 2521 1413 2572 plura.
1434 2540 1490 2546 ——
1534 2550 1537 2555 ⁴

827 2575 991 2630 δεύτερα
1012 2577 1164 2625 eodem,
1195 2578 1345 2628 opinor,
1377 2589 1489 2615 sensu

825 2637 961 2673 Noster
969 2635 1075 2682 dixit,
1088 2647 1164 2687 quo
1175 2634 1220 2682 V,
1234 2637 1289 2677 62
1307 2630 1487 2684 ὕστερον.

883 2688 1099 2743 ἐτράποντο
1150 2687 1216 2731 ἐπ’
1253 2687 1485 2740 Ἀθηνέων]

828 2750 1021 2787 Sancrofti
1041 2750 1136 2785 liber
1157 2745 1214 2787 ἐπ’
1235 2744 1490 2796 Ἀθηναίους,

829 2805 934 2858 quod
955 2820 975 2842 e
988 2812 1202 2843 correctura
1218 2805 1370 2840 fluxisse
1383 2799 1490 2838 vide-
