1897 3340
507 203 982 243 POLYMNIA.
1042 203 1146 243 v11.

1368 212 1450 251 689

168 316 192 353 4
203 311 522 369 υλαυνόμενος,
565 313 680 358 δέεαι
699 316 774 369 τῆς
802 312 1009 368 ναυτικῆς
1029 309 1189 392 ἄρχειν,
1221 310 1337 356 οὕτω
1368 316 1450 371 ἔχει

195 397 305 433 ,,τοι.
364 379 467 432 οὐδ’,
497 381 554 437 ἢν
585 380 608 425 ὁ
637 378 796 424 Λάκων
821 378 919 436 ἐπίῃ
946 395 1014 423 τοι
1044 377 1193 435 άρχειν
1224 378 1379 437 αὐτῆς,
1408 383 1452 438 ἡ.

196 453 317 503 ,,μεῖς
345 447 580 505 ἐπήσομεν·
610 447 792 503 ἡμετέρη
819 446 902 502 γάρ
933 447 1022 491 ἐστι
1053 446 1162 504 αὕτη
1191 463 1252 503 γε,
1283 446 1341 503 μὴ
1376 447 1451 491 αὕ-

170 522 214 568 5,
219 520 320 567 ,τῶν
368 516 645 573 βουλομένων
709 517 1080 570 Λακεδαιμονίων.
1138 515 1334 560 τούτοισι
1375 516 1509 571 μὲν75

168 586 293 636 6,,ὠν
312 583 513 640 ἡγέεσθαι
541 583 850 639 βουλομένοισι
881 583 963 627 οὐκ
997 581 1306 640 ἀντιτείνομεν,
1337 582 1453 642 ἄλλῳ

196 651 270 703 „652
309 651 562 707 παρήσομεν
602 649 749 693 οὐδενὶ
787 652 1054 707 ναυαρχέειν.
1112 651 1252 708 μάτην
1281 652 1365 708 γάρ
1397 652 1454 696 ἂν

195 715 308 772 „0362
350 719 547 774 πάραλον
577 716 804 773 Ἑλλήνων
849 719 1036 774 στρατὸν
1070 724 1273 764 πλεῖστον
1307 722 1453 777 εἴημεν

192 786 456 843 ,,έκτημένοι,
487 788 524 830 εἰ
543 788 892 842 Συρηκουσίοισι
920 786 1063 839 ἐόντες
1089 786 1317 844 Ἀθηναῖοι
1347 801 1448 845 συγ·
1506 793 1588 837 580

193 854 473 911 ,,χωρήσομεν
511 858 586 911 τῆς
616 853 859 910 ἡγεμονίης,
890 852 1178 910 ἀρχαιότατον
1219 856 1297 912 μὲν
1327 856 1511 908 ἕθνοςὸο

191 921 516 978 ,,παρεχόμενοι,
545 926 706 978 μοῦνοι
737 921 781 966 δὲ
812 920 953 973 ἐόντες
982 922 1035 966 οὐ
1074 923 1337 978 μετανάσται
1360 922 1453 968 Έλ-

191 990 386 1046 ,,λήνων·
436 995 524 1034 τῶν
562 991 635 1034 καὶ
651 989 852 1046 ’Όμηρος
889 989 913 1033 ὁ
945 991 1152 1042 ἐποποιός
1182 991 1324 1047 ἄνδρα
1356 991 1451 1047 ἄρι-

189 1069 322 1109 ,,στον
352 1057 484 1115 ἔφησε
518 1057 561 1109 ἐς
578 1057 719 1102 Ἴλιον
748 1056 1001 1110 ἀπικέσθαι,
1034 1059 1157 1111 τάξαι
1184 1074 1228 1103 τε
1257 1060 1331 1103 καὶ
1361 1062 1450 1103 δια-

188 1129 430 1182 ,,κοσμῆσαι
474 1123 673 1180 στρατόν.
732 1125 846 1170 οὕτω
877 1124 958 1170 οὐκ
988 1126 1158 1178 ὄνειδος
1186 1125 1319 1171 οὐδὲν
1347 1127 1452 1184 ἡμῖν

131 1335 219 1371 scito
247 1346 319 1372 rem
346 1336 396 1372 sic
416 1348 487 1372 sese
505 1335 648 1383 habere,
677 1342 720 1373 ut
747 1336 789 1372 in

129 1390 296 1427 formula
326 1389 381 1438 ὥς
409 1388 513 1431 οὕτω
548 1387 714 1442 ἐχόντων
744 1405 788 1430 ac

130 1448 362 1496 similibusl,
387 1448 790 1497 126.V111,144.—

93 1552 95 1554 q
128 1505 223 1542 Mox
233 1501 385 1544 τούτων
407 1504 495 1541 dedi
514 1518 583 1556 pro
605 1504 789 1546 τουτέων.

128 1561 172 1597 In
180 1575 289 1627 seqq.
300 1557 552 1613 νεώᾶμάτην
561 1578 635 1614 γαρ
648 1558 697 1601 ἂν
713 1556 791 1602 ὦδε

132 1613 316 1670 πάραλον
343 1633 380 1657 κ.
404 1633 437 1656 τ.
460 1621 493 1657 λ.
535 1619 643 1656 affert
677 1618 791 1656 Tho-

131 1687 214 1712 mas
242 1676 392 1725 Magist.
422 1688 511 1726 pag.
544 1679 625 1717 686
647 1674 788 1714 docens

129 1730 204 1769 dici
225 1739 260 1769 et
280 1728 460 1784 πάραλον
481 1739 518 1769 et
536 1728 749 1784 παράλιον.

186 1799 221 1839 εἰ
233 1799 544 1850 Συρηκουσίοισι
566 1796 694 1846 ἒὸντες
712 1796 783 1838 'A-

128 1859 297 1907 θηναῖοι
316 1851 622 1908 συγχωρήσομεν
637 1859 710 1906 τῆς
733 1854 785 1907 ή-

127 1912 342 1965 γεμονίης]
384 1911 507 1949 Affert
540 1911 714 1950 Eustath.
735 1911 784 1949 ad

125 1970 169 2008 ΙΙ.
191 1983 229 2020 p.
252 1969 348 2016 759,
371 1966 420 2008 41
445 1981 473 2005 s.
497 1972 590 2017 622,
614 1972 680 2010 39-
725 1971 784 2005 De

126 2033 313 2064 structura
332 2025 538 2077 particulae
565 2026 600 2065 εἰ
619 2037 709 2063 cum
721 2025 785 2062 fu-

126 2089 212 2120 turo
242 2081 320 2120 vid.
350 2080 487 2119 Matth.
520 2084 585 2121 Gr.
610 2084 675 2119 Gr.
695 2089 799 2133 pag.‘

128 2142 248 2187 1019,
270 2140 336 2191 qui
346 2138 449 2175 idem
470 2151 557 2189 pag.
583 2138 787 2185 1020(ᾶά-

126 2197 311 2233 sentiente
357 2196 538 2233 VVerfero
586 2197 628 2232 in
682 2196 785 2233 Actt.

126 2251 235 2302 phill.
256 2253 430 2288 Monacc.
448 2254 466 2287 I
486 2265 524 2302 p.
547 2252 648 2303 235)
681 2252 781 2289 bene

126 2309 256 2345 reiecit
297 2304 627 2359 συγχωρήσωμεν,
677 2308 781 2360 quod

129 2366 222 2402 olim
242 2362 304 2401 hic
324 2364 532 2413 legebatur.
590 2366 648 2400 De
679 2372 781 2402 stru-

128 2428 234 2459 ctura
254 2419 366 2457 huius
386 2420 492 2457 verbi
512 2433 600 2455 cum
612 2422 780 2469 genitivo

127 2477 232 2515 idem
251 2477 467 2515 consulatur
486 2489 524 2526 p.
546 2478 639 2515 667.
671 2476 782 2520 Quod

128 2547 219 2573 vero
246 2533 451 2580 Valcken.‚
481 2532 625 2568 abiecta
646 2533 782 2569 vocula

131 2590 166 2630 εἰ
184 2604 227 2629 ac
247 2598 393 2628 retento
415 2589 656 2626 coniunctivo
688 2599 782 2640 συγ-

131 2644 384 2699 χωρήσωμεν,
405 2658 547 2684 novam
567 2643 628 2681 hic
666 2645 783 2695 incipi

129 2705 211 2741 vult
229 2704 429 2755 periodum
449 2702 605 2739 oratoris
623 2701 783 2738 animosi

133 2766 170 2797 et
197 2762 237 2797 in
267 2762 337 2798 ista
366 2760 620 2810 erumpentis:
680 2756 783 2804 „Nos

134 2818 196 2866 qui
211 2829 326 2855 sumus
352 2818 589 2862 Athenienses,
622 2812 782 2864 ›Syracu-

189 2875 409 2912 Hssnonow.
430 2874 497 2910 111.

845 1336 944 1372 sanis
960 1334 1151 1372 cederemus
1167 1337 1400 1386 principatu!
1411 1336 1434 1356 “
1463 1335 1505 1374 id

846 1392 1006 1429 minime
1051 1391 1202 1428 videtur
1237 1393 1505 1441 necessarium,

846 1449 950 1486 libris
972 1450 1194 1499 praesertim
1207 1448 1506 1487 adversantibus.

846 1505 910 1543 Ad
921 1506 1036 1543 verba
1048 1501 1176 1552 ἐόντες
1185 1500 1404 1557 Ἀθηναῖοι
1416 1519 1506 1543 omn

847 1563 885 1600 vi
916 1561 1084 1614 quadam
1130 1564 1374 1613 pronuntiata
1417 1569 1504 1614 apte

845 1618 1031 1657 Valcken.
1046 1626 1243 1669 comparat
1270 1618 1504 1657 Demosthe-

843 1689 918 1712 nea
935 1690 974 1727 p.
996 1675 1063 1723 49,
1086 1678 1111 1717 8
1144 1676 1250 1726 [pag.
1273 1679 1340 1724 78,
1365 1679 1414 1716 13
1435 1677 1502 1724 R.]

842 1746 881 1783 p.
906 1735 998 1780 126,
1021 1731 1074 1773 35
1098 1732 1215 1783 [pag.
1239 1733 1330 1781 197,
1356 1734 1405 1772 11
1429 1732 1500 1781 R.]

843 1787 1025 1840 Thucyd.
1049 1788 1111 1836 VI,
1133 1789 1197 1829 59.

897 1851 1154 1907 ἀρχαιότατον
1176 1851 1249 1906 μὲν
1279 1851 1404 1902 ε’θνος
1424 1870 1501 1894 πα-

841 1909 1045 1965 ρεχόμενοι
1069 1927 1104 1952 κ.
1126 1926 1159 1950 τ.
1180 1909 1239 1961 λ.]
1280 1909 1366 1949 vid.
1402 1918 1501 1950 nott.

841 1968 889 2006 ad
909 1970 938 2016 Ι,
961 1968 1013 2010 56
1037 1975 1074 2005 et
1101 1967 1189 2007 add.
1210 1965 1432 2018 Thucydid.
1452 1970 1501 2016 H,

845 2028 911 2066 36.
932 2026 1086 2062 Isocrat.
1107 2026 1299 2076 Panegyr.
1320 2025 1372 2061 IV
1393 2025 1429 2069 §.
1446 2024 1501 2066 25

843 2082 972 2134 ibique
1004 2079 1153 2133 Spohn.
1184 2083 1220 2128 §.
1249 2081 1341 2118 XVI
1365 2082 1402 2126 ξ.
1432 2083 1500 2130 63,

843 2139 911 2175 ubi
930 2139 1060 2176 similis
1089 2138 1288 2178 sententia.
1329 2137 1391 2174 Ad
1411 2150 1501 2174 ver-

843 2196 937 2232 bum
958 2190 1194 2246 μετανάσται
1216 2194 1318 2232 conf.
1331 2195 1500 2235 Pausan

843 2253 924 2299 VII,
952 2254 970 2291 1
997 2254 1034 2298 ᾧ.
1056 2254 1080 2291 3
1092 2252 1234 2319 ibique
1255 2251 1430 2289 Siebelis.

894 2304 914 2348 ὅ
934 2304 1153 2357 ἐποποιός]
1195 2308 1306 2345 Idem
1325 2307 1497 2345 vocabu-

837 2365 920 2402 lum
938 2366 985 2413 ΙΙ,
1010 2367 1088 2405 120
1109 2365 1195 2402 coll.
1211 2367 1302 2413 116,
1338 2365 1404 2401 ubi
1416 2362 1495 2401 vid.

837 2421 959 2471 plura.
1025 2422 1238 2471 Respicitur
1271 2428 1400 2458 autem
1432 2418 1495 2456 hic

837 2477 963 2514 Iliadis
981 2477 1087 2514 locus
1107 2479 1155 2524 Π,
1178 2477 1273 2519 554.
1289 2500 1345 2504 -
1363 2479 1406 2513 In
1419 2475 1496 2511 fine

840 2545 922 2583 cap.
955 2546 1045 2570 cum
1065 2532 1285 2584 Schweigh.
1311 2541 1348 2570 et
1378 2531 1494 2570 Gaisf.

840 2587 929 2625 dedi
965 2584 1084 2628 ου’ὃὲν
1120 2586 1222 2640 ’ἡμῖν
1264 2588 1366 2635 ἐστὶ,
1429 2587 1495 2622 ubi

839 2645 955 2695 vulgo
975 2643 1074 2696 ἡμῖν
1093 2644 1172 2685 ἔστι
1193 2641 1324 2686 οὐδέν.
1378 2643 1492 2678 Uncis

839 2708 968 2739 autem
997 2708 1040 2738 ut
1071 2703 1198 2752 spuria
1218 2701 1369 2738 inclusit
1392 2700 1494 2734 Mat-

837 2756 939 2794 thiae
975 2758 1090 2795 verba
1116 2760 1196 2796 τῶν
1224 2755 1292 2795 καὶ
1308 2752 1493 2804 ”Ὀμηρος

839 2828 874 2852 κ.
910 2829 941 2853 τ.
976 2817 1011 2853 λ.
1042 2827 1162 2865 usque
1196 2811 1244 2848 ad
1275 2811 1493 2861 διακοσμῆ-

1168 2866 1221 2906 44
