1897 3340
399 169 435 202 Τ
466 169 496 202 E
527 169 556 202 R
590 169 618 200 Ρ
648 167 675 201 S
709 165 847 200 1011
879 166 909 199 Ο
941 165 971 199 P.
1002 166 1048 199 Ε.
1109 165 1151 200 V.

1333 168 1411 206 127

152 275 198 317 ἐκ
229 277 404 330 διδαχῆς
432 278 512 317 τοῦ
539 269 776 327 Ἰσαγόρεω.
828 273 872 314 οἱ
908 271 987 325 μὲν
1023 270 1106 324 γάρ
1135 268 1411 326 Ἀλκμαιωνί-

155 346 227 385 ὃαι
264 343 336 385 καὶ
382 343 426 384 οἷ
460 343 752 383 συστασιῶται
793 338 942 382 αὐτῶν
992 335 1108 392 εἶχον
1152 341 1295 395 αἰτίην
1331 344 1411 382 τοῦ

156 408 303 464 φόνου
341 406 522 451 τούτου·
570 404 702 457 αὐτὸς
742 407 787 449 δὲ
819 404 873 449 ου’
905 412 1085 461 μετεῖχε,
1129 407 1229 451 οὐδ’
1274 409 1317 450 οἱ
1346 409 1412 460 φί-

31 471 94 515 71
156 482 226 520 λοι
255 476 403 520 αὐτοῦ.
464 476 518 517 Οἱ
555 472 600 517 δ’
644 473 813 528 ἐναγέες
837 471 1081 528 Ἀθηναίων
1121 470 1204 518 ὦδε
1246 474 1468 531 ὥνομά-ιο

152 550 331 600 σθησαν.
389 536 445 597 ἦν
474 540 634 585 Κύλων
661 545 749 586 τῶν
774 540 1021 598 Ἀθηναίων
1046 541 1156 598 ἀνὴρ
1182 540 1412 597 Ὀλυμπιο-

123 614 299 667 2νίκης’
337 605 465 661 οὗτος
503 609 572 652 ἐπὶ
600 611 828 662 τυραννίδι
866 607 1059 665 ἐκόμησε.
1118 607 1413 665 προσποιησά-

93 795 210 832 Gaisf.
276 796 374 831 Nam
406 796 529 833 ταῦτα
570 793 615 831 ad
649 793 752 847 ἔλεγε

93 853 267 902 pertinet,
290 850 363 888 hoc
373 851 452 888 fere
467 864 601 888 sensu:
632 850 754 898 „haec

92 907 383 945 caduceatorem
424 910 577 945 mittens
605 907 754 945 dicebat

96 965 319 1002 Cleomenes
339 966 385 1002 ab
414 966 566 1015 Isagora
586 964 754 1013 edoctus,

96 1023 162 1073 qui
192 1024 270 1072 ipse
292 1023 338 1058 ab
370 1020 442 1058 hoc
464 1023 644 1069 crimine,
676 1036 752 1074 quo

95 1078 392 1115 Alcmaeonidae
402 1079 628 1115 tenebantur
645 1078 753 1128 (ἔνα-

92 1134 178 1186 γέες
215 1135 304 1172 iude
352 1135 460 1185 dicti)
496 1136 593 1172 liber
632 1137 750 1173 erat.“

92 1193 185 1228 Mox
206 1191 294 1229 dedi
323 1188 456 1231 αὐτῶν
487 1206 556 1243 pro
584 1188 748 1239 αὐτέων.

300 1283 392 1333 Cap.
408 1284 552 1319 LXXI.

151 1359 193 1398 οἱ
238 1356 271 1399 δ’
316 1360 470 1413 ἐναγέες
523 1357 753 1411 Ἀθηναίων

94 1410 172 1455 ὦδε
203 1413 533 1468 ὠνομάσθησαν]
566 1417 752 1468 Schwgh.

94 1480 182 1510 ante
213 1468 443 1524 Ἀθηναίων
463 1476 620 1526 requirit
639 1487 752 1525 prae-

92 1530 319 1581 positionem
345 1527 435 1570 ὑπό.
495 1532 577 1576 Qua
593 1530 751 1583 quidem

93 1587 158 1623 vix
193 1599 300 1637 opus.
364 1589 464 1623 Nam
502 1589 531 1624 is
558 1588 638 1624 fere
675 1588 751 1624 loci

93 1655 244 1680 sensus:
304 1642 402 1681 Inter
428 1644 655 1682 Athenienses
685 1647 750 1695 qui

90 1699 260 1748 Euagees
277 1705 358 1737 sunt
372 1714 402 1738 s.
421 1705 606 1748 vocantur,
621 1715 694 1739 eam
707 1702 746 1739 ob

92 1768 234 1794 causam
271 1760 325 1795 ita
358 1760 476 1795 vocati
490 1762 584 1795 sunt.
653 1760 748 1795 Loci

93 1820 362 1862 argumentum
370 1816 608 1867 persequitur
614 1813 746 1852 Schol.

91 1868 247 1906 Aristid.
277 1883 365 1921 pag.
392 1870 445 1912 44
474 1884 580 1924 seqq.
609 1873 749 1908 From-

92 1927 197 1974 mel.‚
218 1939 386 1978 quocum
406 1929 643 1979 potissimum
656 1942 754 1966 con-

92 1982 162 2019 fer.
200 1982 448 2036 Thucydides
485 1986 515 2032 I,
548 1988 646 2033 126,
685 1986 752 2022 ubi

93 2038 172 2076 vid.
201 2039 364 2088 Duker.‚
386 2042 451 2093 qui
471 2042 638 2093 reliquos
657 2043 753 2079 scri-

91 2102 239 2146 ptores,
269 2097 370 2148 apud
392 2111 484 2150 quos
506 2098 677 2136 eiusdem
697 2100 752 2135 rei

94 2154 238 2189 mentio
254 2183 264 2202 ‚
294 2154 474 2192 iudicavit
490 2162 527 2192 et
544 2157 658 2206 ipsius
678 2169 750 2193 vo-

95 2210 148 2246 cis
162 2204 336 2262 Ἐναγεῐς
353 2213 541 2248 rationem
556 2214 751 2263 exposuit:

96 2267 238 2318 quippe
259 2281 442 2319 quaenon
464 2268 511 2305 de
530 2270 574 2306 iis
589 2276 754 2318 tantum,

98 2324 163 2374 qui
183 2324 252 2373 ipsi
273 2325 466 2375 piaculum
486 2328 755 2363 commiserant

99 2387 135 2415 et
153 2380 294 2416 scelere
313 2394 352 2417 se
372 2383 598 2432 polluerant,
619 2396 754 2420 verum

99 2434 146 2471 de
166 2438 322 2486 posteris
344 2451 498 2491 quoque
527 2452 660 2477 eorum
684 2440 754 2477 ad-

98 2490 260 2530 hibetur.

156 2542 208 2599 ἦν
242 2545 387 2589 Κύλων
413 2553 492 2590 τῶν
525 2546 753 2601 Ἀθηναίων

101 2599 202 2656 οἷνήρ
222 2602 560 2659 Ὀλυμπιονίκης]
606 2608 753 2646 Eadem

100 2660 218 2697 ferme
239 2660 486 2715 Thucydides
510 2666 535 2702 l.
557 2666 596 2712 l.,
618 2666 684 2702 ubi
703 2667 755 2703 si-

100 2717 182 2753 mili
200 2717 316 2755 modo
344 2720 515 2758 additum
548 2719 675 2773 ἀνήρ,
707 2722 754 2759 de

101 2785 177 2825 quo
199 2773 247 2810 cf.
267 2776 332 2823 111,
357 2778 448 2818 125.
505 2780 615 2815 Hanc
637 2780 755 2831 Cylo-

808 795 865 830 nis
894 794 1093 830 victoriam
1125 793 1306 831 Larcher.
1340 794 1468 830 retulit

810 850 855 887 ad
873 850 1027 902 Olymp.
1047 850 1100 891 35
1121 864 1151 888 s.
1172 851 1253 891 640
1270 865 1303 887 a.
1325 849 1467 887 Clnun.

811 908 983 943 Giillerus
1014 906 1029 955 (
1047 906 1096 943 ad
1125 906 1345 959 Thucydid.
1367 908 1393 944 l.
1415 905 1466 959 l.)

811 977 900 1001 cum
921 966 1000 1000 aliis
1021 963 1070 1000 ad
1091 964 1243 1015 Olymp.
1265 967 1317 1005 30
1337 978 1366 1001 s.
1389 966 1470 1004 660

810 1034 843 1058 a.
860 1019 949 1058 Chr.
965 1034 1027 1068 n.;
1065 1022 1192 1058 turbas
1220 1020 1269 1058 ad
1297 1020 1468 1058 Athenas

809 1077 1050 1129 occupandas
1070 1077 1174 1114 idem
1188 1076 1368 1115 Larcher.
1378 1079 1468 1114 reii-

808 1137 858 1172 cit
873 1135 922 1171 ad
952 1136 1104 1186 Olymp.
1126 1135 1193 1181 42,
1222 1138 1239 1174 1
1276 1148 1306 1171 s.
1330 1138 1412 1176 612
1432 1147 1467 1171 a.

808 1191 898 1229 Chr.
919 1205 979 1239 n.,
1009 1193 1049 1227 iu
1075 1204 1150 1243 quo
1172 1193 1350 1228 convenit
1378 1205 1467 1228 cum

808 1248 993 1285 Herodoti
1007 1249 1284 1299 interpretibus.
1319 1250 1376 1284 De
1388 1249 1467 1300 Cy-

807 1306 904 1342 lonis
942 1305 1060 1342 turbis
1090 1306 1141 1341 ita
1169 1304 1312 1342 iudicat
1344 1306 1386 1345 C.
1422 1306 1467 1343 F.

809 1363 1019 1398 Hermann.
1059 1360 1276 1398 Lehrbuch.
1316 1368 1388 1398 etc.
1431 1363 1468 1408 §.

813 1421 903 1465 103,
925 1425 967 1454 ut
987 1419 1106 1454 nimia
1125 1419 1256 1468 legum
1278 1419 1468 1455 Draconi-

808 1487 940 1511 carum
959 1475 1156 1511 severitate
1184 1476 1364 1512 excitatas
1392 1489 1468 1526 pu-

806 1537 859 1567 tet
871 1544 880 1578 3
895 1544 987 1582 quas
996 1531 1099 1582 leges
1108 1532 1173 1583 qui
1188 1538 1271 1567 tum
1284 1533 1467 1582 reipubli-

805 1600 872 1624 cae
892 1588 1149 1638 gubernacula
1161 1589 1351 1625 tenuerint
1367 1590 1468 1639 opti-

804 1651 924 1681 mates
953 1658 1042 1681 cum
1074 1658 1204 1682 severe
1231 1647 1469 1683 exercuerint

801 1709 993 1752 sperantes
1004 1715 1048 1738 eo
1060 1702 1203 1739 facilius
1216 1701 1470 1739 democratiae

802 1764 886 1794 tum
920 1760 1106 1796 nascentis
1141 1760 1287 1795 semina
1316 1760 1468 1810 reprimi

802 1828 932 1866 posse,
981 1829 1087 1852 secus
1118 1821 1248 1852 tamen
1290 1815 1469 1853 accidisse

806 1870 910 1908 idem
966 1873 1209 1909 Hermannus
1276 1873 1470 1920 observat;

809 1927 1122 1981 quandoquidem
1168 1929 1354 1981 Cylonem
1403 1931 1469 1982 qui

808 1985 1037 2034 devicerint,
1083 1998 1177 2022 mox
1207 1987 1255 2023 ob
1292 1986 1468 2023 infidiam

806 2044 845 2079 iu
878 2043 1024 2094 Cylone
1055 2049 1165 2093 capto
1201 2056 1243 2079 ac
1280 2043 1468 2081 trucidato

807 2101 1071 2148 commissam,
1101 2101 1199 2148 loco,
1222 2113 1338 2152 quem
1359 2108 1470 2137 tene-

804 2157 896 2194 bant
924 2157 964 2193 in
995 2157 1106 2194 rebus
1120 2158 1296 2208 publicis,
1316 2170 1468 2195 summo

810 2212 947 2250 deiecti
973 2214 1033 2250 vel
1061 2215 1156 2251 urbe
1184 2213 1319 2250 cedere
1348 2215 1467 2251 coacti

809 2277 897 2307 sunt
917 2270 1227 2319 Alcmaeonidae,
1249 2273 1356 2321 gravi
1384 2273 1469 2323 pia-

810 2328 895 2364 culo
916 2328 970 2363 illi
991 2327 1147 2380 quidem
1169 2329 1348 2365 obstricti.

868 2378 983 2430 οὗτος
1029 2384 1091 2424 ἐπὶ
1127 2386 1333 2435 τυραννίδι
1378 2380 1470 2424 ε’κό-

811 2442 939 2492 μησε]
972 2443 1058 2478 Duo
1077 2441 1189 2478 codd.
1211 2437 1380 2492 ἐκόμισε,
1402 2455 1469 2478 ac-

809 2497 968 2534 cedente
987 2497 1160 2535 Eustath.
1182 2497 1230 2535 ad
1250 2499 1293 2536 ss.
1313 2512 1352 2550 p.
1377 2498 1469 2545 165,
1525 2549 1528 2554 .

812 2557 862 2595 16
883 2568 913 2592 s.
934 2569 972 2606 p.
996 2555 1088 2602 125,
1109 2558 1148 2595 3.
1193 2556 1245 2591 At
1263 2554 1358 2592 nihil
1378 2568 1468 2591 mu-

808 2610 985 2648 tandum.
1026 2613 1126 2648 Nam
1145 2613 1306 2649 verbum
1325 2614 1467 2662 κομᾶν,

810 2668 913 2720 quod
944 2670 1095 2720 proprie
1125 2669 1248 2706 valet:
1289 2669 1382 2706 alere
1410 2681 1466 2703 co-

810 2737 914 2773 mam,
932 2732 973 2762 ut
992 2727 1021 2772 1,
1036 2728 1103 2766 82.
1129 2724 1206 2765 195
1236 2732 1306 2761 etc.
1329 2721 1466 2761 deinde

812 2794 966 2834 quoque
995 2781 1180 2832 significat
1209 2783 1370 2831 spiritum
1400 2779 1469 2815 sibi
