1897 3340
472 169 1119 208 TERPSICHORE.
1178 171 1224 207 V.
1429 175 1476 213 21

221 279 582 337 ,ῘΕλλησπόντοπ
624 278 773 330 εἴησαν
804 277 850 319 δὲ
890 280 1094 329 Τευκρῶν
1122 281 1211 321 τῶν
1241 278 1287 321 ἐκ
1324 281 1482 334 Τροίης

196 356 215 388 5
227 348 475 395 ..dimotum-‘⁶

541 345 593 386 Οἱ
630 345 710 399 μὲν
751 345 804 399 δὴ
844 344 955 388 αὐτοὶ
982 346 1141 388 ἕκαστα
1172 346 1332 401 ἔλεγον.

1383 345 1485 390 ὁδὲ

220 417 374 470 εἰρώτα
415 447 438 465 ,,
454 413 491 455 εἰ
528 413 602 454 καὶ
642 415 779 455 πᾶσαι
819 415 969 468 εἴησαν
1002 413 1163 457 αὐτόθι
1205 416 1250 457 αἱ
1278 419 1483 468 γυναῖκες

218 482 361 535 ,ρῦτω
385 479 640 536 ἐργάτιδες-“
676 481 720 522 οἱ
735 480 780 523 δὲ
803 482 873 523 καὶ
897 485 1028 525 τοῦτο
1053 482 1224 536 ἔφασαν
1241 480 1483 537 προθύμως
1495 491 1537 524 55

219 549 333 591 οὕτω
348 549 456 602 ἔχειν
468 563 476 571 ·
517 546 657 591 αὐτοῦ
675 548 762 603 γαρ
774 543 837 591 ὦν
848 549 1014 593 τούτου
1032 551 1175 592 εἵνεκα
1187 550 1259 593 καὶ
1276 549 1479 593 ἐποιέετο.

100 624 159 667 Η

298 614 514 659 Ἐνθαῦτα
544 621 732 668 Δαρεῖος
758 615 919 671 γράφει
947 616 1178 673 γράμματα
1206 618 1317 673 πρὸς
1340 617 1483 672 Μεγά-

214 685 366 738 βαζον,
396 682 477 727 τόν
508 684 622 726 ἔλιπε
653 684 699 727 ἐν
727 689 780 741 τῇ
806 688 973 741 Θρηίκῃ
1006 684 1267 741 στρατηγόν·
1298 686 1482 729 ἐντελλό-

216 767 348 806 μενος
387 752 675 808 ἐξαναστῆσαι
713 752 756 804 ἐξ
804 751 951 808 ἠθέων
989 754 1206 803 Παίονας,
1255 754 1329 797 καὶ
1370 752 1476 809 παρ’

212 820 377 864 ἑωυτὸν
403 818 580 876 ἀγαγεῖν
608 820 681 862 καὶ
712 819 873 872 αὐτοὺς
901 821 974 864 καὶ
1003 823 1132 864 τέκνα
1152 837 1197 864 τε
1226 822 1299 864 καὶ
1332 827 1481 876 γυναῖ-

184 896 298 940 Quas
328 886 489 932 αὐτῶν.
538 886 697 931 αὐτίκα
727 889 772 932 δὲ
804 887 959 939 ἱππεύς
988 887 1083 931 ἔθεε
1115 889 1264 944 φέρων
1293 889 1373 945 τὴν
1402 888 1535 946 ἄγ-οο

208 958 355 1012 γελίην
385 956 453 999 ἐπὶ
482 954 561 998 τὸν
587 953 930 1012 Ἑλλήσποντον·
971 957 1235 1009 περαιωθεὶς
1264 956 1333 1010 δὲ,

1364 960 1482 1002 διδοῖ

211 1022 260 1066 τὸ
291 1024 466 1078 βιβλίον
494 1027 556 1079 τῷ
584 1025 845 1081 Μεγαβάζῳ.
890 1023 913 1068 ὁ
947 1024 1016 1075 δὲ,
1048 1025 1369 1081 ἐπιλεξάμενος,
1403 1027 1478 1070 καὶ

200 1091 349 1148 λαβών
390 1090 607 1147 ἡγεμόνας
646 1091 692 1134 ἐκ
733 1096 808 1147 τῆς
843 1095 1054 1149 Θρηίκης,
1099 1093 1378 1154 ἐστρατεύετο
1410 1096 1480 1138 ἐπὶ

90 1168 154 1216 15
210 1161 288 1216 τὴν
314 1161 542 1215 Παιονίην.

154 1428 278 1461 τειαν,
301 1426 433 1465 quum,
454 1419 636 1448 monente
656 1414 817 1449 Wesse-
873 1411 985 1450 codd.
1016 1414 1144 1461 abest,
1178 1416 1329 1452 valent:

601 1159 859 1215 Πυθόμενοι
889 1160 935 1204 δὲ
966 1163 1010 1205 οἷ
1028 1163 1216 1213 Παίονες
1236 1162 1343 1213 τούς
1366 1162 1477 1218 Πέρ-

214 1240 293 1279 σας
330 1228 399 1271 ἐπὶ
445 1227 580 1284 σφέας
620 1227 754 1280 ἰέναι,
802 1226 1053 1280 ἁλισθέντες
1090 1229 1507 1285 ἐξεστρατεύσαντοθ

1371 1414 1534 1466 Namque

153 1472 293 1520 lingio,
324 1472 394 1506 ista
413 1482 506 1519 gens
527 1470 697 1504 Dravum
717 1470 816 1505 inter
872 1469 978 1506 huius
1000 1472 1112 1519 ipsius
1132 1474 1186 1507 rez'
1203 1485 1313 1509 causa
1334 1472 1398 1509 hoc
1424 1475 1531 1510 etiam

155 1528 376 1578 Savumque
397 1533 435 1562 et
453 1526 674 1561 Danubium
707 1525 813 1562 sedes

150 1597 235 1621 suas
264 1582 444 1629 haberet,
488 1581 651 1618 diversas
681 1584 813 1634 utique

151 1654 173 1677 a
183 1640 396 1677 Paeonibus
407 1637 632 1675 Herodoteis
643 1638 690 1675 ad
700 1639 813 1690 Stry-

150 1710 308 1734 monem
346 1695 616 1732 habitantibus.
707 1697 809 1741 Quos

150 1753 306 1791 eosdem
336 1755 506 1789 Paeones
541 1751 590 1788 ad
624 1753 809 1803 Pelasgo—

150 1824 237 1847 rum
268 1811 424 1861 stirpem
458 1809 589 1845 referri
615 1810 697 1845 vult
716 1812 809 1846 Nie-

150 1866 260 1905 buhr.
291 1869 404 1904 Rom.
432 1867 528 1904 Hist.
564 1868 582 1901 I
622 1879 710 1916 pag.
741 1867 806 1914 53,

149 1923 265 1961 modo
289 1923 335 1960 de
348 1925 536 1960 Teucrica
551 1924 710 1959 istorum
731 1924 808 1960 ori-

148 1983 237 2032 gine
258 1983 303 2018 sit
324 1987 577 2031 compertum.

206 2044 305 2087 αὕτα
318 2047 481 2096 ἕκαστα]
499 2048 553 2083 Ita
575 2047 711 2097 optimi
721 2047 808 2098 qui-

149 2119 223 2157 que
244 2104 356 2142 codd.
376 2105 453 2141 Alii
472 2106 565 2142 ταῦ
578 2119 631 2141 τα
653 2102 807 2142 ε’.καστα

149 2164 304 2212 Spectat
324 2161 399 2198 huc
419 2162 550 2198 Lexic.
573 2161 747 2210 Seguier.
767 2175 806 2211 p.

148 2221 242 2266 462,
257 2219 331 2260 25:
357 2214 621 2258 Λυθέκαστα
642 2233 742 2256 αυτα
758 2215 806 2255 τοὶ

149 2271 361 2340 γενόμενα,
403 2271 490 2314 οἷον
524 2271 700 2325 ακοιβως
738 2272 805 2312 καὶ

149 2328 353 2383 συντόμως
372 2330 439 2370 καὶ
468 2325 703 2381 α’ποτόμως·
739 2346 807 2369 και

148 2384 254 2441 λογοι
285 2384 551 2434 αὕθέκαστοι,
607 2387 648 2426 οἵ
667 2390 808 2436 σαφεῖς

150 2445 217 2484 καὶ
247 2442 456 2496 σύιτομοι,
496 2440 524 2495 ἢ
555 2443 596 2482 οἵ
626 2439 806 2495 ἀληθεῖς

147 2497 355 2550 Ἡρόδοτος
389 2499 433 2541 δὲ
466 2497 640 2540 διαλύων
680 2500 806 2550 φησὶν

152 2554 277 2597 αὕτα
313 2558 511 2606 ε’καστα,
534 2553 622 2596 οἷον
643 2553 805 2608 αὐτήν

152 2610 242 2663 τὴν
279 2610 541 2664 αλήθειαν.
567 2636 624 2641 —
680 2615 805 2651 Verba

151 2677 319 2707 extrema
343 2670 455 2708 huius
483 2672 636 2722 capitis:
681 2666 806 2709 αυτοῦ

150 2740 223 2776 γαρ
245 2720 301 2764 ὠν
312 2723 454 2766 τούτου
469 2728 600 2767 είνεκα
612 2726 678 2766 καὶ
697 2726 803 2766 ἐποι-

149 2780 254 2827 έετο,
282 2783 322 2818 in
350 2784 485 2835 quibus
504 2783 572 2822 καὶ
593 2798 614 2820 a
634 2784 803 2835 pluribus

872 1527 911 1574 (a
942 1527 1157 1563 Paeonibus
1177 1529 1284 1578 scil.)
1315 1530 1367 1566 ita
1386 1529 1531 1580 factum

869 1596 899 1619 s.
921 1584 1123 1620 institutum
1138 1588 1222 1621 erat

1090 1641 1183 1692 Cap.
1204 1642 1308 1678 XIV.

925 1693 990 1733 καὶ
1013 1691 1160 1744 αὐτους
1183 1697 1248 1736 καὶ
1269 1696 1386 1737 τέκνα
1408 1698 1529 1738 τεκαὶ

865 1755 1057 1802 γυναῖκας
1082 1749 1235 1803 αὕτωι]
1259 1757 1316 1791 De
1336 1756 1529 1792 locutione

866 1809 968 1845 conf.
990 1810 1102 1846 citata
1133 1811 1181 1847 ad
1211 1811 1256 1858 V,
1279 1814 1345 1852 98.
1367 1834 1424 1839 —
1444 1808 1527 1851 Av’-

865 1867 945 1903 τών
977 1865 1065 1902 dedi
1085 1880 1153 1917 pro
1178 1864 1346 1907 αὐτέων.

920 1931 988 1972 καὶ
1030 1932 1165 1985 λαβών
1204 1933 1423 1987 ἡγεμόνας]
1483 1939 1526 1973 ln

867 1989 1060 2027 Sana-roffi
1079 1993 1174 2028 libro
1197 2000 1318 2029 exstat
1338 1988 1525 2044 ἡγεμόνα,

865 2047 1051 2097 probante
1079 2049 1208 2096 Valla,
1249 2051 1315 2101 qui
1345 2049 1523 2087 exhibet:

865 2107 999 2154 sumpto
1032 2118 1048 2141 e
1080 2105 1236 2142 Thracia
1270 2107 1365 2145 duce,
1445 2108 1524 2144 Nec

864 2174 975 2204 vero,
1018 2175 1105 2198 mea
1138 2161 1294 2214 quidem
1323 2164 1523 2212 sententia,

864 2218 1018 2267 pluralis
1038 2232 1220 2256 numerus
1250 2219 1520 2267 sollicitandus,

862 2277 1084 2324 praesertim
1115 2289 1204 2312 cum
1232 2289 1314 2327 cap.
1339 2276 1390 2316 15
1410 2291 1522 2327 repe—

864 2332 980 2367 riatur
1008 2330 1217 2384 ήγεμὸνας.
1292 2334 1392 2370 Sunt
1429 2347 1520 2370 vero

863 2384 1061 2439 ἡγεμόνες,
1083 2390 1143 2426 vel
1164 2389 1291 2427 addita
1311 2390 1372 2427 vel
1384 2392 1519 2427 omissa

863 2457 958 2481 voce
980 2443 1079 2484 ὁδοῦ
1099 2448 1180 2483 viae
1198 2460 1229 2483 s.
1248 2448 1383 2483 itineris
1403 2447 1519 2494 duces,

863 2508 905 2537 ut
935 2501 1035 2549 VIII⁷
1065 2505 1132 2542 31.
1154 2502 1207 2543 35
1243 2504 1329 2540 coll.
1357 2504 1403 2549 V,
1429 2506 1520 2550 100,

865 2559 944 2594 aliis
971 2560 1074 2605 locis,
1105 2573 1127 2595 a
1156 2558 1431 2596 Valckenaerio
1463 2560 1533 2595 al—·

861 2615 957 2651 latis.
1015 2616 1117 2652 Infra
1137 2617 1219 2664 VII,
1244 2619 1322 2658 128
1348 2612 1441 2662 τούς
1454 2631 1517 2653 κα-

858 2667 1080 2721 τηγεμόνας
1131 2675 1203 2720 τῆς
1252 2671 1355 2711 ὁδοῦ
1408 2672 1514 2714 dixit,

861 2729 926 2764 ubi
947 2727 1023 2765 duo
1046 2725 1384 2780 coddafyefao'vag.
1414 2726 1514 2763 Add·

859 2785 938 2832 VH,
964 2787 1054 2825 197.

1536 1160 1558 1187 b:
1564 1167 1646 1186 orum
1663 1162 1777 1185 terram

1536 1193 1722 1232 Megas-mnus
1743 1200 1809 1218 cum

1510 1226 1668 1276 5exercilu
1695 1226 1807 1260 ingres-

1532 1270 1598 1295 s,us
1616 1260 1776 1295 Siropaeo-

1532 1304 1604 1329 uon,
1644 1295 1664 1320 Ι·
1668 1293 1806 1329 ¹,ieoplas
