1897 3340
393 223 478 263 236
797 220 1254 259 HERODOTI

392 333 610 386 πληροῦν,
639 329 1013 384 ὑπολειπομένους
1030 329 1242 385 μηδεμίαν
1269 331 1360 372 τῶν
1387 332 1519 373 νεῶν·
1549 333 1652 386 πλη-

395 398 618 452 ρώσαντας
648 398 714 447 δὲ,
753 396 1038 451 συλλέγεσθαι
1065 395 1146 452 τήν
1174 398 1374 451 ταχίστην
1413 396 1456 446 ές
1485 393 1652 452 Λάδην,

393 455 836 521 προναυμαχήσοντας
863 462 1079 520 Μιλήτου.
1120 463 1144 520 ἡ
1175 464 1221 507 δὲ
1250 463 1373 520 Λάδη
1402 462 1490 507 ἐστὶ
1517 467 1652 519 νῆσος

299 534 333 579 8
392 534 550 590 σμικρὴ
585 532 653 576 ἐπὶ
695 535 748 588 τῇ
785 529 887 574 πόλι
924 535 978 588 τῇ
1015 533 1248 587 Μιλησίων
1284 531 1467 587 κειμένη.
1525 529 1652 574 Μετὰ

54 594 338 659 ξῖῗξξῗῗοζζξξῗᾎά
396 600 629 652 δὲταῦτα,
676 597 1030 655 πεπληρωμένῃσι
1067 602 1166 654 τῇσι
1202 599 1332 654 νηυσὶ
1367 602 1570 655 παρῆσαν
1609 600 1654 642 οἱ

382 667 555 719 Ἴωνες·
585 665 669 710 σύν
698 667 744 710 δέ
775 678 852 722 σφι
887 667 961 710 καὶ
989 665 1187 709 Αἰολέων
1225 668 1269 708 οἳ
1297 665 1468 721 Λέσβον
1495 667 1648 722 νέμον·
1663 674 1708 707 80

365 743 478 780 Ξται.
537 733 770 778 ἐτάσσοντο
799 735 846 778 δὲ
874 728 968 777 ὦδε.
1015 732 1063 776 τὸ
1093 732 1171 788 μὲν
1200 732 1310 786 πρὸς
1337 732 1418 790 τήν
1447 734 1504 778 ἕω
1535 733 1651 790 εἶχον

390 803 521 858 κέρας
549 800 676 846 αὐτοὶ
704 800 938 858 Μιλήσιοι,
977 800 1076 851 νέας
1104 798 1393 855 παρεχόμενοι
1434 800 1653 857 ὀγδώκον-

361 877 460 913 3τα.
511 871 677 925 ε’ίχοντο
719 870 765 912 δὲ
801 866 972 912 τούτων
1012 868 1220 924 Πριηνέες
1262 866 1460 911 δυώδεκα
1508 869 1651 924 νηυσὶ,

390 938 466 981 καὶ
494 936 718 981 Μυούσιοι
746 937 861 991 τρισὶ
890 937 1041 992 νηυσί·
1082 937 1327 979 Μυουσίων
1357 935 1402 979 δὲ
1444 934 1570 992 Τήϊοι
1597 938 1651 980 ε’ί-
1663 934 1708 978 85

387 1021 520 1062 χοντο
558 1005 843 1049 ἑπτακαίδεκα
879 1005 1028 1060 νηυσί·
1072 1006 1216 1060 Τηΐων
1265 1002 1310 1046 δὲ
1348 1003 1513 1058 εἴχοντο
1550 1006 1653 1047 Χῖοι

387 1071 545 1116 ἕκατον
572 1073 720 1129 νηυσί·
751 1071 862 1126 πρὸς
890 1071 937 1115 δὲ
964 1068 1157 1114 τούτοισι
1185 1071 1441 1125 Ἐρυθραῖοί
1468 1087 1512 1114 τε
1531 1069 1649 1115 ἐτάσ-

391 1151 522 1184 σοντο
560 1141 635 1184 καὶ
678 1139 897 1191 Φωκαέες·
950 1127 1208 1194 Ἐρυθραῖοι
1245 1137 1345 1194 μὲν,
1393 1135 1505 1181 ὀκτώ
1548 1138 1650 1190 νέας

361 1206 694 1263 4παρεχόμενοι,
731 1207 932 1257 Φωκαέες
962 1206 1008 1250 δὲ
1037 1211 1163 1259 τρεῖς.
1192 1204 1411 1248 Φωκαέων
1439 1205 1485 1249 δὲ
1514 1208 1649 1262 εἴχον-

387 1291 437 1319 το
468 1275 648 1332 Λέσβιοι
675 1274 805 1331 νηυσὶ
834 1273 1145 1330 ἑβδομήκοντα.
1187 1277 1423 1316 τελευταῖοι
1454 1273 1500 1317 δὲ
1529 1272 1704 1318 {zoio-90

388 1354 541 1395 σοντο,
589 1342 758 1399 ἔχοντες
807 1342 856 1386 τὸ
899 1342 1009 1397 πρὸς
1048 1339 1231 1397 ἑσπέρην
1273 1340 1418 1394 κέρας,
1469 1340 1646 1396 Σάμιοι,

339 1410 595 1467 ’δέξήκοντα
641 1411 783 1466 νηυσί.
852 1408 1036 1452 Πασέων
1080 1409 1124 1452 δὲ
1173 1408 1362 1452 τουτέων
1413 1407 1437 1451 ὁ
1476 1408 1649 1464 σύμπας

387 1470 575 1534 ἀριθμὸς
605 1477 792 1533 ἐγένετο,
831 1481 943 1532 τρεῖς
971 1476 1043 1520 καὶ
1078 1476 1346 1532 πεντήκοντα
1375 1476 1448 1520 καὶ
1476 1476 1647 1534 τριηκό-

294 1554 327 1599 9
387 1559 476 1592 σιαι
514 1547 718 1602 τριήρεες.
790 1539 918 1588 αὗται
955 1545 1033 1600 μὲν
1067 1543 1229 1587 Ἰώνων
1267 1539 1389 1600 ἦσαν.
1463 1549 1563 1588 Τῶν
1601 1544 1647 1589 δὲ

384 1613 623 1672 βαρβάρων
650 1613 699 1656 τὸ
719 1616 889 1668 πλῆθος
917 1616 1006 1655 τῶν
1034 1615 1147 1654 νεῶν
1174 1606 1287 1666 ἦσαν
1316 1610 1543 1663 ἑξακόσιαι.
1586 1611 1646 1664 ὥς
1704 1600 1787 1644 442

54 662 188 699 landam,
207 664 339 692 insulam

54 696 173 724 IVIileto
194 698 337 727 adiacen-

54 733 133 765 tem,
146 735 269 767 cogunt,

35 1614 38 1616 ’
56 1618 200 1655 pacisque
225 1618 327 1646 condi-

55 1653 153 1681 tiones
171 1662 190 1693 ξι
207 1653 310 1682 Persis

55 1691 229 1724 proposntas

330 1858 454 1898 Vatic.
482 1860 597 1895 Prov.
627 1858 675 1904 ΙΙ,
702 1853 754 1895 43
779 1861 814 1891 et
834 1855 898 1901 IV,
924 1856 987 1893 11.

328 1938 383 1943 —
400 1916 520 1952 Paulo
541 1914 640 1950 infra
654 1912 790 1949 verba:
831 1909 987 1950 ὖπολει-

327 1971 528 2023 πομὲνους
570 1969 766 2021 μηδεμίαν
819 1967 836 2017 (
856 1969 907 2004 ita
952 1980 984 2005 c.

329 2029 447 2066 Gaiss.
469 2027 555 2065 dedi
572 2040 639 2078 pro
661 2021 884 2078 μηδεμίην)
905 2025 986 2061 ταῖν

330 2088 432 2124 νεῶν
457 2086 625 2136 accipio:
673 2081 777 2120 ηαίίά
812 2082 898 2118 navi
925 2092 987 2117 ex-

329 2146 441 2193 cepta.

385 2198 427 2246 ές
459 2194 634 2247 Λάδην]
676 2197 779 2232 Haec
815 2193 937 2229 insula
967 2204 988 2228 e

330 2256 485 2305 regione
523 2260 652 2304 portus
690 2252 821 2302 magni
866 2249 988 2285 Mileti

329 2312 400 2348 sita
430 2318 508 2347 erat
522 2340 531 2357 ,
561 2318 597 2346 et
618 2313 697 2361 ipsa
713 2316 823 2360 portu
846 2309 986 2344 instru—

328 2374 400 2405 cta.
423 2368 533 2404 Conf.
545 2367 727 2417 imprimis
746 2365 986 2401 ArriamEx—

328 2423 414 2474 ped.
450 2426 479 2461 l.
504 2427 554 2465 18
577 2425 613 2468 ξ.
637 2426 661 2463 7
692 2423 788 2473 vibiq.
816 2422 984 2457 Gronov.

327 2482 414 2519 coll.
435 2483 623 2520 Manuert.
638 2480 702 2527 vl,
719 2482 743 2520 3
767 2490 854 2529 pag.
872 2476 965 2517 257.

555 2582 647 2633 Cap.
667 2582 767 2618 Vm.

384 2650 533 2702 εἴχοντο
546 2647 588 2689 δὲ
605 2645 757 2688 τούτων
773 2645 981 2698 Πριηνέες]

327 2703 479 2747 τούτων
508 2706 595 2744 dedi
629 2720 698 2757 pro
739 2703 909 2744 τουτέων
948 2709 983 2738 el

327 2757 432 2814 ἦσαν
457 2765 496 2800 iu
509 2765 593 2800 fine
609 2776 691 2813 cap.
705 2775 772 2813 pro
794 2760 897 2800 ἔσαν.
927 2761 984 2795 De

329 2822 452 2858 forma
473 2822 574 2859 vocis
602 2817 795 2872 Πριηνέες
828 2817 903 2855 vid.
929 2819 984 2853 ‹21—

389 1683 537 1727 δὲκαὶ
578 1677 708 1726 αὗται
748 1679 932 1723 ἀπίκατο
973 1678 1082 1734 πρὸς
1125 1678 1205 1737 τὴν
1234 1681 1479 1736 Μιλησίην,
1519 1680 1592 1724 καὶ
1622 1679 1704 1724 696

1044 1860 1121 1891 tata
1141 1853 1190 1891 ad
1205 1856 1234 1903 Ι,
1255 1857 1325 1896 27.
1349 1857 1444 1896 170.
1475 1861 1512 1892 et
1540 1853 1587 1892 de
1623 1856 1704 1892 sitr-

1043 1911 1141 1961 gulis
1161 1913 1298 1949 Ionum
1309 1911 1521 1949 civitatibus
1541 1918 1637 1950 nott.
1653 1910 1703 1949 ad

1042 1969 1071 2016 Ι,
1098 1967 1188 2008 142.
1247 1970 1351 2005 Haec
1384 1981 1474 2005 vero
1504 1969 1661 2006 navium
1681 1981 1703 2005 a

1042 2026 1199 2074 siugulis
1220 2025 1431 2062 civitatibus
1463 2032 1704 2075 erogatarum

1042 2083 1210 2119 recensio
1248 2083 1335 2118 satis
1375 2088 1430 2118 est
1458 2079 1702 2130 documento,

1046 2145 1205 2190 quantas
1246 2151 1336 2189 opes
1372 2138 1438 2174 illa
1471 2138 1549 2175 fere
1579 2144 1703 2177 aetate

1041 2197 1178 2232 Ionum
1200 2196 1366 2232 civitates
1386 2195 1455 2231 sibi
1474 2195 1702 2245 paraverint,

1043 2258 1085 2288 ut
1114 2252 1181 2302 qui
1206 2258 1350 2288 tantam
1371 2251 1527 2287 classem
1547 2252 1622 2288 suis
1639 2252 1701 2302 ip-

1042 2320 1172 2344 sorum
1200 2309 1385 2344 sumtibus
1419 2308 1600 2356 praebere
1629 2319 1702 2357 po-

1044 2366 1204 2412 tuerint,
1247 2377 1343 2415 quae
1375 2363 1585 2400 coniunctis
1604 2364 1700 2399 Per-

1040 2433 1169 2457 sarum
1210 2422 1326 2471 copiis
1366 2420 1534 2457 resistere
1578 2420 1699 2471 iisque

1042 2478 1127 2527 ipsis
1147 2476 1242 2514 adeo
1258 2489 1438 2528 pavorem
1457 2478 1610 2514 iniicere
1630 2489 1699 2514 va-

1042 2534 1174 2581 luerit,
1227 2547 1304 2585 quo
1332 2534 1493 2584 perculsi
1523 2546 1544 2570 a
1568 2545 1698 2584 pugna

1043 2591 1304 2627 abstinuerint.

1097 2645 1120 2687 ὁ
1143 2643 1302 2698 σύμπας
1337 2641 1509 2696 ιῖριθμὸς
1527 2642 1696 2697 ἐγένετο]

1041 2705 1254 2740 Articulum
1267 2701 1288 2743 ὁ
1304 2702 1379 2739 duo
1395 2703 1475 2739 libri
1497 2703 1699 2748 omittunt3

1042 2761 1079 2796 in
1102 2761 1291 2797 Sancrofti
1322 2760 1416 2796 libro
1439 2765 1559 2795 exstat
1581 2753 1698 2798 συνά-

1042 2833 1131 2864 πας.
1163 2818 1220 2854 Cf.
1244 2819 1272 2865 l,
1301 2819 1366 2857 98.
1391 2816 1439 2859 V,
1466 2815 1529 2856 49.
