1897 3340
439 166 1093 207 TERPSICllORE.
1152 168 1197 204 V.

1371 171 1452 210 137

189 284 294 323 σθαι
325 277 601 335 ἀμφοτέρους
628 275 731 327 τούς
754 275 969 333 βασιλέας,
992 273 1199 331 ἐξιούσης
1228 278 1304 331 τῆς
1325 287 1450 330 στοα-

130 412 208 447 citu
236 409 419 460 proticisci
458 404 643 452 soleret),
680 403 787 440 attere

131 470 244 504 autem
278 466 374 514 regi,
418 464 480 513 qui
510 461 604 498 domi
621 464 786 507 maneret,

134 522 421 573 Tyndaridarum
451 530 584 568 quoque
617 517 708 554 alter
731 529 785 554 ve-

131 580 200 617 luti
225 581 336 615 custos
358 576 609 625 relinqueretur
637 577 669 610 et
695 577 786 610 tute-

129 635 217 672 laris
237 634 330 672 deus.
386 635 473 669 Duo
491 633 594 668 enim
615 643 704 667 cum
726 644 786 666 es-

126 697 209 728 sent
246 688 513 741 Tyndaridae,
573 688 703 724 Castor
752 694 787 724 et

126 747 286 793 Pollux,
331 745 579 797 totidemque
628 745 787 781 civitatis

125 816 254 853 reges,
291 815 461 855 aequum
494 802 714 848 videbatur,
744 808 787 838 ut

127 873 263 910 regum
290 861 406 896 altero
443 860 549 897 domi
590 866 785 905 manente,

123 917 217 953 alter
256 915 443 954 duntaxat
472 914 785 968 Tyndaridarum

121 977 161 1010 in
202 973 488 1024 expeditionem
518 979 784 1010 assumeretur.

122 1031 189 1067 Est
210 1032 312 1067 enim
333 1029 583 1081 cogitandum
604 1028 651 1066 de
672 1031 786 1080 Tyn-

123 1086 341 1125 daridarum
362 1089 478 1137 signis
499 1089 536 1123 in
560 1087 704 1123 bellum
725 1099 786 1123 as-

121 1145 280 1193 sumtis,
331 1158 429 1196 quae
476 1142 671 1181 Plutarch.
729 1145 787 1180 De

122 1201 279 1241 fratern.
309 1214 429 1238 amor.
459 1215 497 1252 p.
519 1201 601 1242 478
624 1202 671 1236 Α.
693 1202 787 1237 scri-

122 1258 178 1294 bit
207 1259 321 1295 fuisse
352 1259 427 1295 duo
453 1260 557 1308 ligna
578 1258 785 1309 aequaliter

123 1314 300 1352 distantia
321 1314 544 1368 duobusque
566 1315 644 1351 aliis
660 1321 785 1351 trans-

122 1373 236 1408 versis
257 1373 472 1409 coniuncta.
528 1372 600 1417 Qui
620 1370 784 1422 Tynda-

123 1427 226 1465 ridae
256 1442 284 1465 s.
307 1430 508 1475 Dioscuri,
539 1441 634 1480 quos
663 1429 784 1478 Spar-

121 1491 182 1521 tae
210 1487 272 1536 pie
303 1487 423 1522 cultos
446 1498 524 1522 esse
546 1484 781 1534 (chHerod.

119 1543 270 1590 IX.‚73)
293 1555 409 1579 nemo
423 1542 552 1589 nescit,
564 1543 675 1578 rebus
698 1542 782 1578 bel-

117 1599 197 1636 licis
226 1612 314 1635 cum
352 1612 525 1650 praeesse
544 1605 782 1649 putarentur,

119 1668 141 1692 a
159 1657 310 1705 regibus
323 1655 371 1692 ad
384 1657 527 1692 bellum
536 1657 783 1707 proficiscen—

118 1713 217 1749 tibus
238 1713 329 1749 boni
350 1714 487 1750 ominis
509 1726 642 1761 causa,
664 1714 782 1750 veluti

118 1770 351 1807 auxiliatores
384 1771 605 1807 solemniter
635 1772 782 1807 evocati

120 1827 430 1875 assumebantur,
472 1840 656 1879 regesque
681 1829 781 1878 ipsos

119 1885 227 1935 quasi
265 1885 438 1921 comitari
467 1883 780 1935 perhibebantur,

120 1943 295 1992 σωτῆοες
363 1937 543 1992 (ὄντες)
603 1938 781 1993 κάγαθοὶ

117 1992 388 2050 παραστάται,
434 2005 477 2034 ut
507 1997 609 2049 apud
649 1999 782 2035 Aelia·-

117 2066 214 2091 num
254 2055 418 2105 legimus
459 2068 479 2091 e
528 2062 642 2105 poeta
682 2057 785 2092 anti-

117 2123 194 2163 quo
215 2111 262 2149 V.
282 2113 330 2148 Η.
361 2112 390 2158 I,
414 2114 488 2159 30,
517 2111 557 2149 id
574 2111 678 2165 quod
698 2126 785 2150 ma·-

117 2169 223 2205 xime
243 2169 422 2205 convenit
449 2168 674 2206 Herodoteis
694 2184 784 2207 ver-

118 2225 195 2262 bis:
227 2222 326 2292 πρὸ
332 2227 405 2264 τοῦ
435 2241 511 2296 γαρ
546 2223 596 2277 δή
619 2225 686 2265 καὶ
710 2221 783 2266 οὖ-

118 2296 179 2320 τοι
218 2277 436 2334 αμφὸτεροι
478 2281 682 2333 ἐπίκλητοί
709 2296 782 2333 σφι

117 2334 245 2384 ἐόντες
275 2338 455 2385 εἵποντο,
491 2340 558 2376 ubi
578 2339 779 2390 ἐπίκλητοι

119 2395 382 2445 intelliguntur
405 2392 606 2448 σύμμαχοι
622 2396 682 2445 (ut
696 2399 727 2434 V
730 2400 778 2445 ΙΙ,

121 2451 234 2502 203).
292 2454 391 2489 Hinc
433 2452 698 2491 dimicantibus
725 2456 779 2491 illi

121 2505 249 2545 adesse
268 2509 498 2559 putabantur
518 2512 710 2558 salutares,
738 2519 780 2548 ut

121 2570 224 2612 patet
254 2579 303 2602 ex
332 2567 504 2603 Frontin.
534 2569 564 2613 Ι,
598 2569 644 2606 11
681 2570 718 2613 §.
741 2570 779 2608 9.

121 2619 303 2670 Polyaen.
331 2624 361 2669 I,
390 2622 439 2663 41
466 2624 503 2668 ὓ.
538 2625 642 2671 1.11‚
665 2626 713 2663 31
741 2626 778 2670 §-

119 2672 158 2713 4.
190 2677 308 2714 Cicer.
338 2680 396 2714 De
426 2686 505 2716 nat.
535 2679 640 2717 deoi.
670 2682 765 2727 11,0
740 2709 779 2728 NJ

121 2732 185 2768 ubi
224 2732 300 2770 vid.
341 2737 468 2772 Davis.
548 2738 648 2773 Nam
680 2750 778 2789 quae

120 2788 424 2828 Hemsterhusius
452 2793 603 2843 collegit
635 2792 682 2830 ad
698 2795 780 2831 Lu-

844 405 939 440 cian.
980 404 1157 452 Dialogg.
1197 404 1332 440 Deorr.
1364 403 1473 438 XXX
1480 405 1505 443 Ι,

848 464 865 501 1
891 474 979 511 pag.
1002 463 1078 501 331
1103 452 1206 496 Τ.Ιὶ
1228 458 1288 495 ed.
1309 460 1409 509 Bip.‚
1432 458 1507 496 tuuc

842 518 970 554 minus
989 518 1144 553 faciunt.
1203 515 1298 552 Inde
1323 528 1413 552 vero
1437 529 1508 552 ex-

843 574 1084 625 plu-andum,
1127 572 1231 625 quod
1260 574 1390 609 Locris
1410 574 1507 623 Epi-

844 630 1033 683 zepliyriis
1058 631 1258 682 Spartam,
1300 643 1390 667 cum
1412 630 1508 666 Cro-

845 690 1074 726 toniatarmn
1131 688 1275 724 bellum
1314 688 1504 730 timerent,

843 746 1080 782 mittentibus
1122 745 1386 796 auxiliumque
1435 745 1505 780 sibi

843 803 1059 852 petentibus
1088 801 1266 852 Spartani
1295 800 1506 851 responde-

842 867 953 906 runt,
983 873 1023 896 se
1054 861 1180 908 copias
1213 857 1317 895 haud
1339 857 1504 905 daturos,

841 915 908 953 sed
917 917 1119 953 Dioscuros
1138 916 1318 952 missuros
1332 929 1422 962 esse,
1445 922 1506 952 te-

841 980 898 1010 ste
929 975 1078 1013 Zenob.
1109 973 1217 1009 Cent.
1246 973 1294 1020 II,
1327 975 1393 1012 17.
1422 973 1506 1009 Eu-

843 1028 953 1069 stath.
988 1029 1036 1067 ad
1066 1031 1222 1067 Homer.
1249 1043 1288 1080 p.
1309 1032 1404 1076 278,
1429 1032 1452 1069 6
1475 1043 1506 1070 s,

844 1090 938 1134 210,
962 1089 1028 1127 30.
1086 1087 1215 1138 Atque
1241 1085 1318 1123 huc
1350 1099 1505 1138 qnoque

844 1146 1020 1195 pertinet,
1034 1143 1139 1195 quod
1159 1144 1258 1180 infra
1278 1144 1323 1188 V,
1345 1147 1397 1183 &O
1419 1157 1506 1179 ¹¹18-

843 1203 989 1237 moriae
1007 1200 1203 1251 proditum
1217 1201 1402 1250 legimus:
1425 1202 1505 1236 Ae—

842 1259 988 1308 ginetas
1009 1257 1206 1294 Thebanis
1227 1259 1414 1293 auxilium
1434 1271 1505 1307 pe—

841 1315 1007 1351 tentibus
1027 1316 1172 1351 misisse
1205 1314 1383 1351 Aeacidas
1399 1342 1410 1358 ‚
1432 1313 1505 1350 he—

842 1384 923 1408 roas
936 1384 1040 1419 suos3
1073 1385 1167 1423 quos
1182 1384 1272 1408 cum
1292 1372 1504 1408 imbecillos

840 1435 954 1480 atque
984 1430 1135 1465 inutiles
1169 1431 1354 1479 comperti
1383 1435 1505 1465 essent

840 1483 1037 1532 Thebani,
1078 1484 1287 1522 reddidisse
1316 1486 1502 1530 feruntur,

839 1543 934 1578 virus
955 1543 1058 1592 (non
1081 1544 1189 1592 signa
1219 1541 1403 1586 deorum)
1434 1543 1503 1578 sibi

841 1600 983 1635 auxilio
1013 1600 1113 1635 mitti
1154 1601 1360 1650 cupientes.
1399 1598 1502 1635 Add.

840 1656 939 1703 Vm,
958 1659 1023 1704 83,
1055 1657 1121 1692 ubi
1153 1655 1201 1692 ad
1233 1669 1405 1707 pugnam
1429 1657 1504 1693 Sa-

839 1713 1036 1749 taminiam
1046 1714 1269 1764 Aeginetica
1284 1715 1390 1750 navis
1401 1715 1503 1749 Aea-

840 1769 942 1807 cidas
981 1770 1029 1806 ad
1079 1772 1266 1807 auxilium
1310 1771 1503 1820 praeben-

840 1825 934 1864 dum
954 1829 1186 1864 arcessivisse
1216 1827 1364 1864 dicitur.
1422 1829 1501 1864 Nec

837 1884 1019 1934 fugerunt
1076 1885 1165 1921 talia
1225 1883 1502 1922 VVachsmuth.

839 1942 989 1977 Hellen.
1018 1940 1299 1978 Alterthumsk.
1327 1943 1374 1989 II,
1406 1945 1424 1982 1
1460 1955 1500 1992 p.

841 1997 935 2046 385,
956 1999 1022 2034 ubi
1037 1997 1083 2035 de
1106 2001 1298 2049 μαντικῆς
1318 1999 1503 2035 viinbel-

838 2055 929 2092 licas
961 2057 1198 2092 Graecorum
1240 2055 1503 2106 expeditiones

842 2110 1059 2162 disputans,
1090 2112 1164 2149 hoc
1194 2125 1349 2164 quoque
1379 2112 1502 2160 affert,

839 2170 957 2219 copiis
997 2169 1046 2206 ad
1084 2170 1230 2207 bellum
1277 2171 1505 2207 exeuntibus

837 2224 1002 2263 heroum
1031 2229 1085 2263 rei
1113 2226 1267 2263 militari
1285 2226 1501 2277 praefecto-

837 2296 924 2319 rum
944 2285 1050 2334 signa
1064 2283 1191 2320 addita
1201 2284 1335 2320 fuisse:
1359 2285 1501 2336 quippe

837 2353 934 2392 quae
955 2340 1004 2377 ad
1024 2354 1197 2391 pugnam
1233 2342 1389 2393 eiusque
1421 2342 1499 2377 exi-

835 2404 921 2433 tum
966 2399 1134 2434 multum
1189 2399 1315 2435 valere
1365 2399 1502 2448 opina-

836 2455 987 2496 bantur,
1046 2454 1147 2492 Add.
1189 2455 1232 2492 C.
1274 2454 1319 2492 O.
1350 2456 1501 2491 Mulier.

836 2512 928 2548 Dor.
949 2513 968 2548 I
986 2524 1074 2562 pag.
1097 2511 1199 2559 403,
1232 2513 1299 2564 qui
1320 2510 1367 2548 ad
1389 2510 1501 2548 huius
1529 2548 1532 2555 ,

838 2569 960 2605 cultus
982 2570 1248 2620 antiquitatem
1268 2570 1309 2605 in
1330 2570 1425 2605 mira
1448 2569 1502 2605 si-

837 2638 1004 2675 gnorum
1051 2626 1176 2662 forma
1228 2623 1303 2675 (de
1346 2638 1420 2677 qua
1460 2638 1500 2660 re

837 2682 939 2719 conf.
969 2684 1098 2733 Zoega
1120 2682 1167 2719 de
1205 2683 1387 2719 Obeliscc.
1410 2693 1498 2731 pag.

837 2738 946 2785 225)
988 2740 1234 2790 conspicuam
1268 2739 1404 2774 merito
1441 2743 1499 2772 at-

837 2794 943 2831 tendi
970 2796 1085 2842 iubet,
1117 2793 1437 2847 Tyndaridasque
1458 2799 1498 2828 ut
