1897 3340
468 179 936 217 POLYMNIA.

160 289 271 339 κίδα,
303 287 568 342 φυλάξοντες
595 288 673 343 μὲν
691 286 770 330 τόν
790 284 1011 339 Εὔριπον,
1040 286 1257 336 λείποντες
1290 290 1334 332 δὲ
1363 291 1411 346 ἡ,

4 359 92 405 ³183
157 354 460 412 μεροσκόπους
488 356 588 410 περὶ
615 354 667 398 τοὶ
692 352 837 409 ὑψηλοὶ
864 356 942 409 τῆς
970 351 1174 409 Εὐβοίης.

154 422 258 466 δέκα
297 427 410 466 νεῶν
447 426 534 466 τῶν
576 420 813 477 βαρβάρων
850 425 964 475 τρεῖς
992 420 1205 464 ἐπέλασαν
1234 423 1333 477 περὶ
1361 424 1410 467 τὸ
1470 443 1493 460 τι

152 491 262 546 ἕρμα
290 492 339 534 τὸ
369 490 525 546 μεταξύ
555 489 629 533 ἐόν
659 488 862 532 Σκιάθου
879 505 922 532 τε
943 488 1015 533 καὶ
1034 491 1308 546 Μαγνησίης,
1337 507 1411 534 κα-

123 558 364 614 Ξλεόμενον
393 559 438 602 δὲ
466 555 700 612 Μύρμηκα.
761 556 956 600 ἐνθαῦτα
985 558 1031 601 οἱ
1051 557 1268 614 βάρβαροι
1298 558 1411 601 ἐπει-

151 627 205 683 δή
236 627 394 683 στήλην
420 627 550 668 λίθου
579 624 809 680 ἐπέθηκαν,
840 626 1094 680 κομίσαντες
1116 625 1185 669 ἐπὶ
1215 625 1263 669 τὸ
1288 625 1410 681 ἕρμα,

152 692 415 750 ὁρμηθέντες
454 691 580 736 αὐτοὶ
616 693 663 735 ἐκ
704 691 890 749 Θέρμης,
930 693 991 745 ὥς
1020 706 1100 750 σφι
1127 693 1176 738 τό
1207 694 1409 749 ἐμποδών

150 762 340 818 ἐγεγόνεε
368 760 583 816 καθαρὸν,
617 760 823 804 ἐπέπλεον
849 759 1011 817 πάσῃσι
1040 765 1138 818 τῇσι
1167 762 1310 818 νηυσὶ,
1345 762 1465 805 ἕν-Ιο

150 830 254 872 δέκα
290 827 454 884 ἡμέρας
491 827 695 883 παρέντες
737 826 840 883 μετοὶ
881 828 962 884 τήν
989 830 1188 884 βασιλέος
1218 829 1410 882 ἐξέλασιν

121 896 201 940 Sin
252 897 432 953 Θέρμης.
489 894 538 940 τὸ
578 895 624 940 δὲ
672 895 781 951 ἕρμα
820 905 900 951 σφι
942 897 1228 954 κατηγήσατο,
1261 896 1335 941 ἐὸν
1362 897 1410 940 ἐν

91 1092 342 1144 speculatores,
375 1093 440 1146 qui
461 1092 527 1131 diu
545 1095 747 1132 Persarum

91 1150 250 1187 classem
280 1149 327 1186 de
356 1152 548 1188 montium
576 1152 748 1188 Euboei-

93 1219 228 1243 corum
266 1208 527 1245 cacuminibus
567 1209 746 1246 observa-

91 1270 188 1300 rent.
247 1263 319 1308 Qui
346 1263 463 1300 iidem
484 1272 747 1302 memorantur

90 1319 173 1367 Vll,
202 1321 293 1360 192.
325 1322 420 1360 219.
478 1321 543 1358 Tu
568 1321 645 1358 vid.
666 1323 746 1358 Ae-

90 1389 218 1413 neam.
239 1376 264 1412 l.
284 1377 310 1413 l.
333 1383 369 1412 et
391 1389 484 1429 quos
510 1379 745 1428 Wesseling.

92 1431 142 1469 ad
185 1431 224 1469 h.
256 1432 281 1469 l.
315 1433 422 1481 citat,
468 1434 641 1474 Turneb.
663 1434 744 1472 Ad-

89 1502 205 1527 verss.
230 1490 389 1538 XXVII,
420 1493 446 1530 7
466 1497 502 1528 et
530 1490 673 1529 Duker.
696 1491 745 1528 ad

89 1547 174 1583 Liv.
223 1547 376 1591 XXXI,
417 1545 484 1587 25.
542 1548 619 1584 Alii
656 1555 744 1585 sunt

87 1597 383 1654 ἦμεροδρόμοι,
423 1602 470 1639 de
499 1605 635 1655 quibus
663 1604 741 1643 vid.

88 1657 153 1707 VI,
187 1659 279 1699 105.

229 1748 323 1799 Cap.
354 1749 601 1790 chxxm.

145 1825 366 1876 ἐπέλασαν]
397 1829 423 1866 i.
447 1843 480 1866 e.
511 1833 740 1877 accesserunt,

89 1883 254 1921 advectae
278 1888 359 1921 sunt
382 1898 508 1933 naves3
541 1885 742 1936 Schweig-

89 1938 220 1977 liaeus.
263 1940 304 1976 in
343 1942 439 1978 Lex.
476 1942 616 1979 Herod.
647 1941 742 1979 haec

90 2010 180 2033 eum
200 1998 239 2032 in
272 1996 434 2033 modum
454 1999 619 2049 suppleri
638 2000 741 2036 vult:

89 2052 132 2092 οἷ
167 2050 363 2105 βάρβαροι
398 2052 601 2105 ἐπήλασαν
640 2059 743 2104 τρεῖς

88 2112 202 2156 ναῦς.
259 2110 324 2146 Tu
353 2111 454 2147 conf.
485 2113 620 2148 Lamb.
651 2113 739 2149 Bos.

87 2166 146 2201 De
185 2166 320 2216 ellipss.
350 2180 388 2217 p.
422 2167 516 2209 315.
548 2167 645 2218 ἕρμα
675 2181 742 2204 eo—

90 2220 179 2258 dem
205 2222 424 2259 observante
443 2223 662 2275 Schweigh.
684 2231 739 2262 est

89 2289 227 2324 saxum,
238 2279 397 2327 scopulus
418 2280 479 2315 sub
495 2284 603 2318 maris
620 2294 740 2331 super-

81 2335 166 2385 ficie
186 2334 311 2372 latens.
371 2334 512 2372 Suidae
541 2339 558 2373 I
586 2351 642 2387 p.·
659 2338 739 2378 856

90 2404 169 2442 seq.
205 2397 259 2427 est
289 2390 406 2437 λίθος
441 2389 617 2442 μέγιστος
653 2394 740 2430 coll.

89 2445 254 2498 Hesych.
283 2450 299 2484 Ι
335 2460 373 2496 p.
406 2445 522 2487 1437.
566 2447 738 2485 Eustath.

90 2503 138 2540 ad
164 2502 271 2542 Iliad.
301 2503 391 2540 XIV
420 2516 459 2553 p.
480 2502 574 2551 964,
603 2507 656 2545 28
679 2503 739 2542 ed.

89 2561 175 2597 Bas.
203 2573 234 2597 s-
263 2561 345 2600 976
377 2558 436 2595 ed.
464 2560 576 2596 Rom.
630 2559 746 2611 Apud

89 2618 303 2654 Homerum
332 2615 468 2653 dicitur
492 2615 650 2666 fulcrum
675 2630 746 2653 na-

92 2675 145 2711 vis
165 2673 367 2721 subductae,
398 2671 746 2722 ut11.1,486.11‚

94 2728 173 2771 154
192 2743 241 2766 ne
256 2731 378 2781 plura.

148 2784 326 2825 ἐνθαῦτα
355 2784 397 2826 οἵ
423 2779 623 2837 βαρβαροι
652 2799 688 2822 κ.
710 2798 743 2822 τ.

805 1094 859 1143 λ.]
886 1094 980 1131 Loci
1000 1106 1154 1131 sensum
1170 1091 1273 1130 hunc
1295 1107 1374 1131 esse
1394 1107 1462 1145 pu-

803 1158 869 1188 to:
908 1158 1111 1202 postquam
1149 1151 1298 1187 barbari
1348 1149 1390 1200 (i.
1425 1165 1460 1188 e.

806 1209 961 1254 Persae)
994 1208 1151 1246 navium
1172 1208 1324 1244 illarum
1344 1208 1461 1244 trium

807 1265 1029 1302 columnam
1076 1263 1266 1314 lapideam
1302 1265 1459 1315 scopulo

807 1320 1008 1359 advectam
1066 1322 1300 1358 collocarunt
1322 1349 1331 1368 ‚
1389 1322 1461 1371 ipsi

806 1377 915 1427 (cum
936 1378 1089 1429 reliquis
1113 1378 1273 1414 navibus
1300 1378 1325 1413 i.
1343 1390 1374 1415 e.
1396 1390 1459 1413 re-

803 1436 907 1486 liqua
927 1435 1130 1471 Persarum
1157 1435 1300 1480 classe)
1323 1432 1453 1470 Ther-

802 1490 868 1528 ma
887 1491 1061 1542 profecti,
1101 1504 1191 1527 cum
1221 1490 1316 1526 nihil
1336 1491 1375 1526 in
1397 1491 1458 1527 via

802 1547 1068 1598 impedimenti
1089 1549 1251 1584 obstaret
1271 1547 1459 1596 navigan-

800 1605 919 1649 tibus,
939 1605 1099 1641 insecuti
1118 1610 1206 1641 sunt
1226 1601 1456 1653 (ἐπέπλεοντ

801 1663 850 1699 sie
890 1660 1051 1710 sclezfften
1092 1660 1228 1709 nach),
1277 1658 1457 1696 undecim

802 1717 935 1755 diebus
964 1724 1048 1768 post
1078 1717 1218 1753 Xerxis
1254 1715 1458 1752 discessum

803 1787 825 1811 a
845 1772 1018 1810 Therma
1047 1773 1319 1823 praeterlapsis.
1365 1772 1456 1808 Ver-

801 1831 871 1868 ba:
903 1827 959 1875 ⁶39
979 1840 1052 1878 σφι
1073 1826 1117 1868 τό
1128 1825 1310 1880 ἐμποδών
1325 1824 1456 1879 ἐγεγό-

799 1900 865 1926 νεε
883 1881 1064 1937 καθαρὸν
1088 1897 1133 1921 eo
1156 1891 1337 1935 spectant,
1351 1882 1455 1935 quod

800 1955 890 1980 cum
912 1948 1022 1978 antea
1042 1954 1179 1978 saxum
1202 1939 1297 1977 illud
1310 1941 1375 1977 vix
1391 1947 1456 1977 aut

801 1998 897 2035 nihil
918 2010 1068 2049 prorsus
1080 2011 1193 2048 super
1202 2010 1341 2049 aquam
1358 1998 1456 2032 emi-

800 2069 894 2092 nens
914 2055 1179 2104 navigantibus
1200 2055 1320 2105 iisque
1332 2054 1457 2090 insciis

801 2113 970 2162 pericula
1008 2112 1226 2161 praeberet,
1258 2112 1336 2146 iam
1386 2122 1454 2146 co-

798 2168 933 2205 lumn&
960 2166 1025 2203 ill&
1041 2196 1050 2214 ,
1084 2180 1182 2219 quae
1209 2167 1307 2217 signi
1337 2167 1454 2202 instar

802 2232 917 2269 esset,
959 2223 1084 2260 erectim
1104 2224 1286 2275 omnique
1306 2223 1452 2260 sublato

799 2279 1075 2332 impedImento
1114 2280 1306 2330 navigatio
1354 2279 1454 2316 facta

800 2345 879 2375 erat
900 2335 1076 2388 expedita
1095 2339 1233 2388 viaque
1249 2337 1346 2373 bene
1361 2348 1453 2372 mu-

798 2395 891 2431 nita.
948 2392 1010 2430 Ad
1029 2406 1165 2430 vocem
1194 2389 1376 2443 καθαρὸν
1404 2391 1454 2428 cf.

799 2452 829 2498 1,
851 2453 933 2490 202
953 2450 1038 2486 coll.
1059 2452 1153 2490 201.
1173 2450 1236 2497 1V,
1260 2449 1353 2490 135-

857 2502 1133 2555 κατηγήσατο]
1164 2506 1188 2542 i.
1212 2519 1245 2542 e.
1268 2504 1455 2547 indicavit,

802 2562 1024 2607 monstravit,
1054 2568 1096 2598 ut
1130 2563 1177 2608 ΙΙ,
1207 2561 1273 2601 49.
1304 2560 1369 2600 56.
1390 2559 1453 2603 VI,

807 2616 885 2657 135
914 2623 1071 2654 notante
1098 2617 1331 2664 Wesseling.
1387 2614 1453 2650 Tu

803 2672 904 2710 conf.
935 2673 1111 2711 Creuzer.
1141 2644 1331 2725 Sy1nb.01
1364 2681 1454 2720 pag.

803 2731 869 2769 13.
940 2731 999 2766 De
1035 2731 1151 2768 verbo
1190 2722 1308 2774 ἒξανυ
1311 2740 1368 2765 ειν
1414 2726 1453 2760 in

803 2798 908 2837 seqq.
939 2786 1040 2824 conf.
1056 2792 1151 2823 nott.
1172 2783 1220 2820 ad
1240 2782 1417 2829 V1‚139.

1006 179 1036 213 V
1054 180 1065 213 Ι
1079 181 1108 214 1.
1330 187 1412 225 725

1238 359 1336 398 Τῶν
1366 360 1443 402 δὲ5
1468 368 1538 427 Max
1555 376 1630 429 scie
1608 373 1658 396 ιιιι,

1497 411 1534 461 iii.
1574 436 1610 462 ad
1632 411 1682 463 Stia

1467 468 1535 528 diem
1545 457 1583 495 in
1611 470 1659 495 Ma

1497 510 1608 538 aeapp
1594 503 1644 530 eill
1649 508 1667 529 ι.

1470 627 1544 668 591

1635 375 1703 529 “za-3:¹30·-

1665 375 1737 430 anta
