1897 3340
376 277 458 318 166

770 278 1226 314 HERODOTI

248 387 325 436 90,
372 386 570 441 ἐπισχεῖν,
595 385 869 436 πεπονθότας
897 385 1006 438 πρὸς
1037 384 1300 440 Αἰγινητέων
1327 382 1526 436 ἀνάρσια.
1563 381 1633 434 Ἐς

376 454 588 508 τιμωρίην
617 452 663 494 δὲ
692 452 1165 506 παρασκευαζομένοισι
1196 449 1384 502 αὐτοῖσι,
1423 451 1469 494 ἐκ
1502 455 1638 512 Λακεῑ

350 521 622 574 Ξδαιμονίων
666 522 841 573 πρῆγμα
871 517 1167 574 ἐγειρόμενον,
1206 516 1414 574 ἐμπόδιον
1452 518 1632 572 ἐγένετο.

379 585 624 642 πυθόμενοι
657 583 740 639 γὰρ
772 587 816 627 οἱ
852 585 1190 642 Λακεδαιμόνιοι
1218 585 1270 629 τὰ
1315 587 1359 629 ἐκ
1400 589 1488 628 τῶν
1521 583 1689 629 'Azan-20

378 652 649 708 μαιωνιδέων
689 652 731 702 ἐς
766 651 847 707 τὴν
879 655 1057 711 Πυθίην
1084 654 1433 711 μεμηχανημένα,
1479 653 1552 696 καὶ
1580 653 1634 696 τοὶ

378 721 425 765 ἐκ
453 725 528 776 τῆς
559 719 732 772 Πυθίης
761 718 831 761 ἐπὶ
862 718 996 775 σφέας
1033 737 1078 763 τε
1107 722 1182 763 καὶ
1210 721 1312 771 τοὺς
1344 722 1635 775 Πεισιστρατί-

378 791 476 838 δας,
527 784 763 841 συμφορὴν
791 786 1016 830 ἐποιεῦντο
1061 789 1238 842 διπλῆν,
1285 788 1353 832 ὅτι
1390 805 1434 832 τε
1473 788 1637 842 ἄνδρας

379 857 545 907 ξείνους
584 864 663 908 σφι
705 851 855 905 ἐόντας
893 854 1201 910 ἐξεληλάκεσαν
1249 856 1295 898 ἐκ
1331 859 1408 911 τῆς
1444 855 1635 907 ἐκείνων,

378 921 451 965 καὶ
501 920 568 964 ὅτι
616 924 755 963 ταῦτα
791 923 996 979 ποιήσασι
1045 922 1168 979 χάρις
1215 920 1396 977 οὐδεμία
1435 922 1636 977 ἐφαίνετο

347 988 491 1042 Βπρός
519 990 607 1031 τῶν
634 986 893 1044 Ἀθηναίων.
939 989 1035 1033 ”En
1073 1007 1117 1033 τε
1157 988 1268 1043 πρὸς
1306 990 1503 1032 τούτοισι
1543 989 1637 1044 ἐνῆ-
1651 996 1696 1031 25

378 1054 460 1111 γόν
489 1066 628 1110 σφεας
647 1057 691 1100 οἱ
718 1057 926 1113 χρησμοὶ,
955 1057 1151 1113 λέγοντες
1170 1055 1309 1100 πολλοὶ
1342 1073 1386 1101 τε
1405 1056 1481 1100 καὶ
1506 1055 1641 1112 ἀνάρ-

47 599 272 634 Spartanorum

47 631 192 660 machiniu
208 633 303 668 impe-

47 666 183 693 diuntur.
230 666 289 700 Qui

47 699 169 734 cognita
190 699 298 739 fraude

47 733 277 801 merrus-

47 799 153 827 audito
177 808 214 828 ue
236 807 314 827 arca·

49 840 103 860 nas
121 834 156 859 At
183 833 287 860 enien-

48 866 125 893 sium
137 872 236 894 sortes
246 867 320 894 mui-

47 903 79 927 ta
96 899 152 926 eibi
170 900 251 928 mala
268 900 320 928 mi-

48 932 154 968 nitati,

322 1230 473 1281 reposui
502 1228 682 1282 equidem
710 1229 920 1279 virgulam,
940 1236 983 1266 ut

324 1300 369 1323 ea
390 1293 629 1323 enasceretur
646 1287 844 1332 sententia,
867 1298 984 1338 quam

325 1342 489 1380 eandem
525 1343 624 1380 bene
671 1343 874 1380 vernacule
914 1355 984 1379 ex-

325 1401 457 1450 pressit
466 1401 598 1450 Lauge
610 1411 620 1436 :
652 1399 752 1447 „und
763 1399 819 1436 die
833 1399 985 1447 dreissig

324 1456 434 1493 Jahre
464 1455 614 1493 konnten
643 1457 693 1492 sie
719 1456 815 1492 nicht
843 1456 985 1492 abwar-

325 1516 403 1559 ten,
433 1512 482 1549 da
502 1514 552 1550 sie
574 1512 714 1558 himen,
745 1524 779 1548 es
797 1514 893 1549 wiire
908 1511 980 1549 Be-

324 1570 539 1616 stt'mmung,
583 1568 666 1605 class
695 1569 744 1604 sie
775 1567 898 1604 sollten
926 1567 982 1604 die

332 1623 456 1661 Unhicl
480 1636 544 1661 von
573 1624 636 1661 den
659 1623 849 1672 Aegineten
872 1624 983 1671 ruhig

325 1680 556 1727 auslialten“;
597 1680 675 1717 sive
708 1680 864 1715 Latine:
915 1681 984 1716 tri-

327 1737 434 1786 ginta
457 1748 536 1773 vero
558 1749 666 1773 anuos
684 1735 782 1772 haud
807 1738 984 1773 sustinue-

328 1796 414 1829 runt
435 1806 466 1829 s.
486 1792 702 1838 tolerarunt,
733 1792 794 1829 ubi
814 1792 899 1829 bello
920 1792 989 1828 sibe·

327 1848 568 1886 abstinendum
589 1852 662 1885 tam
691 1848 843 1896 indigna
869 1849 988 1899 passis

328 1905 373 1942 ab
412 1905 594 1954 Aeginetis
638 1904 835 1942 audierant.
908 1906 987 1940 Nec

328 1961 500 1998 insolitus
529 1960 649 1998 videri
680 1960 792 1998 debet
826 1961 988 2011 simplex

330 2018 564 2054 accusativus
611 2017 728 2054 verbo
772 2013 988 2066 ἀνέχεσθαι

329 2072 543 2123 adpositus,
590 2073 693 2110 conf.
721 2074 750 2119 1,
785 2076 876 2113 169.
905 2074 986 2120 Vll,

329 2130 398 2169 87·
441 2128 540 2175 149,
597 2141 691 2180 quos
730 2130 833 2165 locos
881 2128 990 2165 affert

330 2183 681 2234 Schweighaeuser.
751 2185 790 2220 iu
858 2186 989 2221 Lexic.

330 2239 473 2277 Herod.
498 2253 528 2277 s.
557 2254 594 2277 v.
633 2241 863 2277 Particulam
888 2237 991 2287 ὅκως

331 2296 542 2333 secundum
580 2309 624 2333 ea
662 2298 834 2347 explico,
893 2309 991 2348 quae

331 2350 513 2389 Matthiae
553 2353 619 2389 Gr.
660 2354 726 2389 Gr.
763 2366 851 2403 pag.
885 2355 990 2393 1037

333 2409 498 2458 collegit.
555 2408 617 2445 Ad
646 2405 772 2459 χρεών
811 2409 912 2445 conf.
945 2409 990 2455 V,

334 2464 388 2505 49
410 2471 446 2501 et
466 2463 514 2501 ad
535 2459 705 2515 ἀνάρσια
725 2471 819 2500 nott.
853 2464 900 2500 ad
926 2466 990 2511 111,

338 2523 403 2561 10.
450 2520 543 2557 Mox
564 2523 785 2557 retinuimus
802 2518 901 2571 πρός
916 2521 993 2559 Αἰ-

333 2575 545 2627 γινητέων,
575 2576 678 2628 quod
699 2576 832 2613 eadem
852 2579 890 2612 iu
912 2577 992 2613 for-

335 2633 438 2669 mula
460 2640 579 2670 exstat
600 2635 664 2680 111,
686 2632 752 2673 74.
810 2634 883 2669 Alii
916 2630 991 2672 ὑπ’

336 2688 599 2741 Αἰγινητέων,
630 2697 671 2726 ut
691 2689 758 2736 IX,
782 2692 849 2730 37.

574 2790 665 2839 Cap.
683 2789 764 2826 XC.

395 2853 441 2894 τὰ
470 2855 513 2896 ἐκ
544 2859 624 2896 τῶν
655 2851 990 2907 Ἀλκμαιωνιδὲων

1038 1226 1078 1275 ἔς
1097 1226 1170 1279 τήν
1186 1229 1352 1279 Πυθίην
1366 1227 1698 1281 μεμηχανημένα]

1041 1285 1151 1322 Conf.
1180 1298 1294 1336 supra
1321 1287 1366 1332 V,
1401 1289 1468 1327 63.
1499 1289 1566 1328 66.
1633 1285 1697 1323 Ad

1039 1343 1156 1379 verba
1176 1339 1391 1393 συμφορήν
1404 1342 1607 1382 ἐποιεῦντο
1617 1342 1695 1381 vid.

1039 1399 1085 1445 V,
1108 1398 1132 1439 5
1157 1398 1206 1434 ad
1235 1400 1388 1446 ξείνους
1417 1398 1495 1436 vid.
1530 1405 1626 1436 nott.
1648 1398 1698 1436 ad

1040 1455 1085 1502 V,
1117 1457 1184 1495 63.

1093 1506 1239 1562 ἐνῆγόν
1274 1522 1398 1558 σφεας
1439 1510 1480 1550 οἱ
1507 1509 1696 1563 χρησμοὶ]

1040 1565 1233 1617 ,,χρησμοὶ
1265 1568 1305 1603 in
1334 1568 1475 1604 Atticae
1508 1570 1604 1604 arcis
1634 1580 1697 1604 ra-

1041 1625 1155 1659 cran'o
1184 1629 1284 1659 recte
1304 1630 1587 1674 componuntur
1608 1636 1698 1660 cum

1039 1679 1212 1715 fatalibus
1241 1681 1503 1716 Romanorum
1530 1680 1630 1717 libris
1658 1681 1699 1716 iu

1042 1736 1136 1771 cella
1169 1736 1361 1785 Capitolii,
1411 1737 1575 1786 gemelia
1620 1743 1699 1773 arte

1045 1792 1279 1842 excogitatis.
1363 1793 1497 1844 Neque
1555 1792 1700 1839 dubito,

1045 1849 1135 1899 quin
1176 1849 1274 1884 inter
1310 1861 1353 1884 ea
1391 1849 1543 1885 oracula
1571 1862 1701 1886 versus

1043 1905 1183 1940 fuerint
1202 1905 1369 1950 Musaei,
1390 1905 1436 1941 ab
1459 1905 1702 1943 Ouomacrito

1044 1959 1253 2011 Hipparchi
1299 1961 1554 1998 Pisistratidae
1601 1969 1702 1998 tem-

1044 2029 1136 2067 pore
1171 2018 1370 2054 manifesto
1419 2017 1552 2055 fraude
1589 2019 1701 2066 aucti,

1044 2073 1206 2109 mutilati
1237 2075 1479 2126 corruptique
1517 2075 1597 2121 VlI,
1636 2076 1703 2115 6.“

1051 2128 1121 2165 We
1136 2143 1153 2165 s
1166 2129 1291 2166 setin
1305 2143 1341 2178 g.
1373 2130 1534 2179 Eadem,
1555 2132 1702 2182 opinor,

1045 2186 1305 2235 significantur
1324 2188 1476 2223 oracula
1495 2188 1618 2234 V‚93.
1638 2188 1703 2224 Sic

1046 2242 1249 2277 Veientum
1272 2243 1344 2278 fata
1357 2243 1537 2280 Romanis
1557 2243 1704 2293 prodita

1049 2311 1069 2332 a
1091 2298 1206 2333 nobili
1218 2298 1409 2347 transfuga
1421 2306 1513 2336 teste
1530 2300 1703 2338 ciceron.

1049 2352 1096 2389 de
1126 2354 1250 2390 Diviu.
1282 2355 1310 2400 Ι,
1343 2354 1409 2401 44,
1450 2357 1488 2391 ἰιι
1517 2357 1632 2392 tutela
1661 2369 1704 2393 ac

1048 2409 1231 2460 praesidio
1276 2412 1517 2460 optimatium
1553 2413 1705 2449 latuisse

1049 2467 1190 2516 colligit
1209 2465 1377 2502 Lobeck.
1400 2467 1437 2502 in
1454 2466 1642 2518 Aglaoph.
1664 2481 1703 2520 p.

1048 2524 1144 2569 965,
1177 2522 1359 2559 Herodoti
1390 2523 1516 2559 locum
1545 2525 1706 2561 subiun-

1047 2590 1141 2627 gens
1179 2580 1347 2630 itemque
1380 2578 1590 2627 Dinarchi,
1638 2582 1704 2633 qui

1048 2630 1299 2685 ἆποῤῥήτους
1320 2631 1520 2685 διαθήκας
1531 2649 1705 2674 comme-

1048 2698 1170 2727 morat
1189 2692 1379 2743 Areopagi
1400 2705 1510 2729 curae
1524 2696 1705 2731 commis-

1047 2759 1126 2793 sas,
1158 2747 1201 2786 ἐν
1234 2743 1294 2794 οἷς
1335 2744 1508 2798 σωτήρια
1528 2751 1600 2799 τῆς
1631 2745 1704 2790 πό-

1047 2806 1143 2849 λεως
1169 2807 1292 2842 κεῖται
1305 2806 1367 2841 Or.
1380 2818 1413 2841 c.
1431 2805 1626 2843 Demosth.
1639 2809 1706 2854 91,

1052 2862 1130 2900 20:
1162 2861 1226 2897 ubi
1246 2861 1349 2912 quod
1369 2874 1463 2899 voce
1494 2863 1707 2914 διαθηκῶν
