1897 3340
414 197 1065 237 TERPSICHORE.
1125 199 1169 233 V.

1345 198 1427 239 155

130 313 239 366 4τῆς
263 308 413 361 πόλιος
436 308 493 359 ὥς
514 308 648 350 εἴκοσι
670 303 824 360 ἀπέχει.
860 304 1145 362 ἱδρυσάμενοι
1164 306 1210 350 δὲ
1222 305 1269 349 ἐν
1287 305 1429 361 τούτῳ

161 381 222 435 τῷ
250 378 389 435 χώρῳ,
420 376 601 432 θυσίῃσί
630 374 673 417 τέ
709 385 824 429 σφεα
853 375 927 417 καὶ
945 379 1114 430 χοροῖσι
1133 377 1486 430 γυναικηίοισιΙΟ

159 442 668 500 κερτόμοισιῖλάσκοντο,
700 446 902 498 χορηγῶν
926 440 1314 498 ἄποδεικνυμένων
1331 443 1426 486 ἑκα-

158 513 260 570 τέρῃ
291 516 380 555 τοῖν
419 510 643 567 δαιμόνων
682 509 785 554 δέκα
815 509 1010 563 ἀνδρῶν·

1066 514 1210 561 κακῶς
1245 511 1292 554 δὲ
1327 509 1426 566 ἠγό-

158 596 291 635 ρευον
331 580 375 621 οἱ
411 579 535 634 χοροὶ
578 578 720 632 ἄνδρα
758 579 837 635 μὲν
867 578 1050 624 ου’δένα,
1089 578 1166 630 τὰς
1196 579 1241 623 δὲ
1271 578 1428 635 ἐπιχω-

157 649 254 702 ρίας
292 651 518 702 γυναῖκας.
558 641 671 703 ἦσαν
700 647 746 690 δὲ
785 647 858 691 καὶ
888 652 1001 691 τοῖσι
1026 646 1343 702 Ἐπιδαυρίοισι
1384 649 1430 691 αἱ

156 719 355 759 τοιαῦται
377 715 592 771 ἷροργίαι·
622 715 701 759 εἰσὶ
725 714 771 760 δέ
799 727 879 772 σφι
901 716 974 760 καὶ
1001 716 1190 773 ἄρρητοι
1220 717 1426 772 ἱροργίαι.
1445 723 1484 756 15

99 893 139 927 111
160 891 256 928 colle
275 892 402 927 minus
432 889 580 927 editiori
600 891 766 927 cernitur

104 946 151 985 ad
172 949 277 985 cuius
298 947 467 984 radicem
487 961 591 984 nunc
612 948 765 984 inveni-

99 1012 162 1042 tur
194 1005 351 1042 ecclesia
388 1005 507 1055 Agios
536 1005 764 1052 Demetrius,

101 1076 122 1099 e
142 1069 315 1099 veterum
336 1061 597 1099 aedificiorum
624 1060 764 1113 lapidi—

100 1120 170 1156 bus
208 1121 422 1156 maximam
441 1126 591 1170 partem
613 1126 764 1155 exstru-

102 1183 174 1213 cta.
233 1179 291 1213 De
336 1190 412 1228 quo
455 1179 599 1227 optime
631 1175 763 1227 dispu-

100 1240 197 1270 tasse
216 1233 336 1270 fertur
364 1233 573 1270 Mustoxidj
593 1235 631 1269 in
654 1234 763 1279 libro,

104 1291 171 1342 qui
204 1290 422 1327 inscribitur
441 1291 631 1342 Αἰγιναία
653 1304 708 1326 nr.
739 1290 764 1331 5

101 1359 191 1398 pag.
217 1346 480 1388 158—166:
512 1346 602 1399 περὶ
630 1348 702 1385 τοῦ
724 1345 765 1385 ἐν

104 1403 250 1457 Αἰγίνῃ
263 1402 524 1454 νομιζομένου
541 1405 613 1443 τοῦ
623 1405 765 1442 πανελ-

102 1460 243 1509 ληνίου
293 1457 391 1507 Διός
438 1463 542 1498 ναοῦ
581 1460 762 1499 εἰκασίαι.

102 1516 203 1554 Add.
224 1517 369 1553 Bla'tter
387 1516 449 1553 fiir
468 1518 606 1556 literar,
622 1518 765 1553 Unter-

101 1573 278 1623 haltung.
304 1575 410 1614 1832
429 1586 487 1610 nr.
502 1574 582 1615 358
604 1588 641 1624 p.
658 1572 765 1614 1499

102 1638 139 1667 et
149 1644 207 1667 nr.
221 1631 301 1671 359
312 1644 349 1681 p.
368 1630 469 1670 1501
481 1644 559 1682 seq.
579 1632 636 1666 Ac
646 1643 767 1680 prope

100 1687 193 1724 illud
207 1688 326 1724 Oeam
338 1687 431 1723 olim
441 1688 553 1724 sitam
562 1687 768 1724 fuisse'veri

101 1744 143 1781 fit
160 1745 397 1781 simillimum
420 1757 440 1780 e
460 1745 589 1782 multis
618 1743 768 1781 ruderi-

100 1802 171 1839 bus
183 1801 347 1848 aedium,
361 1802 553 1851 sepulcris,
565 1802 657 1848 aliis,
672 1814 770 1853 quae

101 1872 206 1895 nunc
220 1859 273 1896 ibi
292 1860 553 1910 reperiuntur,
579 1858 627 1895 ad
650 1860 770 1896 Oeam

102 1917 241 1952 urbem
261 1917 431 1953 maxime
442 1917 685 1966 pertinentia,
697 1928 770 1952 cu-

102 1973 160 2009 ius
181 1980 336 2024 portum
355 1974 393 2009 in
406 1974 512 2010 vallis
525 1974 630 2009 exitu
651 1973 769 2009 fuisse

104 2030 315 2066 etiamnum
325 2029 495 2067 indicant
507 2029 645 2067 rudera
656 2042 771 2082 quae-

105 2085 206 2133 dam,
233 2088 370 2137 viginti
390 2086 510 2124 stadia
530 2100 633 2135 sane,
654 2088 770 2138 plane

103 2150 146 2180 ut
176 2143 390 2181 Herodotus
430 2145 558 2181 scribit
572 2174 581 2192 ,
634 2145 680 2181 ab
723 2157 768 2181 eo

104 2200 188 2237 loco
203 2208 360 2249 remota,
374 2214 450 2253 quo
468 2202 589 2238 Oeam
597 2208 769 2238 veterem

102 2257 216 2294 fuisse
235 2259 347 2295 sitam
368 2272 388 2294 e
415 2259 677 2295 monumentis
697 2259 769 2296 illis

105 2313 231 2351 adhuc
262 2314 420 2352 residuis
441 2317 577 2352 merito
598 2316 769 2366 colligas.

104 2370 254 2408 Monuit
292 2372 595 2410 accuratissimus
632 2371 771 2409 harum

106 2429 308 2478 regionum
321 2437 576 2495 perscrutator
585 2428 689 2466 idem
695 2443 769 2481 que

107 2485 206 2521 testis
225 2487 466 2535 gravissimus
505 2489 562 2523 De
589 2485 769 2523 stae-kel-

108 2539 201 2591 berg
226 2542 345 2592 (conf.
375 2544 454 2579 Der
481 2544 767 2595 Apollotempel

108 2609 157 2632 zu
176 2569 328 2635 OBassae
370 2612 459 2650 pag.
493 2601 602 2650 108)
645 2601 766 2651 plura,

110 2653 212 2704 quod
222 2667 426 2705 speramus,
439 2657 645 2709 aliquando
657 2671 772 2694 enar-

110 2715 256 2747 raturus
287 2719 323 2748 et
359 2716 591 2751 accuratiora
622 2713 669 2751 de
698 2713 769 2762 his,

112 2778 210 2817 qnae
231 2780 332 2804 nunc
347 2770 502 2821 quidem
519 2784 596 2807 non
608 2772 679 2808 nisi
700 2770 770 2808 de-

111 2822 228 2859 libare
250 2824 365 2862 licuit.
422 2826 534 2864 Unde
565 2827 768 2866 Chandler.

825 888 953 938 (Reise
987 891 1027 926 in
1067 889 1364 931 Griechenland.
1399 903 1485 941 cap.

821 947 874 983 IV
904 960 992 998 pag.
1018 944 1071 988 24
1101 948 1209 1000 seq.)
1239 955 1276 985 et
1305 945 1486 984 Dodwel-

821 1004 904 1040 lum
935 1005 1048 1053 (Itin.
1079 1006 1137 1052 ΙΙ,
1169 1008 1188 1044 1
1221 1017 1311 1056 pag.
1344 1004 1394 1045 15
1424 1003 1485 1042 ed.

820 1061 993 1112 vernae.)
1014 1062 1314 1113 multumlapsos
1327 1075 1405 1098 esse
1416 1075 1487 1112 ap-

820 1125 928 1169 paret
943 1149 952 1167 ,
987 1132 1109 1171 quum
1130 1121 1385 1156 recentiorem
1404 1120 1486 1155 Ae-

820 1177 934 1226 ginae
973 1177 1110 1212 urbem
1147 1177 1187 1212 in
1227 1178 1312 1213 loco
1348 1177 1485 1212 veteris

822 1233 922 1269 Oeae
959 1234 1205 1283 probabiliter
1244 1234 1337 1284 poni
1376 1246 1485 1283 posse

822 1291 1094 1326 existimarent.
1125 1312 1182 1317 ——
1229 1292 1331 1326 Ante
1370 1290 1487 1326 verba

824 1342 967 1385 στάδια
998 1344 1040 1385 δὲ
1064 1341 1234 1396 μάλιστα
1255 1362 1304 1397 κη
1328 1362 1364 1385 κ.
1389 1361 1420 1386 τ.
1451 1349 1488 1385 λ,

822 1411 954 1439 mente
974 1402 1229 1454 repetendum
1258 1401 1287 1454 ἢ
1307 1417 1337 1440 5.
1359 1400 1486 1453 αὖτὴς

821 1459 869 1497 de
899 1473 975 1512 quo
1003 1474 1073 1497 usu
1105 1460 1208 1497 conf.
1229 1467 1325 1498 nott.
1348 1460 1396 1497 ad
1416 1461 1484 1507 III,

821 1515 888 1557 34·

879 1573 1048 1628 θυσιησι
1061 1587 1100 1613 τε
1121 1586 1196 1624 σφε
1181 1590 1224 1612 ca
1247 1572 1313 1612 καὶ
1334 1576 1487 1623 χοροῖσι

820 1631 1092 1683 γυναικηίοισι
1130 1647 1172 1669 κε
1159 1626 1359 1682 ερτόμοισι
1397 1625 1486 1669 ἰλα-

823 1689 984 1736 σκοντο]
1006 1689 1120 1725 Liber
1140 1689 1241 1725 Flor.
1256 1687 1374 1727 habet
1395 1690 1488 1737 2639-

825 1746 997 1800 τομίῃσι,
1007 1745 1111 1782 unde
1124 1744 1308 1796 Schwgh.
1322 1746 1489 1796 placeret

825 1802 1057 1856 κερτομίῃσί
1067 1817 1106 1842 τε
1115 1803 1199 1840 vel:
1230 1801 1297 1841 καὶ
1310 1801 1488 1853 κερτομί-

826 1871 905 1912 ῃσι.
959 1858 1051 1896 Ad
1041 1873 1164 1910 lpsam
1182 1859 1418 1896 locutionem
1439 1857 1488 1894 cf.

826 1917 872 1963 V,
893 1918 960 1956 47.
996 1911 1388 1967 Χορουςκερτόμους
1408 1917 1489 1951 He-

827 1972 982 2010 rodotus
1010 1972 1106 2010 dixit
1127 1972 1260 2025 (quod
1281 1975 1368 2010 satis
1387 1972 1491 2009 indi-

828 2037 916 2067 cant
935 2031 1051 2068 verba
1062 2044 1168 2082 seqq.
1189 2032 1322 2077 κακῶς
1335 2028 1377 2069 δὲ
1389 2025 1490 2081 η’γό-

828 2102 945 2138 ρευον
966 2103 1003 2127 κ.
1026 2103 1059 2125 τ.
1080 2090 1114 2126 λ.
1132 2089 1148 2138 )
1185 2088 1303 2125 choros
1334 2087 1491 2125 cavilla-

826 2146 932 2181 torios
953 2158 981 2182 s.
1001 2145 1185 2182 mordacia
1216 2145 1316 2182 dicta
1342 2145 1491 2195 proiici-

825 2205 930 2239 entes.
991 2202 1093 2247 Quos
1121 2200 1257 2239 choros
1279 2214 1491 2253 eorumque

827 2259 1084 2296 cavillationes
1110 2272 1200 2296 cum
1231 2262 1421 2312 γεφυροῖς
1441 2258 1491 2294 11-

826 2316 892 2363 115,
942 2329 1041 2368 quae
1067 2317 1108 2352 111
1134 2317 1336 2353 Eleusiniis
1360 2317 1491 2352 locum

829 2371 1018 2421 habuere,
1065 2381 1152 2424 apte
1187 2379 1412 2424 comparant
1447 2372 1490 2408 C.

828 2430 873 2467 Ο.
894 2431 1044 2469 Miiller.
1083 2432 1276 2481 Aeginett.
1297 2443 1385 2481 pag.
1412 2431 1492 2469 170

827 2494 865 2524 et
886 2488 1062 2526 Creuzer.
1095 2488 1270 2539 Symbol.
1305 2488 1356 2524 IV
1377 2501 1415 2537 p.
1437 2485 1490 2525 44

825 2545 911 2581 coll.
933 2544 1038 2592 529,
1071 2547 1137 2597 qui
1168 2557 1303 2582 eorum
1336 2552 1516 2595 quoque'

822 2599 886 2638 hic
908 2603 1097 2639 rationem
1117 2601 1249 2638 haberi
1276 2602 1369 2649 vult,
1393 2612 1491 2652 quae

827 2658 875 2694 ab
906 2659 1105 2711 Aegyptiis
1134 2658 1183 2696 ad
1212 2631 1397 2695 Bubastin
1427 2669 1491 2692 so-

828 2716 947 2751 lemni
996 2729 1140 2767 pompa
1195 2713 1490 2766 procedentibus

827 2771 909 2808 fieri
920 2773 1103 2820 solebant,
1124 2780 1217 2810 teste
1231 2770 1426 2808 Herodoto
1442 2768 1490 2813 II,

829 2831 897 2875 60,
919 2830 985 2866 ubi
1018 2829 1119 2867 conf.
1140 2836 1236 2866 nott.
1296 2826 1404 2864 Idem
1426 2824 1492 2862 Cr.
