1897 3340
399 198 481 238 140

398 304 660 359 ἐκράτησαν·

366 373 574 422 3κοσίους
614 370 759 414 αὐτῶν

802 198 1258 234 HERODOTI

709 302 846 357 κάρτα
877 304 921 345 δὲ
962 306 1153 356 πολλοὺς
1183 306 1496 360 φονεύσαντες,
1531 308 1656 352 ἕπτα-

802 370 1058 426 ἐζώγρησαν.

398 437 555 494 ἡμέρης
569 441 612 481 οῖ
625 438 846 494 Ἀθηναῖοι
866 439 1092 492 διαβάντες
1103 440 1143 491 ἐς
1152 440 1232 496 τὴν
1243 439 1453 495 Εὔβοιαν,
1467 442 1655 498 συμβάλ-

1132 377 1216 428 -Τῆς
1253 374 1297 416 oz:
1328 373 1461 429 αὐτῆς
1497 375 1656 433 ταύτης

397 511 523 550 λουσι
553 507 625 549 καὶ
651 511 762 548 τοῖσι
794 507 1075 549 Χαλκιδεῦσι·
1108 507 1360 564 νικήσαντες
1387 509 1528 551 δὲκαὶ
1556 509 1657 553 τού-

397 590 521 625 τους,
564 573 928 627 τετρακισχιλίους
958 572 1228 628 κληρούχους
1265 575 1333 618 ἐπὶ
1361 579 1449 619 τῶν
1481 577 1659 632 ἱπποβο-
1674 585 1714 619 15

340 769 471 817 incolis
505 769 641 804 Dorica
686 779 791 803 nunc
827 767 1000 803 assumsit

340 827 507 862 instituta
535 832 571 861 et
601 837 669 875 pro
692 822 863 860 Corinthi
891 823 998 859 colo-

338 883 401 917 nia
422 883 566 918 censeri
595 887 728 931 coepta
756 886 822 917 est.
881 880 998 916 Plura

338 939 458 975 Kruse
488 938 615 974 Hellas
644 939 660 973 Ι
689 949 778 987 pag.
809 934 885 975 541
917 950 996 989 seq.

337 995 383 1040 11,
407 997 426 1033 1
451 1007 537 1045 pag.
560 995 655 1035 358.
702 991 839 1029 Incidit
858 1005 878 1027 e
899 994 996 1029 Lar-

338 1049 442 1087 cheri
484 1051 635 1087 calculis
663 1049 757 1086 haec
790 1048 905 1085 Codri
925 1048 996 1086 de-

338 1108 440 1143 votio
469 1108 509 1143 in
541 1108 817 1146 annum1132
849 1118 882 1144 a.
905 1104 994 1143 Chr.

337 1177 376 1200 u.
407 1170 444 1200 et
470 1165 625 1214 Megara
653 1162 803 1200 condita
834 1174 854 1198 a
882 1163 996 1199 Dori-

336 1221 405 1256 bus
425 1221 463 1256 in
487 1234 572 1256 ann.
598 1223 701 1260 1131
725 1233 759 1257 a.
782 1216 870 1255 Chr.
892 1232 931 1255 n.

506 1324 816 1373 eap.Lxxv11.

392 1392 720 1459 τετρακισχιλίους
750 1386 994 1442 κληρουχους

334 1445 399 1486 ἐπὶ
421 1450 498 1486 τῶν
522 1463 535 1486 ι
526 1447 714 1498 τποβοτέ
717 1463 773 1487 ων
805 1450 856 1501 τῇ
881 1445 992 1502 χώρῃ

334 1504 542 1551 λείπουσι]
575 1506 789 1555 κληροῦχοι
815 1505 993 1540 dicuutur

334 1562 537 1610 agripdae,
568 1560 699 1605 coloni,
730 1563 793 1610 qui
821 1565 911 1598 sorte
932 1574 992 1597 as-

333 1619 513 1664 signatam
543 1620 656 1652 terrae
680 1619 870 1666 portionem
895 1619 991 1654 acci-

330 1675 446 1723 piant.
467 1675 523 1709 Ita
534 1672 776 1709 eniniSchol.
800 1672 991 1723 Aristoph.

333 1730 432 1766 Nub.
449 1730 551 1770 204:
576 1726 711 1779 ἐπειδή
728 1729 767 1768 οἱ
779 1725 992 1779 Ἀθηναιοι

334 1784 607 1836 λαμβάνοντες
651 1782 767 1824 πόλιν
799 1788 991 1836 πολεμίων

333 1842 399 1881 καὶ
439 1839 532 1888 τοῦς
572 1841 824 1887 ἐνοικοῦντας
855 1838 991 1889 ἐκβάλ-

332 1902 464 1946 λοντες
478 1928 492 1944 ,
515 1894 648 1952 κλήρῳ
671 1895 743 1949 τὴν
762 1900 839 1951 γῆν
858 1894 993 1945 αὐτοῖς

333 1954 531 2006 διένεμον.
606 1956 737 1991 Glossa
776 1955 991 1991 llerodotea

331 2011 380 2049 ad
398 2011 436 2048 h.
456 2013 479 2049 l.
502 2010 624 2048 reddit
647 2007 856 2064 γεωργούς.
877 2013 992 2048 Plura

331 2068 380 2105 de
408 2068 518 2105 huius
550 2069 650 2105 vocis
682 2075 864 2118 potestate
887 2068 990 2105 dabit

333 2126 375 2162 C.
397 2127 438 2162 F.
462 2128 670 2161 Hermann.
691 2123 895 2161 Lehrbuch
917 2132 988 2161 etc.

333 2183 370 2227 §.
405 2184 482 2222 117
510 2188 588 2218 not.
616 2180 655 2220 4.
714 2182 882 2217 Pertinet
913 2180 988 2218 huc

332 2251 449 2290 quam
469 2239 638 2274 maxime
659 2238 807 2273 Aeliani
827 2239 932 2275 locus
942 2239 988 2274 Y.

331 2296 380 2332 H.
402 2296 470 2339 Vl,
495 2298 529 2340 1,
551 2296 616 2346 qui
638 2295 882 2344 qnadraginta
902 2302 988 2330 tan-

332 2358 414 2388 tum
437 2348 609 2403 κλήρους
631 2352 743 2387 fuisse
774 2358 985 2388 memorat:

330 2421 513 2455 numero,
550 2415 589 2444 ut
606 2406 877 2444 VVachsmuth.
889 2420 988 2459 quo-

330 2479 405 2517 que
434 2466 605 2501 observat
626 2465 687 2501 1.l.
710 2465 738 2511 Ι,
763 2467 779 2503 1
805 2477 891 2514 pag.
907 2467 986 2505 ,523

329 2536 407 2574 seq.
436 2522 566 2572 procul
588 2520 702 2557 dubio
733 2528 910 2570 corrupto
943 2533 985 2556 ac

330 2580 421 2617 salso
437 2608 446 2625 ‚
499 2579 604 2614 cuius
625 2579 661 2613 in
685 2579 812 2613 locum
834 2579 985 2613 Grono-

329 2637 410 2674 vius
429 2635 617 2672 substituit
650 2634 862 2684 δισχιλίους
888 2629 986 2683 κλή-

330 2707 437 2747 ρους.
493 2692 672 2737 Quamvis
703 2691 805 2726 enim
834 2690 892 2725 vel
923 2690 985 2725 ille

330 2763 446 2803 quem
466 2748 679 2786 Herodotus
700 2755 735 2783 et
757 2746 828 2782 hoc
850 2747 932 2783 loco
949 2753 985 2781 et

327 2809 389 2857 Vl,
422 2810 501 2850 100
526 2805 673 2858 prodit,
713 2816 893 2840 numerus
924 2804 984 2840 ni-

1056 768 1154 805 mius
1175 780 1265 805 sane
1285 767 1404 806 videri
1430 777 1564 821 queat,
1594 771 1712 806 mini-

1054 838 1118 861 me
1149 831 1279 861 tamen
1308 838 1353 862 eo
1387 825 1525 863 adduci
1563 834 1709 877 potero,

1055 888 1096 918 ut
1125 881 1218 918 salso
1247 882 1298 918 sic
1329 881 1427 918 tradi
1457 883 1503 918 ab
1534 880 1712 919 historiae

1052 944 1158 988 patre
1179 939 1405 975 existimem.
1463 938 1591 990 Atque
1611 939 1654 976 C.
1667 941 1716 977 F.

1052 996 1262 1031 Hermann.
1285 993 1581 1045 (schulzeitung
1604 997 1711 1036 1832

1051 1063 1138 1102 pag·
1164 1052 1288 1102 1029)
1310 1064 1358 1087 ne
1383 1052 1534 1088 Aeliani
1554 1050 1712 1103 quidem

1051 1120 1258 1144 munerum
1304 1106 1419 1144 habet
1466 1115 1709 1158 corruptum:

1050 1171 1167 1201 sortes
1197 1165 1300 1200 enim
1337 1166 1509 1215 gentium
1546 1163 1712 1216 quadra-

1051 1222 1156 1271 ginta
1198 1219 1474 1273 (Stammlose)
1504 1221 1622 1258 fuisse‘
1637 1233 1712 1272 po-

1052 1278 1131 1324 nit,
1153 1289 1250 1328 quae
1270 1278 1441 1327 singulae
1462 1276 1588 1314 denuo
1609 1279 1709 1313 iuter

1051 1340 1209 1370 centum
1230 1333 1391 1370 familias
1420 1333 1561 1370 fuerint
1583 1332 1710 1370 distri-

1052 1391 1177 1426 butae.
1235 1391 1364 1441 Atque
1394 1403 1514 1442 quum
1536 1390 1710 1440 quadrin-

1050 1449 1152 1495 genti
1165 1445 1428 1484 Chalcidenses
1446 1446 1494 1483 ad
1514 1447 1711 1483 Plataeam

1049 1504 1255 1553 pugnaturi
1274 1504 1602 1553 proficiscerentur
1615 1510 1710 1540 teste

1050 1558 1245 1595 Herodoto
1284 1561 1352 1606 IX,
1395 1562 1460 1606 28,
1509 1560 1707 1609 probabile

1050 1622 1177 1652 censet
1196 1617 1420 1663 Hermann„
1448 1615 1710 1667 quadringen—

1049 1679 1103 1708 tas
1130 1672 1243 1708 fuisse
1271 1673 1576 1723 Hippobotarum
1611 1685 1710 1722 gen-

1049 1735 1126 1776 tes,
1177 1741 1340 1780 quarum
1367 1730 1466 1765 bona
1496 1728 1709 1765 secundum
1734 1734 1740 1741 ⁵

1050 1784 1183 1822 decem
1211 1787 1355 1828 Atticas
1387 1785 1506 1821 tribus
1527 1798 1555 1821 s.
1578 1781 1709 1835 φυλοῖς

1049 1840 1262 1891 dispertita,
1293 1843 1373 1878 illas
1405 1848 1566 1893 quatuor
1601 1842 1708 1878 mille

1048 1905 1186 1946 sortes,
1226 1911 1388 1950 quarum
1423 1899 1567 1934 mentio
1603 1897 1707 1949 apud

1048 1954 1308 2003 Herodotum,
1343 1953 1520 1991 efficiant.
1540 1975 1597 1982 —
1628 1953 1706 1994 Ἱπ-

1048 2007 1217 2061 ποβόται
1237 2011 1339 2062 apud
1361 2010 1644 2056 Chalcidenses,
1662 2018 1706 2048 ut

1047 2067 1310 2106 Valckenaerii
1332 2076 1415 2105 utar
1432 2068 1566 2115 verbis,
1587 2080 1683 2105 voca

1048 2125 1204 2174 bantur,
1266 2138 1410 2176 quorum
1448 2137 1568 2162 census
1608 2126 1705 2175 equis

1045 2182 1180 2224 alendis
1225 2182 1416 2232 sufficeret,
1473 2185 1578 2231 atque
1617 2181 1705 2218 adeo

1045 2238 1218 2288 opulenti,
1248 2241 1430 2288 optimates
1443 2238 1557 2288 igitur
1577 2233 1704 2276 πλού-

1045 2309 1097 2348 τῳ
1132 2295 1198 2334 καὶ
1227 2294 1322 2349 δόξῃ
1354 2295 1631 2344 διαφέροντες,
1662 2301 1704 2332 ut

1044 2350 1148 2389 addit
1184 2350 1408 2388 Plutarchus
1447 2351 1584 2388 Pericl.
1613 2362 1701 2401 pag.

1046 2408 1123 2447 164
1154 2411 1196 2446 F.
1221 2421 1304 2459 cap.
1327 2410 1379 2448 23
1401 2407 1480 2455 fin.‚
1532 2419 1702 2459 quocum

1043 2468 1218 2515 congruit
1239 2473 1275 2501 et
1297 2464 1423 2501 Strab.
1448 2465 1485 2500 X
1505 2476 1593 2514 pag.
1619 2461 1701 2503 447

1042 2521 1087 2556 B.
1109 2536 1137 2558 s.
1161 2522 1240 2563 685
1269 2522 1311 2560 C.
1334 2526 1370 2556 et
1396 2521 1544 2558 Aelian.
1577 2520 1623 2556 V.
1650 2521 1700 2556 H.

1042 2578 1104 2623 w,
1127 2582 1162 2618 1.
1204 2577 1304 2614 Add.
1327 2576 1508 2614 Herodot.
1528 2577 1592 2623 vl,
1610 2579 1701 2616 100.

1043 2634 1114 2678 Qui
1163 2634 1279 2671 iidem
1317 2646 1495 2683 agrorum
1545 2645 1698 2684 quoque

1040 2693 1273 2740 possessione
1299 2691 1464 2741 insignes
1492 2690 1698 2741 locupletes

1041 2745 1218 2785 dicuntur
1229 2744 1380 2797 παχέες,
1371 2722 1447 2784 t>de
1461 2759 1536 2799 quo
1554 2758 1701 2812 cogno-

1041 2804 1145 2841 mine
1166 2804 1328 2842 xidimus
1347 2803 1394 2841 ad
1416 2805 1446 2841 V
1452 2807 1538 2852 ‚30.
1548 2825 1602 2831 —
1625 2797 1699 2842 αὖ·

1713 435 1791 477 411
