1897 3340
401 248 487 288 3⁰⁰
590 304 593 308 ἢ
799 248 1257 286 11ERODOT1

403 353 660 412 ἑκατέρῳτὰ
687 354 832 398 πάντα
859 355 889 412 ἢ
913 361 1026 399 τοῖσι
1055 355 1222 400 ἄλλοισι
1254 357 1552 413 δαιτυμόνεσι·
1583 358 1657 401 καὶ

404 423 696 477 σπονδαρχίας
725 420 837 465 εἶναι
865 423 1057 475 τούτων,
1088 425 1161 466 καὶ
1188 427 1274 465 τῶν
1303 422 1528 467 τυθέντων
1553 441 1656 478 προ-

376 490 554 546 Ξβάτων
582 488 634 532 τὰ
664 489 862 544 δέρματα.
921 493 1148 550 νεομῃνίας
1187 491 1232 534 ὁὲ
1272 490 1354 533 ἀνὰ
1388 490 1555 543 πάσας,
1586 493 1658 535 καὶ

402 556 592 612 ἑβδόμας
622 557 854 612 ἱσταμένου
881 561 963 600 τοῦ
982 556 1138 613 μηνός,
1171 560 1374 602 δίδοσθαι
1401 558 1448 602 ἐκ
1477 563 1556 602 τοῦ
1585 561 1656 615 δη.

401 625 560 680 μοσίου
601 623 745 679 ἴρήϊον
780 625 944 667 τέλειον
971 624 1154 684 ἑκατέρῳ
1186 626 1227 676 ἐς
1255 625 1542 678 Ἀπόλλωνος,
1580 626 1655 669 καὶ
1669 632 1713 666 55

401 691 613 747 μέδιμνον
641 690 855 748 ἀλφίτων,
883 692 956 737 καὶ
985 693 1111 736 οἴνου
1139 692 1342 750 τετάρτην
1372 693 1656 752 Λακωνικήν·

345 889 439 913 nem
460 874 702 926 adposueriut
731 875 847 929 idque
865 879 905 914 in
923 879 1003 915 εἰη-

342 933 440 984 gulis
461 934 550 969 cibis
588 929 662 981 (τᾶ
685 929 841 983 πάντα)
873 935 1003 972 obser-

344 990 489 1036 varint,
521 991 586 1039 qui
612 1002 695 1026 mos
725 992 886 1040 p.iscam
912 1004 1002 1028 sane

344 1044 491 1082 redolet
521 1052 706 1092 aetatem,
746 1048 899 1098 qualem
919 1050 1001 1084 Ho-

343 1105 470 1138 merus
499 1100 709 1152 descripsit:
750 1101 798 1139 de
828 1117 926 1156 quo,
958 1110 1002 1140 ut

348 1158 446 1195 bene
467 1159 616 1194 monuit
634 1159 879 1210 VVesseliug„
899 1161 1001 1197 conf.

343 1212 562 1250 Eustathius
592 1213 641 1250 ad
668 1215 713 1251 ΙΙ.
743 1229 782 1265 p.
802 1219 876 1262 72,
897 1219 951 1256 20
971 1230 1000 1253 s.

344 1270 411 1316 54,
433 1272 488 1310 32
507 1277 544 1307 et
563 1283 650 1320 pag.
672 1273 765 1318 682,
787 1272 840 1312 50
861 1285 888 1311 ε.
905 1272 1001 1319 557,

350 1328 419 1366 22,
476 1327 652 1378 Namque
681 1339 703 1363 a
729 1329 920 1378 Lycurgo,
960 1335 1003 1365 ut

339 1382 536 1430 ferebant,
547 1385 735 1421 institutus
753 1385 816 1420 ille
829 1398 912 1421 mos
928 1383 1002 1421 ho·-

343 1440 446 1475 noris
467 1439 661 1490 quandam
687 1441 1001 1490 significationem

343 1492 498 1542 habuit,
529 1503 622 1533 teste
656 1496 913 1548 Xenophonte
941 1500 1000 1534 De

343 1552 491 1601 republ.
511 1554 600 1588 Lac.
623 1553 694 1589 XV
714 1554 750 1597 ξ.
771 1554 812 1593 4.
841 1553 996 1591 Add.C.

342 1607 389 1643 Ο.
410 1608 559 1644 Mulier.
579 1610 669 1645 Dor.
696 1610 731 1644 ΙΙ
751 1623 788 1659 p.
811 1611 889 1650 106
913 1611 996 1646 coll.

341 1664 378 1699 11
396 1676 485 1714 pag.
509 1667 601 1711 190,
631 1665 696 1700 ubi
723 1664 812 1702 inde
840 1667 926 1702 satis
947 1668 999 1702 ait

345 1721 507 1770 perspici
538 1732 647 1769 agros
673 1733 882 1773 gregesque
926 1721 998 1759 ha-

343 1776 466 1812 buisse
487 1778 760 1826 rempublicam
788 1779 999 1828 Spartano-

343 1844 442 1869 rum.
472 1829 519 1870 τοὶ
540 1829 670 1871 πάντα
698 1846 777 1870 non
808 1835 914 1870 aliter
933 1847 999 1877 αρτ

345 1887 563 1938 cipiendum
584 1896 698 1940 atque
717 1891 747 1936 I,
769 1891 836 1932 50.
859 1892 920 1939 lv,
933 1893 999 1938 88,

345 1945 412 1982 ubi
431 1943 509 1981 vici.
544 1952 639 1982 nott.
698 1947 762 1983 Sic
793 1948 907 1998 paulo
938 1948 1000 1983 in-

343 2002 457 2037 serius
473 1998 660 2050 διπλήσια
681 1999 746 2041 no}
758 2018 811 2042 ντ
823 2019 848 2041 α
885 2010 999 2055 atque

345 2056 389 2095 ἐν
412 2060 513 2096 τοῖσι
533 2053 658 2108 ἅγῶσι
675 2074 704 2097 π
719 2061 744 2097 ἆ
759 2072 827 2106 σι,
857 2061 883 2096 i.
905 2073 938 2096 e.
959 2048 1000 2096 ἧι

347 2115 458 2149 onzm's
475 2116 610 2161 generis
629 2116 907 2152 certaminibus.
926 2117 1001 2152 At-

347 2170 431 2218 tigit
453 2182 604 2220 quoqne
625 2170 796 2208 Boeckli.
817 2173 856 2207 in
886 2173 1002 2222 Corp.

338 2226 529 2274 Inscriptt.
550 2227 705 2263 Graece.
735 2229 753 2262 Ι
780 2241 868 2278 pag.
908 2231 1002 2276 822,

345 2281 431 2319 coll.
463 2283 559 2318 Rose
592 2283 779 2333 Inscriptt.
799 2296 886 2334 pag.
908 2286 1001 2325 289.

354 2336 416 2374 Ad
438 2335 551 2373 dativi
572 2337 735 2374 formam
757 2336 1004 2390 δαιτυμόνεσι

349 2394 452 2430 cons.
467 2391 603 2430 Manli.
626 2396 691 2431 Gr.
713 2397 779 2432 Gr.
801 2408 886 2446 pag:-
913 2399 1002 2436 166.

351 2451 450 2486 Sunt
465 2457 590 2486 autom
612 2450 652 2489 οἱ
671 2448 903 2501 δαιτυμόνες
923 2466 1002 2489 con-

345 2508 471 2552 vivae,
507 2513 547 2542 ut
567 2508 596 2553 1,
618 2510 685 2547 73.
710 2509 801 2547 119.
836 2509 883 2553 11,
908 2511 1000 2548 172.

345 2562 408 2609 IV,
451 2565 541 2603 172.
600 2564 657 2598 De
696 2576 789 2600 voce
819 2560 1001 2613 ἑκάτερος

346 2620 478 2654 monui
507 2617 553 2654 ad
580 2620 644 2664 111,
667 2621 706 2659 8.
736 2621 1001 2670 σπονδαρχίας

346 2675 645 2724 regibustribuit‚
677 2677 741 2727 qni
763 2677 800 2712 in
823 2678 998 2714 omnibus

347 2731 527 2768 conviviis
560 2733 671 2781 primi
702 2733 921 2769 libationem
942 2734 999 2769 su-

346 2789 448 2826 ciant
476 2801 506 2824 s.
534 2788 729 2825 libationes
750 2791 1001 2840 auspicentur.

406 2845 619 2896 νεομηνίας
637 2842 679 2885 δὲ
705 2841 782 2885 ἀνι-κ’
807 2843 936 2895 πάσας
965 2862 1000 2885 κ.

1057 893 1090 919 τ.
1116 879 1181 928 λ.]
1210 880 1348 916 Mensis
1377 880 1560 931 cuiusque
1589 877 1712 930 (haec

1060 943 1115 972 est
1156 935 1339 972 Herodoti
1377 935 1600 985 sententia)
1650 934 1712 972 die

1056 993 1180 1043 primo
1200 1005 1243 1028 ac
1263 993 1422 1042 septimo
1443 1003 1549 1041 reges
1578 1004 1626 1028 ex
1646 1004 1712 1027 ae—

1057 1049 1155 1085 rario
1185 1050 1380 1085 victimam
1400 1050 1588 1098 accipiunt
1610 1049 1713 1084 iute-

1057 1117 1179 1154 gram,
1199 1117 1314 1155 quam
1335 1105 1374 1140 in
1403 1105 1591 1154 Apollinis
1613 1103 1712 1141 aede

1056 1167 1244 1207 mactent,
1272 1162 1441 1211 itemque
1465 1161 1607 1196 farinae
1627 1173 1714 1196 me·-

1058 1216 1234 1253 dimnum
1245 1224 1282 1253 et
1294 1218 1372 1252 vini
1387 1218 1617 1268 quartarium
1635 1218 1713 1253 La-

1056 1274 1245 1310 conicum.
1303 1272 1388 1309 vid.
1417 1273 1458 1310 C.
1490 1274 1535 1309 Ο.
1564 1274 1714 1310 Mttller.

1055 1330 1092 1365 11
1112 1343 1151 1381 p.
1175 1331 1266 1369 106.
1297 1328 1364 1367 Cr.
1393 1327 1442 1365 ad
1462 1341 1573 1367 voces
1600 1324 1715 1380 ἕβδό-

1058 1400 1134 1437 μας
1173 1383 1382 1436 ἱσταμένου
1430 1386 1595 1422 conferri
1633 1385 1716 1423 vult

1057 1440 1254 1479 Plutarch.
1303 1442 1500 1492 Symposs.
1558 1442 1711 1486 Quaest.

1055 1500 1155 1545 VIII,
1180 1501 1216 1538 1.
1251 1501 1278 1538 2
1297 1511 1385 1548 pag.
1419 1498 1499 1538 958
1527 1498 1654 1548 wytt.
1676 1505 1714 1535 et

1055 1553 1239 1592 Valcken.
1280 1554 1327 1590 de
1347 1554 1551 1591 Aristobul.
1570 1554 1712 1592 Iudaeo

1055 1613 1092 1656 ξ.
1122 1614 1174 1651 37
1205 1622 1293 1660 pag·
1329 1613 1527 1650 13—16.
1566 1609 1712 1649 τέλειον

1056 1663 1187 1717 ἱρήϊον
1209 1665 1302 1717 quid
1322 1667 1389 1713 sit,
1420 1667 1634 1703 notavimus
1663 1665 1712 1703 ad

1052 1724 1081 1770 Ι,
1107 1725 1199 1763 183.
1255 1723 1360 1758 [ηπ
1387 1723 1547 1758 numina
1575 1735 1597 1759 a
1630 1724 1713 1759 Do—

1054 1780 1155 1815 ribus
1184 1778 1286 1814 culta
1314 1780 1562 1828 praecipuum
1594 1778 1712 1815 adeo-

1057 1848 1132 1887 que
1169 1835 1394 1884 primarium
1432 1835 1561 1870 locum
1599 1834 1713 1872 fuisse

1055 1890 1225 1942 Apollini
1263 1903 1376 1927 nemo
1415 1892 1559 1938 nescit,
1606 1892 1731 1940 cuius,

1057 1947 1227 1984 eiusdem
1237 1959 1340 1982 sacra
1361 1945 1449 1982 hinc
1470 1960 1537 1997 per
1555 1960 1712 1985 omnem

1054 2005 1133 2041 sere
1163 2004 1370 2039 Laconiam
1401 2010 1629 2053 propagat83
1667 2010 1713 2042 ut

1053 2060 1222 2112 pluribus
1244 2057 1514 2096 demonstravit
1543 2059 1647 2097 idem
1667 2060 1710 2100 C.

1057 2118 1104 2155 0.
1131 2115 1278 2153 Mulier.
1300 2116 1326 2152 l.
1346 2116 1372 2151 l.
1393 2116 1410 2151 1
1430 2128 1517 2166 pag.
1539 2116 1633 2157 249.

1114 2225 1184 2266 καὶ
1220 2225 1333 2266 οἴνου
1361 2222 1547 2277 τετάρτην
1565 2231 1712 2266 Λακω-

1058 2279 1204 2334 νικήν]
1229 2281 1537 2332 Schweighaeus.
1557 2285 1596 2320 iu
1616 2285 1711 2322 Lex.

1059 2339 1203 2378 Herod.
1223 2340 1388 2389 suppleri
1414 2339 1496 2376 vult
1520 2343 1662 2391 μοῖραν
1682 2354 1714 2378 ε.

1060 2395 1211 2447 μὲριδα.
1262 2394 1451 2446 Equidem
1475 2394 1513 2432 h.
1534 2396 1558 2434 l.
1580 2397 1714 2433 malim

1059 2455 1224 2502 cogitare
1246 2450 1292 2487 de
1314 2464 1357 2487 ea
1377 2450 1581 2489 fluidorum
1601 2466 1714 2490 men-

1057 2521 1166 2554 sura,
1203 2521 1318 2559 quam
1353 2509 1467 2555 vulgo
1495 2516 1633 2546 vocant
1652 2507 1715 2548 τὲ-

1056 2579 1199 2615 ταρτον
1231 2565 1466 2605 Quartarium
1487 2577 1517 2601 s.
1539 2573 1713 2617 quartum

1055 2629 1203 2672 partem
1222 2623 1295 2659 τοῦ
1323 2619 1457 2667 ξέστου
1487 2622 1564 2659 sive
1592 2626 1714 2658 sesta-

1053 2680 1104 2715 ti
1121 2685 1157 2729 et
1178 2675 1378 2713 dimidium
1404 2677 1476 2725 τῆς
1496 2674 1664 2731 κοτύλης
1683 2691 1714 2715 s.

1055 2735 1220 2776 heminae,
1238 2746 1335 2785 quae
1346 2734 1426 2783 ipsa
1441 2741 1495 2771 est
1511 2733 1713 2771 dimidium

1056 2794 1129 2829 τοῦ
1147 2788 1281 2837 ξέστου
1303 2795 1338 2825 et
1371 2801 1468 2839 quae
1491 2804 1567 2841 pro·
1581 2792 1715 2839 siugu-

1057 2848 1102 2884 lis
1137 2847 1242 2884 terris
1272 2857 1388 2897 quam
1417 2849 1586 2885 maxime
1622 2847 1714 2884 olim

1873 3235 1897 3340 Fe„
