1897 3340
554 162 1006 209 POLYMNIA
1065 169 1166 206 νυ.

1402 176 1486 215 6ἷ9

227 281 547 337 Συρηκουσίων
576 277 831 329 ἐκπεσόντας
859 275 947 321 ὑπό
966 292 1011 320 τε
1037 279 1118 320 τοῦ
1136 274 1277 332 δήμου
1306 279 1486 324 καὶτῶν

227 349 446 403 σφετέρων
477 347 651 392 δούλων
678 344 951 402 καλεομένων
981 345 1027 388 δὲ
1059 345 1333 399 Κυλλυρίων,
1364 345 1387 388 ὁ
1411 348 1486 390 Γέ-

225 420 315 459 λων
343 416 600 472 καταγαγών
627 413 813 464 τούτους
840 412 887 456 ἐκ
909 412 1139 469 Κασμένης
1157 410 1311 463 πόλιος
1340 411 1383 463 ἐς
1412 413 1488 465 τὰς

195 483 536 540 3Συρηκούσας,
566 482 658 538 ἔσχε
686 472 758 525 καὶ
791 479 963 531 ταύτας.
1022 478 1045 525 ὁ
1073 480 1158 536 γὰρ
1189 482 1325 536 δῆμος
1343 479 1366 523 ὁ
1398 484 1487 524 τῶν

225 554 546 609 Συρηκουσίων
574 547 740 593 ἐπιόντι
777 548 945 592 Γέλωνι
982 550 1226 602 παραδιδοῖ
1249 546 1330 603 τὴν
1358 546 1488 591 πόλιν

163 860 189 897 i.
210 873 243 898 e.
268 863 347 910 post
374 859 465 897 hunc
489 872 681 897 successum
704 862 822 910 inspe-

163 920 302 965 ratum,
337 919 564 966 inopinatum.
640 917 707 953 Tu
739 915 818 953 vid.

162 972 262 1019 VIII,
277 976 355 1014 109
376 974 467 1025 iqu.
479 980 577 1010 nott.
588 996 639 1001 —-—
660 975 704 1010 In
715 986 822 1025 seqq.

161 1026 256 1076 τούς
273 1026 468 1081 γαμόρους
482 1030 669 1067 intellexit
685 1029 823 1078 divites,

162 1086 347 1136 locupletes
365 1088 444 1123 sive
473 1088 666 1136 optimates,
695 1093 738 1124 ut
759 1087 822 1134 VI,

162 1146 229 1190 22,
251 1143 316 1179 ubi
336 1141 415 1180 vid.
472 1142 558 1180 Vid.
573 1143 626 1192 ,0⁸
646 1144 709 1180 Fr.
723 1144 824 1179 Her-

161 1211 293 1236 mann.
315 1200 341 1237 l.
362 1200 389 1236 l.
411 1201 448 1245 ξ.
466 1202 519 1241 60
534 1206 614 1237 not.
626 1199 666 1238 4.
695 1200 823 1252 Atque

160 1251 340 1308 γαμόρος
357 1255 477 1303 ¹,idem
504 1257 656 1307 proprie
687 1255 823 1294 dicitur

161 1314 227 1364 qui
260 1315 502 1365 κληροῦχος,
539 1326 666 1363 agrum
696 1313 822 1363 (bello

159 1369 332 1420 inprimis
367 1369 540 1420 captum)
572 1372 634 1420 qui
665 1371 820 1408 sortitur.

158 1426 254 1463 Mox
272 1422 338 1466 τὸν
364 1427 494 1479 δῆμον
508 1425 599 1465 dicit
614 1426 758 1478 plebem,
779 1434 821 1465 ut

160 1481 207 1532 V,
229 1485 296 1523 30.

217 1594 474 1647 Κυλλυρίων]
496 1595 555 1632 Ita
575 1593 640 1633 dat
658 1594 820 1632 Floren-

158 1651 259 1689 tiuus
289 1665 333 1690 ac
364 1652 556 1690 Sancrofti
593 1653 689 1689 liber
729 1665 820 1689 cum

159 1707 308 1746 duobus
327 1710 464 1748 Pariss.
495 1707 690 1746 Mediceus
720 1709 817 1746 liber

159 1766 331 1818 aliusque
376 1779 467 1803 cum
506 1766 614 1803 Valla
661 1764 818 1803 exhibet

160 1822 400 1873 Κιλλυρίων,
422 1823 485 1858 alii
505 1822 624 1860 aliter.
674 1821 812 1860 Suidas

157 1891 188 1915 s.
208 1892 246 1916 v.
266 1880 303 1915 H
319 1892 356 1929 p.
379 1881 459 1918 231
482 1877 598 1916 habet
619 1875 818 1918 Καλλιπύ-

159 1949 250 1987 ριοι,
272 1932 483 1987 Hesychius
502 1936 539 1971 II
557 1949 597 1986 p.
622 1937 703 1975 260
720 1937 816 1974 Κιλ-

157 1988 345 2046 λικύριοι,
377 1990 481 2043 quod
503 1993 618 2029 etiam
638 1992 677 2027 in
690 1993 817 2029 Hero-

160 2047 250 2085 doto
271 2050 485 2099 genuinum
506 2054 634 2086 censet
653 2046 820 2086 Valcke-

159 2118 264 2143 naer.
299 2112 412 2157 atque
440 2104 641 2142 VVelcker.
667 2105 820 2142 inPro-

159 2161 262 2211 legg.
282 2161 330 2198 ad
345 2160 524 2212 Theogn.
546 2176 584 2213 p.
606 2162 723 2209 XIX,
752 2162 819 2214 qui

159 2223 335 2254 veterum
372 2220 587 2255 testimonia
616 2219 740 2255 attulit
774 2231 818 2255 ac

159 2274 363 2324 praecipue
401 2275 591 2312 Aristotel.
629 2275 670 2311 in
709 2277 816 2314 Rerr.

159 2331 325 2381 publico.
356 2329 452 2366 libro
481 2344 520 2381 p.
544 2331 620 2371 149
639 2331 819 2382 fragium.

161 2385 223 2424 ed.
238 2388 453 2423 Neumann.
512 2386 613 2430 Quos
627 2387 705 2424 sive
728 2388 820 2438 Cyl-

161 2443 272 2494 lyrz'os
293 2444 370 2480 sive
387 2441 588 2492 Cz'llicyrios
596 2442 694 2479 bene
710 2456 820 2480 com-

160 2513 295 2551 parare
314 2501 404 2537 licet
424 2511 513 2536 cum
542 2498 819 2549 Spartanorum

160 2557 319 2603 melotis,
340 2554 614 2593 Thessalorum
634 2556 817 2604 Penestis,

160 2614 241 2651 aliis
270 2612 310 2650 id
337 2625 457 2663 genus
494 2612 632 2659 servis,
681 2612 819 2663 quibus

159 2682 229 2720 par
265 2670 365 2708 vitae
406 2667 572 2706 conditio
612 2680 656 2704 ac
685 2675 814 2707 status.

159 2727 226 2764 Tu
244 2725 321 2765 vid.
344 2726 387 2764 C.
414 2727 478 2763 Fr.
504 2726 714 2762 Hermann.
743 2725 771 2762 l.
789 2725 817 2762 l.

159 2783 198 2827 δ.
222 2785 273 2824 19
293 2789 375 2821 not.
398 2784 462 2823 16.
485 2805 536 2810 -
566 2782 667 2819 Hinc
688 2781 815 2832 igitur,

878 864 1059 895 monente
1094 857 1137 894 C.
1160 857 1203 895 O.
1223 857 1372 896 Miiller.
1393 858 1484 895 Dor.
1505 860 1540 896 11

877 929 918 966 p.
940 918 988 955 61
1014 915 1153 965 triplex
1170 914 1385 950 incolarum
1419 927 1541 964 genus

877 974 918 1008 in
940 971 1217 1022 Syracusarum
1236 971 1330 1007 urbe
1361 970 1540 1022 distingui

881 1027 1004 1065 debet.
1084 1028 1214 1064 Primo
1256 1028 1341 1064 loco
1381 1029 1540 1065 veniunt

879 1086 1037 1132 Gamori,
1061 1085 1127 1136 qui
1139 1090 1334 1132 vocantur,
1365 1085 1390 1121 i.
1413 1098 1446 1123 e.
1470 1098 1538 1122 co-

878 1142 958 1178 loni
991 1142 1103 1192 prisci
1134 1139 1337 1188 corinthii,
1360 1142 1425 1192 qui
1441 1142 1540 1191 agris

878 1197 1004 1236 divisis
1023 1198 1211 1235 maximas
1231 1204 1347 1234 sortes
1375 1199 1446 1249 ipsi
1467 1199 1540 1235 ob-

878 1257 1086 1303 tinuerunt,
1106 1255 1337 1305 locuplete83
1367 1255 1539 1306 sequitur

880 1313 1019 1359 tlemus,
1059 1313 1225 1364 reliquos
1262 1312 1360 1348 cives
1399 1312 1538 1348 liberos

878 1369 1156 1420 complectens,
1196 1368 1374 1405 infimum
1407 1368 1538 1405 locum

878 1427 1050 1464 obtinent
1085 1426 1251 1476 Cyllyrz'i,
1281 1426 1379 1462 servi
1396 1425 1436 1461 in
1457 1425 1537 1461 Ga-

875 1496 1075 1520 mororum
1103 1481 1249 1531 fundis,
1271 1483 1337 1534 qui
1358 1481 1538 1532 probabi-

875 1541 960 1578 liter
979 1541 1086 1577 fuere
1096 1538 1301 1590 indigenae
1313 1539 1432 1576 Siculi
1444 1539 1537 1575 olim

875 1598 1033 1634 subacti.
1109 1596 1239 1648 Atque
1283 1597 1383 1632 iuter
1420 1593 1536 1632 hosce

875 1655 1047 1692 Gamoros
1082 1651 1269 1690 aditmctis
1301 1652 1476 1704 Cyllyriis
1497 1659 1535 1688 et

876 1711 1011 1749 demum
1042 1723 1072 1747 s-
1091 1710 1219 1758 plebem
1249 1709 1341 1745 olim
1371 1707 1536 1745 eandem

871 1768 951 1805 fere
985 1768 1175 1803 rationem
1215 1766 1419 1803 obtinuisse
1452 1765 1535 1802 vult

872 1825 916 1862 C.
938 1825 983 1861 Ο.
1003 1824 1152 1860 Mtiller.
1173 1823 1198 1860 l.
1213 1823 1238 1860 l.
1260 1828 1374 1873 atque
1386 1823 1533 1858 Romae

870 1881 970 1917 inter
988 1880 1163 1930 patricios
1184 1891 1395 1931 eorumque
1415 1878 1533 1915 clien-

871 1944 927 1974 tes
948 1943 1062 1989 atque
1082 1936 1265 1987 plebeios,

933 2047 978 2089 ἐκ
1016 2046 1258 2099 Κασμένης]
1308 2048 1413 2083 Haec
1444 2045 1532 2083 urbs

876 2112 1031 2144 auctore
1052 2103 1286 2156 Thucydide
1306 2103 1370 2151 VI,
1392 2102 1416 2143 5
1448 2103 1532 2152 (ubi

875 2159 1099 2212 Κασμέναι)
1122 2174 1143 2198 a
1164 2161 1410 2213 Syracusanis
1431 2171 1532 2196 anno

873 2218 953 2260 645
974 2231 1008 2256 a.
1030 2216 1119 2258 Chr.
1141 2231 1180 2257 n.
1211 2224 1266 2255 est
1291 2216 1444 2254 condita
1470 2217 1531 2252 in-

873 2283 931 2313 ter
957 2275 1076 2312 Acras
1107 2281 1144 2312 et
1178 2274 1448 2320 camarinam,
1489 2279 1532 2309 ut

872 2331 1024 2371 videtur
1049 2332 1224 2370 Cluverio
1237 2360 1247 2380 ,
1268 2343 1313 2368 eo
1333 2330 1412 2367 fere
1432 2330 1529 2377 loco,

875 2401 951 2442 quo
971 2402 1075 2426 nunc
1093 2390 1134 2425 in
1153 2389 1310 2439 regione
1339 2386 1531 2424 amoenis-

873 2447 971 2483 sima
989 2451 1110 2482 exstat
1130 2444 1316 2496 oppidum
1346 2442 1484 2481 Scicalz'
1500 2454 1528 2478 s.

875 2500 1001 2538 Scicli.
1041 2502 1107 2538 Tu
1127 2501 1228 2540 conf.
1249 2503 1437 2537 Mannert.
1458 2499 1527 2544 IX,

873 2559 900 2596 2
914 2569 1002 2607 pag.
1024 2555 1120 2598 440.
1175 2558 1300 2595 Raonl
1313 2553 1528 2592 —Rochette

872 2614 1035 2650 Histoire
1069 2612 1116 2651 de
1145 2614 1346 2652 l’Etabliss.
1367 2611 1420 2647 ΠΙ
1438 2621 1527 2660 pag.

872 2668 967 2711 354.
1023 2671 1068 2707 In
1087 2684 1193 2724 seqq.
1212 2669 1334 2708 verbis
1357 2666 1439 2715 ἔσχε
1460 2663 1525 2703 καὶ

870 2721 1029 2774 ταύτας,
1057 2734 1201 2779 spectat
1211 2720 1352 2770 ταύτας
1374 2721 1422 2759 ad
1443 2723 1525 2760 Συ-

871 2778 1086 2835 ρηκούσας.

64 622 157 668 156
227 620 300 663 καὶ
321 618 496 664 ἑωυτόν.
551 615 601 661 Ὅ
629 617 676 662 δὲ
705 617 795 662 ἐπεί
823 633 867 662 τε
894 618 1110 674 παρέλαβε
1146 616 1224 669 τὰς
1251 615 1484 673 Συρηκού-
1498 622 1541 658 65
1555 627 1823 668 ‹wihus-‚uomin-

1554 670 1606 701 cns
1626 664 1792 702 Syracusas

1551 704 1660 724 mltum
1678 706 1707 723 m
1732 706 1792 725 mo-

1555 729 1623 758 dum
1641 732 1767 760 auxerit.
