1897 3340
2 691 22 967 3

27 0 39 258 3

4 316 35 834 ff

0 950 22 1399 3

590 167 888 206 ERATO.
945 166 1017 203 VI.
1353 170 1438 210 3:35

180 278 355 323 ἀπίκετο
387 279 455 322 ἐπὶ
482 275 681 332 ποταμὸν
708 275 955 329 Ἐρασῖνον,
988 273 1036 326 ὃς
1056 273 1222 329 λέγεται
1254 273 1366 328 ῥέειν
1388 276 1435 318 ἐκ

177 352 252 403 τῆς
283 347 565 402 Στυμφηλίης
594 345 744 399 λίμνης
755 358 764 367 ·

810 342 890 399 τήν
926 343 1009 398 γὰρ
1049 342 1102 399 δὴ
1141 345 1298 397 λίμνην
1337 342 1435 385 ταύ·

174 431 274 471 την,
315 413 357 464 ἐς
397 412 539 469 χάσμα
577 409 741 467 ἀφανὲς
779 410 1066 463 ἐκδιδοῦσαν,
1111 408 1436 465 ἀναφαίνεσθαι

174 481 395 536 ἐν’Ἀργεϊ,
423 479 470 523 τὸ
502 479 706 521 ἐνθεῦτεν
735 479 780 522 δὲ
819 478 868 522 τό
900 477 1023 531 ὕδωρ
1062 477 1146 534 ἤδη
1176 482 1307 522 τοῦτο
1351 477 1432 521 ὑπ’

171 548 374 606 Ἀργείων
409 546 636 601 Ἐρασῖνον
678 546 933 590 καλέεσθαι·
983 546 1244 602 ἀπικόμενος
1282 545 1325 590 δ’
1365 542 1428 590 ὧν
1444 554 1489 588 80

172 616 195 661 ὁ
228 615 470 671 Κλεομένης
498 613 567 656 ἐπὶ
598 613 678 657 τόν
696 613 896 670 ποταμόν
932 618 1110 666 τοῦτον,
1151 613 1431 670 ἐσφαγιάζετο

171 683 307 742 αὐτῷ·
351 683 425 726 καὶ
466 681 521 726 ου’
550 682 635 737 γάρ
680 680 883 737 οὐδαμῶς
922 681 1161 737 ἐκαλλιέρεε
1192 683 1432 737 διαβαίνειν

166 769 262 808 μιν,
303 751 493 807 ἄγασθαι
521 751 600 804 μὲν
629 750 713 806 ἔφη
746 755 835 808 τοῦμ
853 749 1083 803 Ἐρασίνου
1114 750 1166 794 οὐ
1196 750 1429 804 προδιδόν-

164 837 237 872 τος
262 819 365 870 τούς
390 817 618 874 πολιήτας,
647 817 861 874 Ἀργείους
886 818 1034 874 μέντοι
1065 817 1164 862 οὐδ’
1197 817 1256 869 ὦς
1284 817 1429 875 χαιρή-

136 895 271 932 3σειν.
322 886 427 943 μετὰ
459 886 505 930 δὲ
540 890 678 929 ταῦτα
709 886 1058 942 ἐξαναχωρήσας,
1100 885 1182 943 τήν
1222 886 1484 943 στρατιὴνὸὅ

163 955 373 1012 κατήγαγε
404 955 446 1006 ἐς
471 955 660 1011 Θυρέην·
691 954 1045 1010 σφαγιασάμενος
1076 955 1121 998 δὲ
1151 958 1204 1012 τῇ
1224 954 1427 1012 θαλάσσῃ

162 1028 348 1080 ταῦρον,
379 1025 571 1066 πλοίοισί
600 1035 735 1080 σφεας
764 1023 896 1080 ἤγαγε
927 1023 970 1074 ἒς
999 1039 1043 1067 τε
1069 1023 1148 1079 τὴν
1181 1024 1428 1079 Τιρυνθίην

103 1196 265 1232 Pausan.
287 1196 387 1244 VIII,
418 1199 472 1237 22
502 1198 539 1242 §.
561 1199 585 1237 3
606 1211 646 1248 p.
667 1200 763 1238 263.

104 1254 148 1289 Iu
170 1251 240 1289 hac
267 1254 427 1289 convalli
456 1254 594 1301 lacum,
616 1255 763 1305 pluvia.

101 1323 189 1345 rum
208 1317 379 1360 tempore
403 1312 627 1347 torrentibus
646 1312 763 1348 influ-

104 1367 252 1403 entibus
279 1369 365 1403 satis
395 1374 625 1412 extensum,
675 1370 764 1404 oriri

101 1424 154 1460 sic
184 1425 269 1460 satis
286 1431 421 1461 notum
442 1431 515 1472 est3
547 1426 651 1461 cuius
673 1439 762 1461 cum

100 1480 249 1516 nullum
271 1482 417 1517 exitum
437 1480 628 1529 viderent,
668 1481 758 1518 inde

100 1548 240 1588 aquam
266 1538 509 1574 subterraneo
541 1551 652 1574 cursu
687 1537 758 1574 de-

98 1592 187 1629 ferri
225 1600 262 1630 et
287 1607 407 1644 prope
440 1595 562 1644 Argos
598 1594 758 1631 demum

96 1650 266 1700 prosilire
287 1652 378 1687 olim
394 1650 672 1699 fabulabantur,
685 1651 758 1689 ho-

97 1705 234 1758 dieque
273 1709 388 1744 etiam
425 1707 592 1745 tradunt.
669 1708 756 1746 Vid.

97 1764 284 1801 Mannert.
306 1765 444 1814 Geogr.
468 1766 552 1801 VIII
573 1777 660 1815 pag.
673 1764 756 1805 447

95 1832 201 1871 seqq.
213 1821 309 1861 641.
338 1823 394 1857 De
406 1821 560 1858 Erasino
570 1822 671 1858 conf.
682 1834 758 1871 po-

96 1877 284 1913 tissimum
313 1878 449 1915 Strabo
482 1879 569 1915 VIII
610 1892 649 1929 p.
672 1879 754 1919 569

98 1932 140 1970 C.
174 1947 203 1969 s.
234 1947 273 1984 p.
305 1936 382 1975 371
416 1935 462 1972 A.
495 1942 531 1971 et
559 1948 596 1985 p.
619 1937 698 1975 389
719 1948 750 1971 s.

97 1989 176 2030 596
194 1990 236 2026 C.
258 1989 305 2026 de
325 1992 417 2028 urbe
429 1990 641 2042 Stymphala
650 1993 756 2028 Pau—

95 2058 175 2083 san.
205 2047 313 2094 VIII,
344 2050 399 2088 22
419 2049 506 2085 coll.
538 2048 687 2087 Aelian.
708 2049 754 2086 V.

96 2103 144 2140 H.
164 2103 211 2149 11,
233 2106 300 2143 33.

151 2155 201 2197 ου’
221 2156 294 2210 γοέρ
319 2155 505 2210 ου’δαμῶς
517 2159 751 2214 ἐκαλλιέρεε]

96 2214 121 2253 ἰ.
144 2228 176 2252 e.
218 2228 325 2265 neque
356 2219 445 2255 enim
479 2219 641 2255 sinebant
667 2222 752 2256 exta

95 2273 242 2308 transvre
264 2274 411 2323 flumen.
451 2273 563 2320 Quod
589 2276 640 2311 ita
660 2288 752 2325 pro—

95 2326 166 2364 fert
186 2326 376 2393 Thucyd.
396 2331 441 2378 V,
463 2330 538 2372 5:4
577 2347 624 2370 τα
662 2332 751 2370 δια-

97 2379 265 2448 βατηρια
287 2385 513 2436 θυομένους
542 2384 592 2426 ου’
623 2403 751 2438 πρου-

94 2435 222 2491 χώρει,
236 2441 454 2487 coll.V,55.
468 2446 561 2483 116.
589 2445 749 2491 „Quan-

96 2495 145 2532 do
168 2497 271 2532 enim
281 2498 404 2534 hostias
424 2500 534 2535 caesis
546 2499 637 2538 laeta
648 2505 748 2538 erant

96 2555 200 2599 exta,
224 2549 404 2592 θύεσθαι
431 2552 497 2593 καὶ
507 2558 750 2621 καλλιερεῖν,

96 2606 312 2656 θυομένοις
338 2607 438 2648 καλα
469 2626 515 2648 τα
540 2609 624 2661 ἵερα
646 2613 752 2663 γενέ-

98 2666 196 2700 σθαι
220 2663 433 2702 dicuntur.“
492 2668 595 2703 Haec
615 2667 748 2707 Valck.

97 2717 146 2754 ad
173 2719 254 2766 Vll,
288 2721 387 2768 134,
417 2723 481 2759 ubi
510 2724 674 2773 plurima
704 2723 752 2761 de

96 2772 170 2811 hoc
197 2775 379 2827 loquendi
406 2790 546 2828 genere
575 2779 751 2831 disputat.

818 1196 920 1234 Add.
952 1198 996 1234 C.
1018 1198 1062 1234 Ο.
1083 1199 1233 1234 ΜὶίΙΙει-.
1265 1198 1356 1233 Dor.
1385 1198 1420 1233 II
1440 1211 1480 1248 p.

819 1254 914 1294 437.
972 1256 1033 1290 Ex
1063 1254 1257 1291 Herodoto
1285 1255 1386 1290 conf.
1417 1255 1480 1301 VI,

820 1312 975 1359 82.1x‚
1000 1314 1064 1352 16.
1087 1313 1154 1352 38.
1180 1312 1246 1352 95.
1281 1312 1362 1358 vn,
1388 1311 1480 1351 134.

818 1369 897 1404 Nec
934 1369 1041 1404 aliter
1069 1369 1148 1404 fere
1177 1368 1239 1416 VI,
1275 1371 1381 1415 1123
1411 1368 1479 1406 καὶ

818 1420 866 1462 τὰ
899 1423 1052 1479 σφάγια
1085 1423 1232 1477 ἐγίνετο
1258 1422 1358 1463 καλοὶ
1390 1426 1477 1465 coll,

813 1482 883 1527 IX,
915 1482 983 1522 45.
1022 1484 1087 1521 61.
1121 1484 1187 1522 62.
1264 1483 1309 1517 In
1340 1482 1478 1533 quibus

814 1538 930 1587 vulgo
951 1539 1130 1588 supplent
1155 1535 1201 1576 τοὶ
1225 1535 1326 1589 ἱεροί.
1390 1538 1477 1576 vid.

814 1592 1010 1631 Schaefer.
1045 1593 1093 1631 ad
1121 1595 1256 1631 Lamb.
1278 1596 1365 1632 Bos.
1386 1608 1475 1646 pag.

813 1653 908 1691 213.
966 1652 1092 1688 Latini
1112 1652 1219 1689 litare
1239 1651 1392 1700 dicunt,
1428 1652 1476 1689 de

815 1720 891 1758 quo
912 1707 990 1744 vid.
1020 1709 1158 1746 Graev.
1192 1710 1232 1745 in
1254 1710 1362 1746 Suet.
1386 1709 1473 1747 Oth.

814 1766 854 1805 8.
887 1764 1133 1816 Oudendolp.
1167 1765 1216 1802 ad
1244 1767 1389 1803 Lucan.
1410 1768 1474 1814 VI,

813 1819 908 1860 524.
928 1843 984 1848 -
1015 1823 1060 1857 In
1090 1826 1265 1873 proxime
1298 1836 1405 1875 seqq.
1425 1823 1474 1860 ad

812 1873 989 1928 ἄγασθαι
1020 1880 1120 1916 conf.
1148 1877 1285 1917 Matth.
1315 1881 1381 1917 Gr.
1406 1881 1474 1917 Gr.

812 1933 850 1978 §-
871 1936 951 1974 317
971 1948 1059 1985 pag.
1082 1938 1178 1976 625

869 2019 953 2063 οὐδ’
992 2022 1048 2072 ὥς
1079 2022 1312 2077 χαιρήσειν]
1363 2027 1389 2063 i.
1436 2041 1469 2064 e..

809 2080 964 2129 Argivos
984 2086 1098 2119 tamen
1119 2096 1162 2120 ηε
1185 2085 1236 2119 sic
1259 2083 1392 2133 quidem
1408 2086 1471 2121 im-

802 2150 898 2187 pune
933 2151 1109 2175 evasuros.
1177 2139 1287 2177 Conf.
1323 2142 1387 2189 III,
1415 2143 1469 2182 29

807 2195 898 2246 ibiq.
919 2203 1002 2232 nott
1023 2203 1060 2232 et
1081 2195 1128 2232 ad
1139 2195 1344 2234 formulam
1366 2193 1472 2237 οὔδ’

809 2248 842 2289 (Β
855 2266 874 2297 ς
894 2253 1052 2289 Homer.
1076 2252 1145 2290 Od.
1163 2255 1192 2301 I,
1207 2254 1244 2294 5.
1276 2253 1470 2306 Aristoph.

806 2308 906 2345 Nub.
929 2310 1023 2358 523,
1045 2323 1094 2346 ne
1114 2311 1237 2361 plura.

860 2389 1028 2439 ταῦρον]
1050 2391 1241 2439 Neptuno,
1255 2391 1368 2427 maris
1380 2389 1465 2438 deo,

804 2446 992 2482 maximas
1032 2447 1204 2483 victimas
1242 2460 1285 2483 ac
1316 2448 1467 2498 potissi-

804 2514 916 2538 mum
946 2509 1073 2540 tauros
1107 2502 1214 2540 caedi
1233 2504 1359 2555 plures
1378 2512 1471 2541 mo-'

806 2565 984 2596 fluerunt.
1018 2560 1126 2596 Conf.
1151 2561 1324 2598 Creuzer.
1344 2560 1465 2612 Sym-

807 2614 883 2651 bol.
899 2616 933 2650 II
953 2628 1040 2666 pag.
1063 2615 1144 2657 594
1165 2624 1244 2655 not.
1265 2615 1359 2658 245.
1389 2619 1464 2653 He-

806 2670 963 2708 rodotea
993 2674 1115 2723 attigit
1141 2672 1315 2711 Eustath.
1345 2673 1392 2709 ad
1419 2673 1463 2709 Il.

806 2739 842 2776 p.
867 2730 985 2775 1227,
1017 2731 1069 2770 35
1091 2743 1120 2766 s·
1146 2733 1273 2776 1311,
1302 2732 1368 2776 27,
1400 2729 1465 2779 qui

806 2781 910 2819 idem
929 2796 1017 2834 pag.
1034 2787 1152 2832 1233,
1174 2784 1227 2825 57
1250 2785 1296 2821 de
1311 2785 1464 2822 victima
