1897 3340
315 755 382 800 26

111 832 275 860 pedestres
284 831 364 866 copi-

111 874 149 895 ae
171 866 202 892 in
222 865 382 901 Cappado—

110 900 200 933 ciam,
217 899 254 926 ad
275 899 359 934 oppi-

112 933 179 960 dum
199 933 326 968 Critala,

337 1325 340 1329 -
385 1307 520 1353 fiebat,
551 1307 613 1353 lv,
658 1308 721 1345 12.
751 1305 817 1345 45.

439 241 522 281 482

835 238 1295 276 IIERODOTI

438 347 781 404 ἐπιτηδειότατον
822 349 910 402 εἴη,
949 347 1080 391 ἄλλον
1110 345 1216 402 ἄλλῃ
1259 345 1513 402 ἀγινέοντας
1544 344 1699 390 ὁλκάσι
1713 355 1756 387 80

406 421 483 458 3τε
510 415 584 458 καὶ
612 416 897 469 πορθμηίοισι
917 416 963 460 ἐκ
993 419 1068 470 τῆς
1094 413 1244 469 Ἀσίης
1275 414 1567 469 πανταχόθεν.
1621 413 1700 457 τὸν

441 484 488 526 δὲ
526 478 586 525 ὧν
623 485 826 525 πλεῖστον
864 482 907 533 ἐς
937 482 1109 538 Λευκὴν
1151 481 1304 536 Ἀκτὴν
1341 480 1606 537 καλεομένην
1625 485 1701 536 τῆς

443 552 633 605 Θρηΐκης
673 545 871 602 ἀγίνεον,
913 552 957 593 οἱ
1001 550 1045 593 δὲ
1079 550 1120 600 ἐς
1155 548 1399 602 Τυρόδιζαν
1427 550 1507 604 τήν
1538 553 1702 602 Περιν-

438 619 574 668 θίων,
614 619 657 660 οἱ
688 615 733 658 δὲ
761 615 803 667 ἐς
832 620 1078 670 Δορίσκον,
1120 619 1162 660 οἱ
1192 617 1236 660 δὲ
1268 618 1308 667 ἐς
1334 616 1488 659 Ἠϊόνα
1523 615 1602 673 τὴν
1633 615 1702 660 ἐπὶ

441 682 688 738 Στρυμόνι,
720 685 763 727 οἱ
792 685 838 727 δὲ
868 684 910 735 ἐς
940 687 1222 740 Μακεδονίην
1254 684 1590 738 διατεταγμένοι.

521 750 594 793 Ἐν
637 754 698 806 τῷ
729 752 774 795 δὲ
808 749 936 795 οὗτοι
965 753 1042 795 τὸν
1081 753 1369 806 προκείμενον
1399 751 1539 794 πόνον
1582 748 1758 805 ἔργά-85
1861 795 1880 806 Ἴ,

441 821 581 870 ζοντο,
623 818 670 861 ἐν
698 818 839 877 τούτῳ
881 820 904 863 ὁ
943 820 1069 873 πεζὸς
1112 820 1224 869 ἅπας
1255 817 1584 874 συλλελεγμένος
1614 817 1704 873 ἅμα
1761 816 1862 863 523}

441 886 578 950 Ξέρξῃ
619 885 848 940 ἐπορεύετο
890 886 934 937 ἐς
976 887 1165 943 Σάρδις,
1207 886 1254 929 ἐκ
1298 888 1551 941 Κριτάλλων
1570 884 1702 941 ὁρμη-

441 1080 734 1132 πορθμηῖὀισι]
774 1080 1042 1129 Intelliguntur

384 1141 547 1187 navigia,
566 1141 787 1187 pontones,ut
808 1136 907 1187 apud
929 1135 1042 1172 Diod.

385 1196 487 1242 XIV,
509 1193 574 1234 74.
619 1194 705 1230 Alio
723 1207 835 1230 sensu
856 1192 957 1228 idem
973 1205 1044 1228 vo-

386 1251 567 1288 cabulum
589 1248 636 1286 de
657 1250 760 1296 locis,
785 1250 848 1285 ubi
868 1251 1045 1284 traiectus

875 1307 917 1340 In
945 1305 1047 1342 San-

386 1364 496 1401 crofti
516 1363 611 1399 libro
642 1368 762 1398 exstat
782 1357 1046 1410 πορθμήϊσιν.

443 1419 482 1466 ἐς
504 1415 669 1467 Λευκὴν
688 1413 845 1467 Ἀκττὶπι]
879 1420 961 1454 Hoc
983 1429 1048 1453 ca-

386 1477 560 1523 stellum,
598 1475 704 1511 cuius
736 1476 849 1510 etiam
872 1474 1049 1509 meminit

385 1534 517 1584 Lysias
548 1538 669 1569 contr.
700 1531 822 1566 Alcib.
844 1532 933 1570 Des.
957 1528 1046 1566 ord.

386 1603 424 1640 p.
461 1587 552 1633 142,
590 1590 652 1631 16,
682 1600 794 1636 supra
823 1585 1047 1623 Chersonesi

385 1643 570 1682 isthmum
591 1642 639 1678 ad
670 1642 947 1691 Propontidem
967 1642 1049 1677 col-

385 1702 487 1738 locat
511 1700 653 1749 Scylax
681 1700 718 1743 §.
746 1700 798 1738 68
819 1712 856 1748 p.
878 1700 930 1737 28
961 1710 1049 1747 pag.

387 1759 464 1798 281
481 1756 578 1792 Gail.
600 1754 723 1791 Hodie
733 1755 929 1791 castellum
949 1754 1050 1790 San-

389 1813 439 1849 cti
459 1812 614 1861 Georgii
635 1810 708 1848 dici
720 1818 845 1847 narrat
861 1811 1051 1846 Mannert.

388 1870 414 1908 l.
436 1869 462 1905 l.
479 1870 546 1905 vll
575 1881 613 1918 p.
639 1866 730 1913 184,
760 1869 820 1903 cui
848 1865 935 1903 add.
956 1867 1052 1902 Lar-

390 1923 494 1963 cher.
532 1924 631 1965 Tab.
674 1924 812 1974 Geogr.
846 1936 875 1959 s.
895 1935 933 1959 v,
960 1934 1048 1973 pag.

389 1983 486 2021 298.
519 1980 755 2031 Tyrodizam,
786 1992 884 2030 quae
905 1977 953 2014 ad
974 1980 1051 2014 Pe—

389 2036 506 2073 rinthi
528 2036 714 2073 ditionem
735 2036 915 2086 pertinuit
929 2064 938 2081 ,
958 2047 1051 2085 pro-

389 2106 438 2144 pe
472 2091 689 2139 Serrhium,
728 2093 793 2128 ubi
813 2091 949 2128 desinit
969 2093 1052 2127 Do-

390 2150 475 2185 risci
497 2162 561 2185 ora
582 2148 820 2185 occidentem
841 2160 967 2184 versus
998 2148 1050 2183 si-

391 2212 470 2241 tam
500 2205 612 2241 fuisse
632 2217 653 2240 e
674 2203 806 2254 steph.
839 2205 933 2253 Byz.
954 2216 984 2242 s,
1012 2215 1049 2240 v·

393 2273 481 2310 pag.
503 2263 586 2300 722
610 2261 807 2309 colligunt.
866 2260 924 2294 Cf.
956 2260 1052 2294 Gat-

394 2323 505 2352 terer.
527 2316 551 2352 l.
573 2317 598 2351 l.
620 2329 655 2365 p.
677 2318 742 2356 60.
766 2317 834 2355 61.
887 2315 996 2350 Nunc
1018 2314 1052 2349 ei

394 2384 536 2408 nomen
567 2384 645 2407 esse
672 2370 900 2408 Feredschick
946 2376 1053 2406 notat

395 2429 426 2465 1.
449 2426 496 2464 de
518 2429 714 2464 Halniner.
737 2428 875 2463 Histor.
897 2426 1052 2464 Osman.

396 2486 413 2520 Ι
434 2497 471 2533 p.
495 2486 587 2524 166.
608 2485 665 2519 De
698 2483 839 2520 Dorisco
858 2481 933 2521 vid.
957 2489 1053 2519 nott.

397 2539 446 2576 ad
467 2540 511 2585 V,
542 2541 610 2579 98.

454 2594 492 2641 ἐς
511 2591 660 2634 Ἠϊόνα
672 2589 745 2642 την
760 2592 824 2632 ἐπὶ
834 2588 1052 2644 Στρυμόνι]

397 2651 577 2688 Consulto
606 2652 740 2687 Noster
769 2649 916 2686 videtur
944 2649 1055 2686 addi-

399 2707 495 2744 disse
515 2704 588 2756 τὴν
620 2705 685 2745 ἐπὶ
718 2703 938 2756 Στρυμόνιε
978 2719 1053 2757 quo

400 2763 498 2800 hanc
525 2764 687 2799 Eiouem
707 2763 754 2798 ab
776 2775 841 2809 ea,
879 2774 975 2813 quae
1017 2764 1053 2797 in

399 2821 520 2856 Pieria
540 2832 657 2870 prope
686 2818 778 2854 lines
797 2819 1055 2856 Bottiaeorum

1100 1086 1135 1115 et
1162 1077 1470 1115 Chalcidensium
1496 1079 1565 1115 sita
1595 1078 1665 1114 fuit
1693 1089 1760 1113 co-

1100 1137 1203 1172 lonia
1223 1134 1499 1171 Mendaeorum
1512 1165 1521 1182 ,
1553 1132 1764 1183 distingue-

1101 1198 1181 1239 ret,
1226 1191 1324 1227 Eion
1368 1190 1574 1241 Strymonia
1614 1190 1763 1226 colonia

1102 1248 1172 1284 fuit
1214 1246 1510 1283 Atheniensium
1555 1258 1764 1297 eorumque

1105 1305 1219 1340 etiam
1240 1305 1279 1339 in
1297 1310 1478 1353 potestate
1507 1303 1577 1339 fuit
1608 1315 1675 1353 per
1704 1309 1765 1338 to-

1104 1368 1187 1397 tum
1208 1360 1353 1396 bellum
1383 1359 1764 1410 Peloponnesiacum,

1106 1415 1228 1454 donec
1259 1430 1280 1452 a
1318 1417 1532 1453 Laconibus
1570 1422 1767 1466 caperetur

1106 1474 1259 1524 Olymp.
1281 1473 1418 1509 XCIII.
1455 1474 1537 1509 Sita
1557 1472 1628 1508 fuit
1646 1484 1766 1522 prope

1105 1542 1224 1577 mare,
1235 1531 1288 1566 ita
1306 1536 1348 1565 ut
1359 1530 1444 1565 urbi
1454 1527 1677 1579 Amphipoli
1688 1540 1766 1564 non

1105 1586 1220 1634 longe
1263 1592 1432 1622 remotae
1471 1592 1624 1636 portum
1653 1596 1767 1635 prae-

1105 1643 1194 1678 bere
1224 1654 1386 1692 eamque
1416 1644 1538 1691 ipsam
1579 1641 1626 1677 ab
1660 1639 1766 1677 omni

1104 1698 1251 1747 impetu
1273 1710 1293 1732 e
1313 1698 1410 1733 mari
1441 1703 1613 1747 suscepto
1643 1702 1767 1732 tutam

1105 1760 1293 1803 praestare
1338 1761 1476 1803 posset.
1533 1755 1644 1789 Nunc
1682 1753 1767 1788 loco

1106 1822 1250 1846 nomen
1278 1810 1458 1846 Contessa.
1492 1809 1602 1846 Conf-
1624 1807 1767 1844 Herod.

1107 1866 1189 1911 VII,
1222 1868 1315 1906 113.
1346 1866 1446 1912 VIII,
1482 1868 1560 1907 118
1592 1871 1629 1902 et
1655 1866 1769 1900 Man-

1107 1928 1204 1959 nert.
1224 1922 1249 1958 l.
1271 1922 1377 1958 1.V11
1395 1936 1432 1972 p.
1446 1920 1539 1962 240.
1560 1922 1707 1971 Poppo.
1721 1919 1769 1957 ad

1107 1977 1329 2029 Thucydid.
1363 1979 1391 2023 1,
1423 1981 1449 2018 2
1474 1990 1561 2028 pag.
1593 1978 1673 2018 350
1702 1975 1769 2024 (ad

1107 2033 1290 2085 Thucyd.
1327 2035 1357 2080 I,
1379 2036 1432 2074 98
1453 2047 1490 2083 p.
1519 2036 1600 2074 203
1631 2033 1767 2082 Gerv.)

1107 2092 1194 2128 coll.
1209 2091 1272 2139 lV,
1294 2094 1319 2131 7
1339 2091 1468 2141 ibique
1488 2095 1584 2126 nott.

1309 2178 1401 2228 Cap.
1421 2178 1563 2216 XXVI.

1165 2254 1207 2294 ἐκ
1231 2252 1491 2306 Κριτάλλων]
1538 2257 1595 2293 lta
1623 2269 1645 2292 e
1680 2256 1769 2292 Flo-

1108 2319 1204 2351 rent.
1225 2313 1382 2364 aliisque
1392 2311 1566 2349 dedimus
1584 2324 1652 2362 pro
1664 2313 1768 2362 vulg.

1113 2364 1333 2418 Κριτάλων.
1391 2369 1515 2414 Quem
1534 2370 1676 2415 locum,
1698 2369 1769 2404 ali-

1110 2423 1212 2460 unde
1233 2438 1310 2460 non
1332 2426 1541 2475 cognitum,
1574 2424 1622 2461 ad
1642 2425 1770 2461 orien-

1109 2482 1225 2517 talem
1257 2482 1398 2533 Ilalyos
1435 2481 1539 2518 fluvii
1568 2482 1690 2532 ripam
1717 2481 1769 2517 si-

1110 2544 1193 2573 tum
1214 2538 1326 2574 fuisse
1345 2538 1393 2575 ad
1406 2540 1525 2588 ipsam
1540 2538 1655 2584 viam,
1672 2549 1770 2588 quae

1113 2594 1216 2630 Susis
1237 2593 1397 2631 ducebat
1413 2593 1570 2640 Sardes,
1599 2594 1768 2643 suspica-

1110 2656 1171 2687 tur
1199 2652 1358 2687 Rennel.
1388 2651 1413 2687 l.
1440 2652 1464 2686 l.
1485 2662 1571 2699 pag.
1593 2648 1694 2696 527,
1722 2660 1767 2685 eo

1112 2707 1189 2742 sere
1200 2707 1283 2743 loco
1299 2707 1553 2757 probabiliter,
1575 2718 1651 2756 quo
1663 2711 1769 2755 post-

1113 2776 1156 2798 ea
1186 2763 1377 2800 invenitur
1407 2765 1667 2800 Romanorum
1702 2772 1769 2797 co-

1112 2819 1215 2856 lonia
1245 2820 1446 2866 Archelais,
1481 2819 1540 2855 cui
1572 2830 1675 2854 nunc
1695 2828 1767 2854 uo-

1862 997 1864 1020 r

1860 1021 1864 1051 ἲ
