1897 3340
0 2596 29 2657 i}
7 2522 27 2589 τῇ»
0 2324 27 2502 -ςεὶΰτῑςν-
7 2285 11 2312 -ν

27 2955 35 2992 ,«

92 347 203 382 Lycum
222 346 276 373 flux
287 347 347 375 ium

90 381 244 408 hauriens.
271 382 329 415 Cy-

90 414 197 440 drum:
219 415 363 449 iuxtaque

89 447 246 474 confinium
266 448 362 483 Phry-

90 481 159 516 giae
172 482 360 518 Lydiacque.

292 881 353 924 31

88 943 275 977 Gallawbus,
285 944 359 971 mvl-

87 977 125 1003 lis
144 978 332 1004 confectione

87 1011 222 1037 celebris.
257 1012 359 1038 Plata-

88 1053 142 1071 nus
160 1044 345 1079 spa—cindasi-

88 1086 147 1111 ma,
168 1086 187 1105 a
201 1078 300 1106 Xerxe
319 1086 352 1104 or

87 1115 170 1139 nata.

419 229 503 269 488

833 227 1294 264 HERODOTI

422 351 586 385 νονται,
617 334 792 379 ἀπίκετο
824 335 868 386 ἐς
896 334 1138 386 Κολοσσὰς,
1168 333 1299 378 πόλιν
1323 333 1513 391 μεγάλην
1548 338 1675 391 Φρυ-
1732 339 1813 382 525
1852 331 1866 383 ἱ,

417 405 526 461 γίης,
559 403 606 447 ἐν
634 407 687 460 τῇ
717 402 865 454 Λύκος
892 402 1085 458 ποταμὸς
1115 403 1156 453 ἐς
1183 400 1323 457 χάσμα
1351 405 1429 457 γῆς
1458 402 1679 459 ἐσβάλλων

399 470 693 527 ’ἀφανίζεται’
747 470 888 513 ἔπειτα
926 469 998 513 διὰ
1037 471 1224 513 σταδίων
1257 469 1314 520 ὥς
1343 469 1467 513 πέντε
1496 470 1678 525 μάλιστά

417 556 472 596 κη
503 537 879 594 ἀναφαινόμενος,
911 536 1077 580 ἐκδιδοῖ
1102 537 1175 580 καὶ
1202 532 1332 588 οὗτος
1371 537 1412 588 ἐς
1447 536 1524 580 τὸν
1561 540 1676 582 Μαί-

388 613 411 646 2
424 608 599 660 ανδρον.

658 606 704 648 ἐκ
743 604 789 647 δὲ
836 603 1099 647 Κολοσσέων
1142 603 1415 660 ὁρμεώμενος
1445 605 1469 647 ὁ
1499 605 1733 659 στρατὸς50

417 674 485 718 ἐπὶ
514 673 619 722 τούς
647 671 810 725 οὔρους
838 675 926 714 τῶν
961 673 1151 726 Φρυγῶν
1179 673 1360 715 καὶτῶν
1380 675 1552 726 Λυδῶν,
1584 672 1675 717 ἀπί-

417 756 515 783 κετο
545 739 587 789 ἐς
617 738 829 792 Κύδραρα
859 737 1008 782 πόλιν·
1031 738 1140 782 ἔνθα
1171 738 1302 796 στήλη
1331 746 1675 797 καταπεπηγυῖα,

420 811 626 850 σταθεῖσα
656 806 702 849 δὲ
739 805 828 850 ὑπὸ
858 807 1079 860 Κροίσου,
1129 807 1392 862 καταμηνύει
1432 806 1503 851 διὰ
1543 825 1701 863 γραμ->

415 874 563 929 μάτων
603 871 708 924 votis
749 872 931 926 οὔρους.
985 872 1062 925 Ὡις
1101 875 1147 917 δὲ
1187 874 1233 917 ἐκ
1261 879 1337 930 τῆς
1369 877 1563 932 Φρυγίης
1592 874 1675 919 ἐσέ-

418 1180 644 1233 Κολοσσοὶς,
681 1179 800 1224 πόλιν
824 1179 1016 1236 μεγάλην]

359 1240 504 1277 Vocem
532 1236 725 1292 μεγάλην,
758 1253 856 1291 quae
876 1253 896 1276 a
918 1239 1018 1277 duo-

336 1329 339 1334 .
362 1297 430 1333 bus
452 1295 561 1335 codd.
577 1298 679 1334 abest
696 1303 731 1333 et
751 1297 790 1332 iu
805 1297 935 1333 Vallae
954 1298 1016 1333 iu·-

358 1354 626 1404 terpretatione
665 1354 868 1401 omittitur,
918 1354 1017 1390 bene

360 1417 487 1446 tuetur
515 1410 791 1460 Wesseliugius
827 1410 913 1446 loco
934 1411 1018 1446 Xe-

359 1465 565 1516 nophontis
591 1467 647 1515 (in
666 1467 832 1503 Anabas.
851 1468 881 1514 Ι,
902 1468 940 1515 2,
963 1464 1018 1519 6‚)

361 1523 605 1574 quIColossas
624 1530 735 1563 vocat
746 1518 860 1562 πόλιν
883 1522 1020 1561 οἰκου-

361 1577 609 1629 μένην-καὶ
623 1575 811 1630 μεγάλην.
823 1578 1019 1616 Add.Dio-

360 1634 442 1671 dor.
472 1635 572 1682 XIV,
598 1638 648 1676 18
670 1642 706 1672 et
727 1636 852 1672 Strab.
882 1636 955 1671 XII
977 1649 1015 1685 p.

360 1689 440 1731 864
459 1692 503 1727 Β.
526 1704 555 1730 s.
577 1691 672 1738 576,
694 1692 798 1727 cuius
819 1698 940 1727 aetate
950 1705 1017 1728 ur-

361 1747 447 1783 bem
462 1748 539 1783 iam
556 1746 763 1784 decrevisse
776 1748 910 1784 merito
923 1761 1017 1784 con-

359 1804 480 1850 iicias,
511 1816 609 1855 quae
629 1798 762 1840 eadem
775 1805 933 1841 Neronis
952 1817 1018 1840 ae-

358 1866 434 1895 tate
454 1872 596 1910 magno
617 1866 736 1896 terrae
757 1867 865 1897 motu
886 1862 1017 1896 couci-

359 1914 454 1952 derit
474 1929 599 1967 neque
613 1917 659 1952 ab
677 1929 721 1953 eo
738 1915 825 1952 inde
845 1923 1017 1967 tempore

357 1972 577 2011 refloruerit.
637 1971 748 2019 Quod
769 1974 871 2008 enim
895 1986 916 2009 a
936 1974 1017 2009 Pli-

356 2029 420 2063 nio
457 2031 504 2067 H.
535 2030 582 2065 N.
611 2030 657 2078 V,
690 2031 743 2069 32
765 2028 855 2078 (41)
878 2030 915 2075 ξ.
940 2028 1018 2070 145

358 2085 610 2122 celeberrimis
621 2084 766 2136 oppidis
787 2091 1017 2132 accensetur,

360 2139 395 2175 id
418 2140 465 2177 ad
496 2143 620 2190 priora
641 2142 809 2177 retuleris
831 2148 1015 2191 tempora.

359 2195 440 2232 Sita
468 2197 538 2234 fuit
567 2198 655 2234 urbs
684 2198 722 2233 in
753 2209 797 2232 ea
839 2196 1018 2247 Phrygiae

358 2264 508 2300 magnae
520 2260 738 2304 parte‚quae
748 2253 816 2288 sub
832 2253 1017 2289 Constan-

359 2309 410 2343 tio
435 2308 615 2357 l-'lerygiae
638 2310 854 2357 pacatianae
874 2321 1016 2344 nomen

359 2365 551 2410 assumsit,
599 2377 619 2400 a
646 2363 835 2400 Laodicea
870 2371 1016 2414 sepiem

361 2418 459 2456 horis
480 2419 638 2466 distans,
661 2432 777 2469 prope
799 2420 1017 2469 Hierapolin

358 2483 470 2527 alque
492 2477 714 2526 Apameam.
757 2476 827 2520 Qui
848 2489 950 2512 nunc
967 2477 1017 2512 ibi

360 2533 543 2582 reperitur
583 2533 686 2568 vicus
724 2544 813 2567 cum
849 2533 1014 2578 castello,

359 2587 495 2625 dicitur
531 2589 674 2624 (shows.
744 2589 855 2623 Plura
898 2588 1015 2624 «lisse—

359 2645 431 2681 ruit
474 2646 628 2681 Carolus
661 2643 786 2680 Baeln·
819 2646 854 2679 in
898 2646 1016 2681 intro-

359 2700 461 2737 duct.
494 2700 541 2737 ad
575 2702 806 2738 Commentt.
840 2702 876 2735 in
912 2702 1016 2737 Pauli

356 2757 474 2807 Epist.
497 2756 544 2793 ad
565 2758 704 2794 coloss.
728 2757 860 2804 (ssasil.
896 2760 1016 2807 1832)

357 2826 444 2864 pag.
472 2813 610 2854 1-4,
643 2833 691 2841 —
737 2811 837 2849 Add.
864 2814 1015 2850 VViner.

417 945 521 997 βαλε
561 941 601 992 ἐς
641 942 718 996 τὴν
747 942 927 997 Λυδίην,
968 941 1215 997 σχιζομένης
1243 946 1320 998 τῆς
1349 943 1475 995 ὁδοῦ,
1506 944 1582 986 καὶ
1607 948 1733 999 τῆς55

417 1008 495 1064 μὲν
531 1008 573 1059 ἐς
609 1008 842 1065 ἀριστερὴν
880 1008 949 1052 ἐπὶ
978 1010 1147 1066 Καρίης
1179 1009 1411 1067 φερούσης,
1455 1015 1530 1067 τῆς
1560 1011 1606 1056 δὲ
1635 1012 1679 1063 ἐς

1072 1183 1253 1222 Biblisch.
1273 1185 1541 1222 Realwo'rterb.
1561 1185 1579 1221 I
1595 1199 1634 1236 p.
1650 1188 1727 1226 791

1074 1241 1133 1279 ed.
1173 1240 1330 1279 secund.
1371 1243 1427 1277 De
1476 1241 1578 1293 Lyco
1616 1242 1732 1279 ssuvio

1073 1298 1174 1335 conf.
1206 1298 1331 1335 strab.
1363 1299 1438 1335 XII
1464 1311 1504 1349 p.
1537 1298 1618 1340 578
1640 1299 1681 1336 C.
1703 1311 1733 1335 s.

1073 1357 1154 1395 867
1184 1355 1231 1392 Β.

1132 1439 1199 1482 διὰ
1238 1443 1435 1492 σταδίων]
1479 1442 1564 1480 vid.
1598 1441 1732 1479 Matth.

1076 1500 1140 1538 Gr.
1164 1501 1229 1537 Gr.
1251 1513 1337 1550 pag.
1363 1501 1482 1541 1050.
1537 1501 1630 1536 Mox
1646 1513 1734 1536 cum

1075 1555 1293 1606 Schweigh.
1317 1563 1353 1592 et
1374 1556 1489 1592 Gaisf.
1513 1555 1600 1593 dedi
1619 1555 1734 1595 πέντε

1075 1610 1241 1662 μάλιστά
1276 1628 1349 1662 κη,
1384 1613 1450 1649 ubi
1480 1613 1595 1663 vulgo
1617 1608 1734 1663 μάλι-

1078 1664 1148 1707 στα
1174 1683 1224 1718 κη
1244 1667 1370 1708 πέντε.

1131 1746 1169 1793 ἐς
1190 1742 1409 1798 Κύδραρα]
1434 1744 1734 1796 Schweighaeu-

1075 1816 1158 1839 sero
1206 1804 1340 1839 Noster
1386 1801 1547 1838 eandem
1586 1802 1735 1840 videtur

1074 1860 1209 1895 urbem
1247 1858 1392 1906 dicere,
1424 1871 1521 1909 quae
1543 1855 1735 1910 Κούραρα

1074 1914 1176 1965 apud
1207 1916 1384 1952 Strabon.
1416 1916 1491 1951 XII
1524 1928 1564 1966 p.
1589 1915 1669 1956 578
1691 1916 1734 1957 G.

1074 1985 1103 2009 s.
1125 1985 1163 2022 p.
1184 1974 1265 2013 867
1286 1973 1333 2010 Β.
1362 1977 1399 2008 et
1418 1971 1508 2008 XIV
1526 1985 1566 2022 p.
1587 1973 1668 2012 663
1690 1972 1732 2011 C.

1074 2042 1102 2064 s.
1124 2042 1161 2078 p.
1184 2028 1263 2068 978
1283 2029 1330 2065 D.
1390 2028 1494 2072 Quae
1524 2026 1659 2064 eadem
1679 2035 1733 2065 est

1074 2085 1250 2120 Heerenii
1270 2084 1454 2121 sententia
1474 2085 1514 2119 in
1533 2082 1649 2120 Ideen
1661 2091 1733 2121 etc.

1073 2142 1090 2176 I
1110 2153 1197 2190 pag.
1223 2139 1313 2179 164.
1344 2141 1442 2175 Nam
1464 2152 1506 2175 ea
1531 2140 1618 2176 urbs
1630 2153 1734 2176 mer-

1075 2197 1203 2232 catur-52
1224 2196 1391 2232 floruisse
1415 2196 1532 2231 fertur
1552 2196 1600 2232 ob
1619 2197 1733 2232 situm

1075 2250 1323 2287 commodum
1353 2252 1480 2288 multis
1511 2251 1733 2303 frequenta-

1073 2314 1110 2343 ta
1141 2309 1414 2345 mercatoribus
1442 2306 1611 2360 undique
1637 2321 1732 2346 cou-

1073 2363 1290 2400 fluentibus.

1271 2453 1362 2504 Cap.
1390 2455 1537 2491 XXXI.

1119 2531 1181 2571 ἐπὶ
1196 2533 1366 2582 Καρίης]
1389 2533 1412 2568 i.
1427 2546 1459 2569 e.
1492 2532 1636 2570 Cariam
1653 2544 1731 2570 ver-

1073 2602 1143 2625 sus.
1203 2590 1337 2639 Alligit
1363 2587 1495 2625 Manli.
1518 2590 1582 2627 Gr.
1605 2590 1670 2626 Gr.
1692 2603 1729 2639 p.

1080 2647 1195 2685 1162.
1265 2647 1361 2681 Hinc
1391 2646 1489 2681 male.
1522 2647 1559 2681 in
1583 2644 1730 2682 duobus

1074 2702 1206 2739 Pariss.
1230 2700 1294 2740 ἐπὶ
1314 2702 1481 2751 Καρίην.
1503 2722 1557 2728 -
1588 2701 1730 2738 Urbem

1077 2757 1335 2808 Καλλάτηβον
1373 2769 1499 2805 nemo,
1543 2764 1728 2808 quantum

1073 2814 1171 2862 scio,
1192 2815 1309 2862 novit,
1331 2821 1477 2864 praeter
1497 2826 1616 2850 uuum
1640 2814 1729 2850 Ste-

1854 439 1855 462 η

1853 508 1856 530 ι

1856 586 1858 621 i

1856 632 1858 655 ι
