1897 3340
88 675 245 708 Thraces,

88 708 176 736 ludos
202 708 240 743 [3,

237 610 420 741 ,353-

410 237 439 275 4
764 228 1260 267 -HERODOTI

411 342 489 386 τὸν
517 339 701 394 στρατὸν
730 339 754 383 ὁ
787 338 1043 394 Μεγάβαζος
1072 336 1144 379 διὰ
1172 339 1246 390 τῆς
1278 335 1488 388 Θρηΐκης,
1517 335 1663 376 πᾶσαν

412 409 542 454 πόλιν
577 410 651 452 καὶ
686 412 775 452 πᾶν
814 407 944 455 ἔθνος
981 409 1070 447 τῶν
1107 401 1242 458 ταύτῃ
1282 402 1527 456 οἰκημένων
1556 398 1664 455 ἡμε-

414 475 625 532 ρούμενος
653 474 838 531 βασιλέϊ·

889 476 1026 515 ταῦτα
1053 470 1135 526 γάρ
1166 472 1209 513 οἱ
1236 469 1456 512 ἐντέταλτο
1496 467 1543 510 ἐκ
1573 471 1721 510 Aoi-30

414 546 561 599 ρεῖου,
595 545 791 599 Θρηΐκην
819 537 1203 592 καταστρέφεσθαι.

497 613 700 666 Θρηΐκιον
728 610 774 653 δὲ
806 609 935 657 ἔθνος
965 604 1166 661 μέγιστόν
1195 604 1306 654 ἐστι,
1358 600 1463 658 μετά
1501 616 1548 656 γε
1584 599 1665 641 'Iv-

359 787 461 835 giose
481 779 774 820 Lebensansicht
804 778 867 815 des
889 779 1013 814 Hero-

360 841 470 878 dotus
490 840 645 888 (Essen.
670 839 788 877 1832-
801 837 817 886 )
839 847 926 885 pag·
947 833 1013 874 48-

419 909 552 946 πᾶσαν
567 901 682 944 πόλιν
704 903 771 942 καὶ
791 905 872 941 πᾶν
895 900 1015 946 ε’θνος

363 965 442 1002 τῶν
459 958 582 1014 ταύτῃ
605 959 825 1009 οἰκημένων
846 952 1016 1008 ήμεοού-

365 1033 483 1071 μενος
506 1017 684 1068 βασιλεῖ]
722 1016 892 1052 Verbum
919 1027 1016 1064 ημε-

363 1077 541 1125 ροῦσθαι
595 1071 685 1124 (sibi
725 1072 904 1119 subegere,
954 1069 1017 1105 do-

363 1129 482 1181 mare)
510 1132 588 1166 iam
607 1129 819 1165 invenimus
839 1127 901 1173 IV,
924 1127 1018 1165 118.

364 1189 544 1225 Activum
573 1184 748 1236 ἡμεροῦν
777 1184 901 1234 posuit
938 1182 1019 1217 No-

365 1251 440 1281 ster
469 1243 550 1290 VII,
584 1242 622 1283 5.
681 1241 780 1276 cum
798 1239 921 1276 verbis
940 1239 1020 1275 τῶν

365 1294 487 1351 ταύτῃ
527 1295 748 1347 οἰκημένων
791 1294 1020 1332 Dahlmann.

368 1357 408 1392 in
433 1352 616 1390 Herodot.
634 1366 676 1402 p.
700 1353 777 1391 166
806 1357 892 1401 apte
907 1362 1022 1386 com-

368 1417 474 1463 parat
509 1407 789 1458 Xenophontea
820 1409 861 1442 in
900 1407 1023 1455 Cyro-

369 1465 479 1518 paed.
498 1466 732 1514 V11,1,21.:
763 1460 833 1501 τόν
854 1459 1023 1512 αόχοντα

369 1524 450 1561 τῶν
465 1517 586 1574 ταύτῃ
608 1514 809 1568 αρμάτων,
832 1518 927 1553 bene
939 1529 1026 1552 mo-

373 1590 469 1614 nens
489 1560 590 1626 apud
611 1573 847 1610 Herodotum
868 1586 947 1609 non
979 1571 1027 1608 de

374 1634 480 1671 omui
499 1632 665 1669 Thracia
686 1631 768 1679 agi,
788 1628 855 1666 sed
876 1628 922 1665 de
942 1640 1029 1664 ma-

374 1691 498 1726 ritimo
519 1694 667 1724 tantum
695 1685 884 1723 Thraciae
912 1685 1029 1720 meri-

377 1745 535 1783 dionalis
565 1750 699 1780 tractu.
756 1744 812 1778 Ita
843 1742 946 1778 enim
966 1741 1029 1776 iu·-

376 1802 432 1838 fra
460 1801 505 1846 V,
531 1802 580 1840 10
610 1800 649 1834 in
678 1798 743 1834 fin.
773 1794 821 1836 τὰ
841 1800 1029 1847 παραθα-

376 1855 516 1896 λάσσια
533 1851 572 1894 δ’
594 1849 651 1893 οἷν
671 1849 794 1904 αὐτῆς
817 1851 1028 1903 (Thraciae

375 1914 474 1962 scil.)
496 1907 735 1962 Μεγάβαζος
758 1907 942 1959 Περσέων
961 1923 1027 1947 κα-

375 1965 502 2019 τήκοα
535 1966 672 2006 ἐποίεε.
719 1967 770 2002 At
799 1966 940 2002 mirum
968 1966 1028 2001 vi-

372 2024 482 2062 detur
501 2022 627 2059 eidem
636 2021 892 2068 Dablmanno,
910 2019 1026 2072 quod,

374 2093 472 2133 quae
485 2078 531 2115 de
544 2076 769 2124 Thracibus,
791 2084 904 2127 gente
917 2089 1029 2127 prae-

377 2145 434 2173 ter
453 2134 623 2172 Indicam
644 2135 818 2170 omnium
848 2134 1029 2184 frequen-

380 2194 539 2239 tissima,
564 2198 606 2227 ut
639 2189 830 2226 Herodoto
852 2197 951 2226 certe
971 2191 1030 2226 vi-

382 2248 512 2293 detur,
550 2247 718 2297 sequitur
740 2245 938 2295 digressio,
968 2258 1031 2281 so-

384 2306 448 2341 lito
480 2305 526 2340 sit
557 2303 716 2338 brevior.
775 2301 884 2346 Quod
913 2302 1032 2351 pluri-

384 2361 451 2397 bus
473 2373 520 2395 ex
532 2359 650 2395 causis
665 2358 743 2393 fieri
754 2359 916 2408 potuisse
932 2356 1033 2393 idem

385 2417 555 2453 observat
568 2413 798 2450 Dahlmann.
811 2426 820 2450 :
842 2416 919 2450 sive
932 2413 1034 2465 qnod

384 2471 550 2509 Thracia
589 2472 775 2506 maritima
796 2499 805 2516 ‚
862 2482 911 2505 ex
959 2482 1033 2520 quo

386 2527 672 2565 Atheniensium
693 2528 731 2562 in
753 2525 936 2562 ditionem
966 2539 1035 2562 ve-

389 2591 521 2629 nerat·‚
551 2584 685 2619 meiius
706 2584 782 2618 iam
802 2583 953 2618 Graecis
974 2583 1034 2617 in-

389 2647 580 2677 notescere
610 2639 796 2688 coeperit,
826 2639 903 2674 sive
932 2637 1033 2688 quod

382 2697 428 2732 ¹in
458 2694 583 2732 media
619 2693 783 2731 Thracia
825 2701 906 2743 post
934 2695 1035 2729 Darii

391 2750 547 2788 demum
594 2758 765 2800 tempora
805 2749 1035 2800 Odrysarum

390 2819 551 2858 regnum
569 2808 772 2843 exstiterit:
802 2804 850 2842 de
871 2818 946 2858 quo
967 2819 1037 2842 ex—

1068 789 1210 827 ponere
1230 773 1291 811 hic
1313 776 1471 824 longum
1492 774 1582 819 fuit,
1612 783 1724 821 prae-

1070 834 1198 869 sertim
1220 845 1308 868 cum
1327 832 1492 879 incoepti
1521 830 1643 878 operis
1662 839 1725 863 ra-

1070 890 1123 925 tio
1136 895 1268 938 sponte
1280 889 1499 936 scriptorem
1512 886 1551 921 in
1560 896 1726 935 sequen-

1071 945 1170 981 tibus
1211 957 1254 979 eo
1296 943 1482 979 deducere
1525 939 1740 990 videreturs

1073 999 1231 1037 Accedit
1251 999 1355 1051 quod
1365 997 1580 1035 Herodotus
1599 1008 1727 1032 remo-

1073 1059 1177 1093 tioris
1209 1055 1397 1092 Thraciae
1426 1062 1549 1105 partes
1570 1053 1729 1089 minime

1074 1115 1153 1163 ipse
1177 1113 1466 1163 perlustraverat
1479 1140 1488 1158 ‚
1509 1122 1580 1146 nec
1601 1109 1729 1146 omni-

1075 1183 1125 1206 no
1163 1169 1282 1204 ullam
1316 1168 1588 1204 accuratiorem
1627 1165 1730 1201 noti-

1075 1226 1168 1262 tiam
1189 1226 1362 1274 gentium
1383 1223 1430 1260 ad
1459 1224 1598 1260 Istrum
1618 1220 1730 1257 habi-

1076 1283 1240 1318 tantium
1255 1311 1265 1327 ‚
1307 1281 1458 1317 Graecis
1487 1280 1553 1315 vix
1574 1290 1730 1315 accura-

1077 1340 1149 1373 tius
1180 1339 1438 1386 coguitarum,
1479 1333 1652 1371 babuisse
1671 1335 1731 1370 vi-

1078 1393 1201 1431 detur.

1319 1514 1412 1564 Cap.
1434 1514 1498 1548 111.

1142 1626 1326 1678 Θρηΐκων
1346 1621 1387 1662 δὲ
1411 1623 1530 1669 ἔθνος
1558 1618 1735 1674 μέγιστόν

1085 1682 1165 1723 ἐστι
1184 1698 1219 1721 κ.
1245 1698 1277 1720 τ.
1302 1680 1368 1728 λ.]
1411 1678 1610 1716 Thracum
1639 1691 1736 1728 gen·-

1085 1748 1186 1786 tem,
1217 1738 1382 1787 exceptis
1402 1736 1524 1782 Indis,
1564 1737 1737 1772 omnium

1084 1797 1297 1832 maximam
1331 1792 1463 1829 habuit
1500 1791 1735 1828 Herodotus:

1086 1854 1151 1904 qui
1189 1850 1357 1888 Thraces
1394 1850 1424 1885 si
1461 1850 1573 1885 unius
1612 1850 1739 1898 impe-

1084 1911 1140 1945 rio
1153 1906 1356 1944 concordes
1369 1912 1601 1955 regerentur,
1615 1906 1738 1942 omni-

1084 1978 1151 2001 um
1172 1964 1312 2000 iudicat
1333 1975 1410 1999 esse
1432 1962 1664 1998 firmissimos
1675 1962 1737 1996 in·—

1084 2023 1290 2072 victosque.
1345 2019 1449 2063 Quae
1469 2018 1601 2068 procul
1621 2017 1736 2054 dubio

1084 2079 1293 2114 Pausaniae
1336 2075 1630 2112 obversabantur
1668 2074 1737 2123 (ut

1085 2133 1231 2171 dudum
1251 2133 1399 2168 monuit
1413 2129 1738 2180 Valckenaerius)‚

1085 2189 1179 2227 haec
1200 2190 1376 2226 scribenti
1406 2189 1434 2235 Ι,
1457 2190 1482 2228 9
1504 2188 1539 2232 ξ.
1565 2189 1611 2226 6:
1637 2187 1738 2236 Θρα-

1087 2249 1168 2285 κῶν
1188 2248 1267 2284 τῶν
1292 2240 1452 2284 πάντων
1465 2238 1624 2290 ου’δένες
1635 2241 1740 2281 πλεί-

1089 2317 1158 2348 ους
1187 2301 1261 2340 εἰσὶ
1286 2303 1365 2339 τῶν
1397 2296 1650 2348 ἀνθρώπων,
1680 2294 1741 2337 ὅτι

1091 2355 1144 2409 μή
1176 2356 1336 2403 Κελτοὶ,
1376 2353 1475 2406 πρὸς
1496 2353 1590 2394 ἄλλο
1623 2354 1742 2399 ἔθνος

1087 2415 1132 2454 ἓν
1181 2409 1479 2460 ἀντεξετάζοντι.
1547 2412 1598 2448 At
1637 2411 1742 2447 aliter

1089 2472 1214 2507 visum
1245 2467 1487 2519 Thucydidi,
1528 2467 1659 2518 quill,
1691 2467 1741 2505 97

1091 2525 1287 2564 Thracum
1307 2525 1431 2562 scribit
1451 2536 1613 2573 reguum
1627 2522 1745 2559 exsti-

1090 2585 1175 2619 tisse
1195 2583 1408 2618 maximum
1438 2579 1558 2616 reditu
1590 2579 1745 2629 aliisque

1093 2639 1224 2688 opibus
1238 2667 1246 2681 ,
1277 2637 1343 2674 sed
1366 2637 1550 2672 exercitus
1571 2636 1745 2671 multitu-

1093 2694 1181 2731 dine
1210 2694 1420 2744 roboreque
1449 2693 1613 2728 multum
1646 2692 1745 2741 Scy-

1094 2749 1165 2787 tbis
1186 2751 1358 2794 cessisse3
1389 2749 1523 2800 quibus
1544 2749 1630 2798 ipsis
1651 2759 1746 2784 con-

1093 2805 1268 2843 cordibus
1288 2806 1432 2842 uullam
1451 2811 1606 2855 gentem
1620 2814 1746 2855 neque
