1897 3340
487 230 1126 271 POLYMNIA.V11.
1357 236 1442 274 499

170 343 355 399 μήκεας,
385 342 462 394 mig
491 342 570 398 μὲν
589 339 700 394 πρὸς
726 341 810 382 τοῦ
844 336 1022 382 Πόντου
1055 341 1132 393 τῆς
1162 336 1327 394 ἑτέρης,
1352 343 1443 382 τῶν

173 409 349 467 α’νέμων
379 412 540 454 εἵνεκεν
559 411 647 451 τῶν
670 406 836 450 ἔσωθεν
859 404 1153 457 ἐκπνεόντων,
1186 409 1260 461 τῆς
1282 406 1327 449 δὲ
1354 405 1442 452 ἑτέ-

170 494 250 534 ρης
278 482 353 535 τῆς
381 477 491 533 πρὸς
520 474 702 532 ἑσπέρης
729 490 774 518 τε
803 474 876 518 καὶ
904 477 986 518 τοῦ
997 474 1199 529 Αἰγαίου,
1230 472 1368 529 εὔρου
1398 491 1443 518 τε

146 546 257 589 4καὶ
293 545 430 591 νότου
458 546 611 588 εἵνεκα.
673 541 907 586 διέκπλοον
932 541 978 586 δὲ
996 538 1255 596 ὑπόφαυσιν
1285 542 1498 586 κατέλι-15

172 629 260 656 πον
310 616 399 655 τῶν
455 610 812 669 πεντηκοντέρων
850 610 924 654 καὶ
955 612 1127 666 τριχοῦ,
1187 610 1263 653 ἵνα
1290 610 1365 654 καὶ
1401 612 1445 662 ἐς

113 805 472 845 efficeredebuerint
491 806 777 844 contentionem

112 877 229 917 quam
240 864 408 900 minores
421 863 555 914 prioris
567 865 693 914 pontis
704 876 777 900 na·-

111 933 198 968 ves‚
230 932 395 972 quarum
421 919 601 957 rudentes
620 921 693 957 illis
714 921 775 956 in-

111 975 373 1014 tenderentur.
425 978 640 1029 Utrumque
672 978 776 1014 enim

110 1040 271 1086 pontem
284 1063 294 1082 ‚
315 1034 479 1070 altertun
500 1035 696 1081 exercitui,
719 1034 776 1070 al-

111 1097 237 1128 terum
256 1091 436 1127 iumentis
463 1089 694 1128 destinatum
712 1103 776 1128 sa-

111 1148 158 1185 tis
188 1159 331 1197 magno
360 1148 559 1185 intervallo
591 1154 776 1184 structum

110 1204 224 1241 fuisse
252 1203 432 1241 credibile
457 1211 534 1252 est,
571 1211 615 1241 ut
635 1218 683 1241 ne
702 1217 777 1241 na-

111 1274 177 1299 ves
197 1273 237 1298 se
261 1262 427 1298 invicem
443 1262 634 1312 pulsantes
658 1274 701 1298 ac
721 1261 776 1297 fe-

111 1318 250 1354 rientes
291 1317 423 1354 damni
452 1317 545 1370 quid
583 1325 774 1369 caperent,

110 1375 209 1412 bene
229 1382 411 1411 monente
440 1376 562 1411 Kruse
596 1376 622 1412 l.
639 1376 664 1413 1.
686 1388 775 1426 pag.

113 1429 205 1478 104,
220 1432 282 1468 cui
295 1432 453 1468 omnino
471 1431 546 1468 duo
566 1439 699 1482 pontes
713 1431 775 1469 hic

110 1488 270 1525 consilio
292 1489 474 1526 exstructi
502 1489 615 1525 fuisse
635 1487 775 1526 viden-

109 1550 172 1582 tur
194 1544 259 1595 (p.
293 1547 345 1586 96
359 1543 389 1596 ),·
410 1558 486 1597 quo
502 1552 776 1596 tempestatum

109 1613 133 1637 a
159 1600 320 1638 meridie
346 1603 697 1653 supervenientium
718 1603 775 1655 vis

109 1665 416 1709 praecaveretur,
448 1672 491 1696 ac
511 1660 625 1696 simul
644 1659 775 1695 fiumi-

109 1715 168 1752 nis
187 1716 242 1753 vis
264 1729 340 1768 quo
360 1717 487 1753 minus
508 1715 695 1753 damnum
711 1717 775 1752 in-

109 1771 224 1809 ferret
244 1773 404 1810 navibus
414 1772 675 1824 impediretur,
685 1786 775 1810 cum

116 1827 194 1865 duo
228 1842 268 1865 se
293 1830 459 1866 invicem
491 1830 599 1881 quasi
637 1837 773 1866 mutuo

111 1886 339 1922 sustinerent
354 1893 488 1936 pontes
501 1915 510 1933 ,
530 1899 697 1938 quorum
709 1886 776 1938 qui

110 1942 267 1991 Aegaeo
303 1942 401 1978 mari
439 1943 618 1980 obversus
665 1949 774 1990 esset,

111 1999 318 2036 maioribus
337 1997 427 2036 hinc
457 2001 617 2050 navigiis
638 1999 776 2037 confici

113 2053 286 2092 debuisse
305 2062 415 2106 putat
435 2069 553 2108 quam
582 2058 648 2109 qui
669 2058 777 2094 Pon-

111 2117 197 2149 tum
215 2119 413 2163 spectaret.

168 2171 252 2207 τῶν
272 2168 426 2209 ἔσωθεν
440 2164 711 2218 ἐκπνεόντων]
733 2182 777 2206 ex

113 2226 274 2263 interiori
298 2228 392 2263 mari
421 2226 474 2275 (i.
507 2239 540 2263 e.
570 2227 694 2263 Ponto
715 2227 778 2263 vel

112 2282 237 2332 potius
267 2296 288 2318 e
315 2282 578 2333 Propontide)
590 2285 777 2334 flantium.

112 2339 158 2374 In
186 2340 267 2388 ipso
288 2340 492 2375 verborum
513 2347 696 2377 contextu
717 2342 779 2376 ni·-

114 2392 169 2431 hil
188 2394 419 2431 mutandum
438 2395 602 2434 videtur.
657 2399 778 2433 Nam-

115 2463 190 2502 que
210 2447 279 2497 τοὶς
291 2448 364 2501 μὲν
386 2448 490 2502 πρὸς
513 2455 586 2491 τοῦ
615 2450 776 2492 Πόντου

114 2509 188 2558 τῆς
207 2505 339 2558 ἑτέρης
363 2520 512 2544 ancoras
531 2509 707 2558 intelligit
719 2510 777 2546 al-

116 2564 231 2600 terius
250 2565 375 2614 pontis
396 2565 521 2600 Ponto
542 2565 695 2601 Euxino
709 2566 776 2602 ob-

116 2620 236 2665 versi,
268 2623 340 2670 τῆς
363 2617 406 2659 δὲ
434 2618 568 2671 ἑτέρης
586 2623 658 2670 τῆς
679 2619 780 2670 πρός

119 2671 285 2726 ἑσπέρης
302 2691 337 2715 κ.
358 2691 392 2715 τ.
416 2678 451 2714 λ.
473 2689 624 2713 ancoras
642 2678 778 2726 pontis,

119 2731 186 2781 qui
206 2731 443 2769 occidentem
463 2745 591 2769 versus
611 2732 660 2769 ad
675 2746 781 2770 mare

118 2786 318 2837 Aegaeum
347 2790 549 2839 spectabat.
616 2790 660 2824 Iu
691 2802 782 2840 pro-

118 2843 223 2879 xime
255 2856 362 2896 seqq.
387 2858 455 2896 pro
488 2842 607 2896 εὔρου
637 2846 695 2883 vir
710 2844 783 2883 do-

833 812 914 843 ctus
945 804 985 840 in
1014 803 1182 854 Allgem.
1212 806 1368 844 Literat.
1399 809 1500 846 Zeit.

836 865 942 903 1802
961 874 1020 898 nr.
1044 863 1124 902 186
1145 874 1233 912 pag·
1254 866 1349 910 226,
1381 877 1500 916 quem

832 920 921 956 citat
951 917 1034 967 Cr„
1055 918 1132 968 legi
1152 920 1234 956 vult
1262 916 1437 972 ζεφύρου
1459 936 1500 963 τε

831 974 899 1015 καὶ
924 970 1046 1014 νότου
1076 975 1219 1014 εἵνεκα.

888 1031 1099 1071 διέκπλοον
1162 1030 1205 1071 δὲ
1254 1028 1497 1083 ’ὑπόφαυσιν

830 1087 1060 1139 κατέλιπον]
1099 1088 1245 1126 Vocem
1265 1086 1500 1140 ὑπόφαυσιν

832 1159 882 1182 ex
900 1144 1044 1182 Ezech.
1067 1147 1169 1194 XLI,
1195 1149 1245 1186 16
1272 1147 1400 1196 citant,
1432 1149 1499 1185 ubi

825 1202 1006 1253 fenestrae
1040 1203 1150 1239 lucem
1176 1203 1398 1242 admittentis
1424 1219 1499 1243 no-

831 1261 978 1296 tionem
997 1258 1135 1307 habet3
1155 1260 1283 1312 itaque
1301 1259 1377 1298 h.1.
1392 1261 1500 1301 διέκ-

831 1319 954 1363 πλοος
982 1312 1213 1364 ύπὸφαυσις
1239 1318 1308 1354 erit
1332 1319 1499 1356 interce-

831 1381 943 1424 ptum
975 1374 1142 1424 spatium
1173 1380 1211 1410 et
1229 1387 1408 1422 vacuum,
1430 1390 1499 1427 per

831 1429 937 1482 quod
964 1428 1235 1479 ὕποφαίνεται
1265 1430 1499 1485 adparetque

829 1488 910 1534 lux,
931 1493 1086 1524 auctore
1114 1488 1284 1524 Petavio.
1343 1489 1499 1528 Reiskio

831 1542 1040 1590 διέκπλους
1072 1542 1248 1581 adiectivi
1277 1545 1363 1582 loco
1395 1549 1501 1597 posi-

829 1607 916 1638 tum
938 1599 1103 1638 videtur.
1152 1600 1347 1652 Equidem
1365 1605 1499 1641 malim

832 1671 924 1694 cum
945 1654 1262 1707 Schweighaeus.
1288 1657 1499 1700 διέκπλοον

830 1728 900 1766 pro
930 1715 1166 1751 substantivo
1196 1713 1360 1765 habere,
1394 1718 1500 1769 quod

830 1785 900 1822 per
928 1773 1227 1822 appositionem,
1266 1780 1309 1809 ut
1346 1782 1498 1822 vocant,

832 1829 939 1864 alteri
969 1830 1117 1865 nomini
1132 1830 1309 1865 iunctum
1331 1831 1388 1876 sit,
1408 1844 1499 1867 eum

830 1885 910 1921 fere
948 1885 986 1920 iu
1025 1885 1208 1922 modum.-
1265 1885 1496 1936 „fene-stram,

831 1945 1035 1991 aperturam
1063 1942 1293 1991 reliquerunt,
1315 1955 1415 1994 quae
1437 1958 1498 1981 es-

831 2004 889 2035 set
913 1996 1133 2046 διέκπλοος,
1154 1997 1194 2034 id
1216 2006 1282 2046 est,
1318 2013 1417 2051 quae
1436 2003 1500 2037 in-

833 2055 989 2092 serviret
1005 2053 1189 2107 διέκπλῳ,
1216 2068 1315 2107 quae
1334 2058 1500 2094 minori-

831 2112 904 2148 bus
942 2113 1104 2162 navigiis
1140 2113 1338 2162 praeberet
1374 2120 1501 2152 trans-

832 2167 1165 2205 itum.“Larchero
1179 2167 1386 2217 διέκπλους
1396 2168 1501 2212 ὑπό-

835 2238 984 2275 φαυσις
1020 2232 1074 2263 est
1110 2239 1200 2274 „un
1236 2239 1394 2278 passage
1435 2230 1502 2280 qui

835 2281 964 2319 donne
990 2295 1067 2319 aux
1084 2283 1282 2320 vaisseaux
1309 2284 1348 2320 la
1366 2285 1502 2323 liberte'

835 2338 882 2376 de
902 2353 1031 2391 passer
1051 2346 1089 2376 et
1109 2339 1157 2377 de
1185 2342 1396 2391 repasser.“

888 2395 956 2436 καὶ
986 2397 1153 2447 τριχοῦ]
1196 2397 1221 2433 i.
1245 2411 1279 2435 e.
1311 2411 1354 2435 ac
1386 2399 1498 2436 tribus

833 2453 971 2503 quidem
1007 2454 1092 2491 locis
1119 2454 1287 2504 spatium
1309 2455 1388 2494 scil.
1411 2457 1501 2492 reli-

832 2516 999 2561 querunt
1041 2523 1221 2547 vacuum.
1280 2512 1355 2548 Ubi
1396 2511 1501 2564 quod

833 2567 1071 2617 suspicantur
1104 2569 1241 2618 τριχοῦ
1268 2568 1501 2605 mutandum

834 2622 874 2657 iu
905 2621 1097 2674 τριηρέων
1119 2623 1250 2676 (quod
1280 2625 1396 2661 etiam
1415 2626 1502 2676 pla—

836 2684 895 2714 cet
924 2680 1004 2716 viro
1040 2679 1153 2717 docto
1191 2681 1231 2716 in
1266 2681 1499 2731 Aligemein.

835 2735 991 2772 Literat.
1021 2737 1118 2775 Zeit.
1143 2737 1170 2773 1.
1198 2737 1242 2786 l.)
1272 2738 1333 2773 ve!
1362 2738 1497 2786 legen-

838 2789 932 2827 dum
953 2790 1021 2830 καὶ
1040 2790 1234 2844 τριηρέων
1261 2795 1420 2843 τριχοῦ,
1455 2801 1497 2829 ut

835 2859 966 2885 sensus
984 2849 1056 2886 sit:
1098 2850 1257 2898 spatium
1282 2848 1497 2898 reliquerunt

1115 2907 1169 2943 32
1190 2901 1215 2925 ᾗ

1864 227 1886 413 :tr-⁴3:22.
1859 24 1890 173 κιρ-’ῤ’
1861 0 1870 14 “
