1897 3340
545 175 1001 214 POLYMNIA
1060 177 1157 214 VII.
1388 186 1471 225 737

214 301 380 341 „uvpov
408 287 724 331 καλέσασθαι.“
778 285 924 338 Βορῆς
953 283 1021 337 δὲ,
1061 283 1171 327 κατα
1209 285 1285 328 τὸν
1311 287 1468 347 ΓΕλλή-

212 369 305 396 νων
343 352 496 410 λόγον,
542 355 624 410 ἔχει
652 356 839 410 γυναῖκα
864 349 1078 409 Ἀττικήν,
1106 350 1360 409 Ὠρειθυίην
1389 359 1468 412 τήν

181 418 444 475 3Ἐρεχθέος.
504 421 709 477 κατοῖδὴ
748 419 796 463 τὸ
837 421 971 475 κῆδος
999 423 1131 464 τοῦτο
1163 422 1207 464 οἱ
1234 419 1467 478 Ἀθηναῖοι,

211 487 270 539 ὠς
299 487 427 544 φάτις
459 489 662 546 ὥρμηται,
694 485 1068 544 συμβαλλεόμενοί
1107 499 1185 543 σφι
1215 488 1293 531 τὸν
1322 493 1524 547 Βορῆνὲο

208 556 410 617 γαμβρὸν
453 556 585 609 εἶναι,
636 555 709 600 καὶ
746 553 1057 611 ναυλοχέοντες
1093 558 1170 612 τῆς
1203 554 1400 613 Εὐβοίης
1422 558 1469 601 ἐν

208 626 414 678 Χαλκίδι,
445 625 504 676 ὥς
532 625 699 679 ἔμαθον
728 620 971 678 αὐξόμενον
1000 622 1079 665 τόν
1107 627 1304 678 χειμῶνα,
1336 624 1365 681 ἢ
1394 626 1468 668 καὶ

210 691 298 745 πρὸ
327 689 502 745 τούτου,
523 689 714 736 ἐθύοντό
743 707 787 735 τε
815 692 887 735 καὶ
901 691 1178 735 ἐπεκαλέοντο
1207 692 1286 735 τόν
1305 708 1348 736 τε
1381 696 1467 737 Βο-

207 762 291 816 ρῆν
335 758 408 802 καὶ
449 760 530 818 τὴν
566 760 842 816 Ὠρειθυίην,
883 761 1126 817 τιμωρῆσαί
1163 771 1243 816 σφι
1271 760 1346 804 καὶ
1376 762 1466 805 δια-

144 976 355 1027 λὲσασθαι]
390 976 498 1015 Idem
519 986 801 1030 argumentum,

144 1042 302 1072 notante
340 1034 545 1083 Valcken.‚
597 1037 803 1086 attigerunt

145 1090 276 1132 Schol.
299 1092 336 1128 in
360 1091 684 1143 Sophocl.Antig.
706 1095 800 1133 978.

145 1147 283 1185 Suidas
302 1162 332 1185 s.
352 1162 389 1186 v.
409 1144 565 1198 Ἀφέται
579 1179 588 1196 ,
610 1151 628 1185 Ι
647 1163 685 1199 p.
706 1147 799 1189 394.

144 1203 277 1242 Schol.
303 1203 458 1242 Aristid.
487 1219 525 1255 p.
553 1204 630 1245 251
662 1207 800 1242 From-

141 1261 255 1308 mel.;
299 1261 527 1312 quibuscum
556 1261 656 1300 conf.
678 1262 800 1298 Creu-

141 1331 217 1356 zer.
240 1317 415 1368 Symbol.
437 1318 489 1354 IV
509 1330 597 1368 pag.
611 1316 705 1359 343.
725 1317 799 1355 Bo-

141 1386 237 1411 ream
283 1372 535 1410 Athenienses
582 1373 799 1412 habuerunt

140 1442 327 1480 generum
373 1429 579 1467 Erechthei
631 1430 798 1483 indeque

139 1487 399 1523 nobilissimae
477 1485 799 1525 Erechthidarum

139 1545 247 1593 genti
267 1543 433 1580 affinem.
491 1546 574 1580 Hoc
595 1551 649 1581 est
673 1544 798 1595 κῆδος

138 1599 256 1647 illud,
285 1601 391 1638 cuius
422 1599 600 1651 deinceps
630 1607 667 1638 et
694 1600 797 1651 apud

137 1657 302 1693 Pausan.
322 1658 352 1704 Ι,
376 1658 426 1697 19
444 1657 494 1701 .§.
528 1660 554 1698 6
575 1658 720 1694 mentio
740 1657 795 1697 fit.

138 1714 237 1750 Hinc
272 1720 374 1750 recte
412 1713 587 1750 observat
618 1715 795 1754 Perizon.

139 1768 188 1806 ad
203 1769 352 1807 Aelian.
372 1768 418 1808 V.
440 1771 491 1807 H.
510 1771 596 1818 XII,
619 1772 667 1811 61
700 1783 795 1808 voce

137 1826 321 1877 γαμβροῦ
352 1832 389 1862 et
412 1826 606 1875 κηδεστοῦ
635 1825 795 1864 indicari

138 1883 446 1934 qualemcunque
503 1882 644 1933 affinem
715 1884 794 1921 sive

135 1951 300 1988 generum
320 1939 399 1976 sive
426 1951 576 1976 socerum
599 1939 677 1976 sive
697 1952 792 1976 soro-

135 1996 186 2032 ris
196 1997 373 2032 maritum.
402 1995 459 2031 De
470 2002 674 2033 ventorum
687 1997 792 2033 cultu

134 2050 303 2102 Delphos
327 2049 577 2088 admonuerat
593 2053 792 2088 oraculu1n

135 2121 249 2161 supra
278 2108 361 2154 VII,
394 2110 489 2149 178.
547 2109 675 2160 Atque
695 2123 792 2146 ven-

135 2170 261 2201 torum
271 2177 376 2200 aram
392 2165 431 2201 in
444 2165 646 2216 Sicyoniae
660 2173 792 2203 monte

135 2227 325 2256 memorat
346 2221 509 2258 Pausan.
538 2222 586 2269 ΙΙ,
611 2224 662 2263 12
693 2223 731 2267 §.
754 2225 791 2271 1,

135 2276 176 2312 in
197 2277 391 2313 Coroneae
418 2277 500 2313 foro
517 2279 586 2326 IX,
609 2276 680 2328 34ἑι
693 2279 730 2324 ξ.
751 2281 791 2326 2,

135 2331 239 2384 apud
258 2332 544 2382 Megalopolitas
563 2335 662 2381 VIII,
679 2337 730 2374 36
753 2335 790 2379 §.

134 2387 184 2437 43
224 2401 323 2441 quae
354 2389 476 2425 attulit
502 2388 686 2426 Valcken.
733 2391 791 2426 De

135 2443 270 2483 Boreae
300 2445 403 2482 cultu
442 2443 543 2495 apud
577 2443 792 2482 Athenien-

134 2515 191 2539 ses
211 2501 288 2540 vid.
318 2502 523 2538 Aelianum
550 2501 577 2538 l.
607 2502 633 2539 l.
662 2501 790 2552 ibique

134 2558 343 2610 interprett.
373 2556 539 2608 Hesych.
560 2571 590 2598 s.
611 2571 648 2596 v.
668 2559 789 2607 Βορε-

135 2616 254 2666 ασμοί
274 2616 291 2650 I
311 2627 400 2666 pag.
430 2612 511 2654 742
540 2614 627 2652 coll:
654 2613 788 2651 Ritter.

133 2670 313 2709 Vorhalle
354 2678 425 2708 etc.
462 2682 548 2720 pag.
582 2671 674 2710 176.
716 2669 787 2708 Cr.

134 2728 295 2765 conferri
324 2728 404 2765 vult
436 2727 588 2764 Platon.
623 2724 788 2763 Phaedr-

133 2796 172 2834 Ρ.
201 2786 282 2825 229
303 2785 347 2822 Β.
380 2795 468 2834 pag.
493 2781 570 2823 194
589 2780 787 2821 Heindorf.

188 2841 411 2878 Hnnono'r.
440 2840 507 2876 ΠΙ.

856 977 1064 1018 Ruhnken.
1088 978 1137 1016 ad
1157 978 1261 1016 Tim.
1282 992 1319 1029 p.
1341 982 1423 1021 222
1442 992 1519 1032 seq.

857 1038 1003 1075 Himer.
1025 1050 1063 1086 p.
1089 1038 1169 1076 192
1190 1035 1252 1073 ed.
1272 1035 1518 1076 Wernsdorf,

858 1094 988 1131 Stuart
1007 1093 1167 1144 Antiqq.
1187 1093 1232 1129 of
1256 1091 1399 1130 Athen.
1420 1106 1519 1131 vers.

856 1162 1031 1200 german.
1045 1147 1277 1200 (Darmstad.
1292 1151 1419 1198 1828)
1433 1150 1520 1187 Vol.

856 1208 873 1242 I
894 1219 981 1257 pag.
1003 1208 1056 1246 73
1079 1212 1116 1242 et
1138 1207 1205 1245 83.
1224 1225 1281 1233 —
1314 1206 1390 1242 Pro
1411 1207 1519 1256 vulg,

854 1258 1039 1314 Ἐρεχθῆ
1051 1276 1095 1309 ος
1139 1260 1229 1298 dedi
1273 1257 1426 1313 Ἐρεχθ
1439 1260 1486 1301 εό
1498 1277 1519 1310 ς

853 1319 1028 1370 itemque
1049 1331 1132 1368 cap.
1147 1320 1239 1358 191.
1274 1317 1433 1368 Πηλέος
1449 1331 1518 1369 pro

858 1377 1035 1426 Πηλῆος.
1057 1373 1158 1411 Add.
1174 1373 1273 1423 VIII,
1287 1373 1354 1414 44.
1368 1377 1436 1416 63.
1448 1375 1517 1416 75.

854 1432 923 1481 ΙΧ,
945 1434 1012 1473 90.
1043 1432 1110 1472 97.
1131 1433 1199 1472 98.

911 1518 966 1567 ὥς
1001 1515 1125 1570 φάτις
1163 1515 1368 1572 ὥρμηται]
1428 1518 1516 1556 Vid.

853 1584 950 1614 nott.
981 1576 1030 1613 ad
1049 1578 1116 1625 111,
1138 1576 1191 1616 56
1224 1582 1261 1613 et
1282 1575 1331 1612 ad
1350 1576 1517 1612 formam

855 1630 1194 1685 συμβαλλεόμενοι
1215 1632 1316 1671 conf.
1352 1633 1415 1679 IV,
1452 1632 1515 1674 15.

854 1689 967 1737 Quod
1015 1691 1186 1742 sequitur
1233 1688 1516 1739 ναυλοχέοντες

851 1748 973 1785 valet:
995 1748 1180 1783 stationem
1201 1744 1376 1793 habentes,
1391 1750 1514 1781 tenen-

852 1807 913 1851 tes,
936 1809 979 1840 ut
999 1803 1079 1849 VII,
1099 1804 1191 1842 192.
1212 1802 1313 1849 VIII,
1337 1803 1376 1842 6.
1396 1799 1515 1851 Apud

850 1858 1094 1896 Herodotum
1130 1870 1258 1909 neque
1302 1853 1512 1907 ναύλοχος,

850 1923 893 1953 ut
913 1914 1050 1953 Suidas
1077 1915 1178 1961 vult,
1211 1926 1338 1965 neque
1369 1910 1515 1952 ναυλό-

847 1987 952 2024 χιον,
974 1970 1078 2024 quod
1092 1972 1131 2007 in
1143 1971 1276 2007 Glossa
1295 1969 1512 2006 Herodotea

848 2029 1053 2079 exponitur
1072 2025 1209 2079 λιμένα
1230 2023 1258 2076 ἢ
1282 2022 1434 2073 εὐδίαν,
1448 2026 1513 2062 in-

847 2086 969 2124 veniri
1010 2090 1113 2122 recte
1143 2083 1317 2121 observat
1350 2084 1511 2121 Wesse-

847 2142 942 2193 ling.

905 2215 1078 2260 ἐθύοντό
1122 2232 1162 2257 τε
1212 2215 1280 2257 καὶ
1325 2214 1511 2257 ἐπεκαλέ-

851 2277 962 2325 οντο]
993 2277 1069 2312 Pro
1102 2270 1278 2315 ἐθύοντο
1311 2272 1507 2311 Schaefer.

849 2339 886 2370 et
905 2331 1054 2379 Matth.‚
1077 2344 1172 2383 quos
1200 2331 1373 2382 sequitur
1400 2329 1509 2367 Bek-

847 2388 948 2438 ker.‚
971 2402 1019 2426 ex
1038 2401 1117 2424 uno
1149 2388 1320 2424 Parisino
1351 2387 1447 2424 libro
1469 2385 1508 2425 ἕ-

846 2449 969 2484 θυον.
1025 2446 1070 2480 Ιιι
1088 2445 1309 2481 Florentino
1332 2442 1417 2481 cod.
1442 2446 1507 2478 ek-

845 2507 919 2538 stat
949 2499 1071 2540 ἕθνον
1098 2496 1195 2540 τότε.
1242 2500 1329 2537 Vid.
1361 2497 1506 2536 Herod.

845 2557 926 2604 Vll,
951 2558 1028 2596 167
1049 2554 1194 2609 (ibique
1214 2553 1327 2606 nott.)
1350 2556 1418 2600 IX,
1436 2556 1504 2593 33.

847 2614 914 2654 38.
949 2615 1012 2652 10.
1044 2615 1107 2653 62.
1140 2614 1184 2660 V,
1215 2611 1281 2651 44.
1321 2608 1504 2659 Xenoph.

845 2669 970 2706 Anab.
990 2668 1053 2716 VI,
1085 2671 1112 2708 2
1143 2670 1180 2714 §.
1214 2670 1276 2708 19.
1325 2667 1399 2702 Ubi
1418 2678 1503 2701 me—

847 2724 953 2762 dium
981 2724 1142 2763 verbum
1162 2723 1232 2760 hac
1253 2723 1408 2760 notione
1432 2720 1502 2758 ad-

845 2779 967 2819 hiberi
994 2780 1180 2819 videmus.

1175 2833 1226 2873 47
