1897 3340
374 215 1026 256 TERPSICHORE.

1084 215 1129 251 V·
1339 218 1420 257 173

159 326 390 383 „uazdysw
426 324 828 380 παρασκευάζεσθε·
877 327 958 367 τοῦ
995 322 1095 366 οὔτε
1145 321 1417 378 ἀδικώτερον

161 394 323 449 ,,ου’δε’ν
352 395 438 438 ἐστι
465 394 566 438 κατ’
600 390 888 446 ἀνθρώπους,
921 390 1022 434 οὔτε
1050 389 1474 447 μιαιφονώτερον.70

129 471 150 504 3
163 465 249 515 „El
275 462 358 519 γὰρ
401 460 453 516 δὴ
493 459 627 504 τοῦτό
666 476 713 516 γε
754 460 896 503 δοκέει
935 458 1043 515 ὑμῖν
1072 457 1183 504 εἶναι
1214 458 1415 516 χρηστὸν,

157 530 294 583 ,ὥστε
323 526 668 584 τυραννεύεσθαι
697 526 775 580 τὰς
805 527 952 580 πόλις,
995 526 1120 572 αὐτοὶ
1150 531 1318 583 πρῶτοι
1346 525 1417 570 τύ-

156 612 347 654 ,,ραννον
375 595 748 652 καταστησάμενοι
777 595 895 650 παρὰ
925 597 1050 650 σφίσι
1081 594 1270 645 αὐτοῖσι,
1301 594 1418 638 οὕτω

128 665 258 719 4,,καὶ
284 668 395 707 τοῖσι
418 663 586 707 ἄλλοισι
617 665 791 720 δίζησθε
822 664 1085 708 κατιστάναι.
1137 668 1222 708 νῦν
1254 664 1314 715 δὲ,
1345 661 1475 706 avj-75

154 733 254 785 „voi
296 729 464 787 ἄπειροι
509 731 652 783 ἐόντες
691 733 946 787 τυράννων,
1001 733 1075 776 καὶ
1119 731 1419 787 φυλάσσοντες

154 799 406 852 ,,δεινο’τατα
436 803 568 844 τοῦτο
597 800 644 844 ἐν
664 804 717 857 τῇ
734 799 918 858 Σπάρτῃ
949 799 1006 857 μὴ
1035 800 1252 856 γενέσθαι,
1282 815 1418 853 παρα-

127 872 349 924 5,,χρᾶσθε
372 869 414 919 ἐς
443 868 546 920 τούς
577 869 845 925 συμμάχους.

905 870 941 912 εἰ
977 869 1023 912 δὲ
1065 867 1191 912 αὐτοὶ
1222 869 1417 923 ἔμπειροι

155 936 297 988 ,,ἓάτε,
337 934 527 991 κατάπερ
567 934 708 993 ἡμεῖς,
741 938 867 993 εἴχετε
908 936 964 979 ἂν
1000 937 1098 990 περὶ
1136 935 1277 980 αὐτοῦ
1305 935 1416 991 γνώ-

155 1021 267 1060 „uas
307 1004 541 1061 ἀμείνονας
581 1004 908 1062 συμβάλλεσθαι
945 1003 1057 1062 ἤπερ
1099 1008 1195 1049 νῦν.
1250 1006 1602 1067 Κοριν-ὃοΟιίἕὲιη

97 1196 135 1226 et
158 1188 364 1241 ἰσονομίας
384 1189 571 1226 vocabulo
585 1190 757 1241 appella-

96 1253 202 1295 tum,
250 1253 293 1283 ut
318 1259 430 1297 supra
458 1248 678 1283 monuimus
708 1245 757 1283 ad

96 1305 162 1349 III,
203 1305 271 1344 80.
314 1302 404 1344 142.
452 1303 496 1349 V,
538 1306 605 1344 37.
654 1302 756 1340 Add.

98 1357 371 1397 Wachsmuth.
427 1360 577 1397 Hellen.
629 1360 758 1396 Alter-

98 1415 269 1453 tlmmsk.
290 1417 357 1463 1,2
377 1428 464 1467 pag.
476 1419 543 1456 22.
572 1415 755 1453 Niebuhr.

97 1475 211 1510 Ro‘m.
242 1471 379 1509 Gesch.
400 1474 435 1508 11
462 1485 550 1523 pag.
583 1474 664 1514 315
697 1473 758 1510 ed.

98 1543 172 1567 sec.
195 1536 231 1566 et
259 1530 301 1566 C.
324 1529 368 1566 Ο.
388 1530 536 1567 Miiller.
558 1531 650 1566 Dor.
680 1531 698 1565 I
717 1544 755 1581 p.

103 1589 196 1634 160,
215 1586 281 1622 ubi
300 1584 375 1622 h.l.
389 1586 506 1622 citans
527 1585 653 1623 adiicit
661 1588 757 1623 Dio-

94 1655 179 1694 nys.
201 1643 392 1679 Halicarn.
413 1643 453 1678 in
472 1644 560 1694 Lys.
593 1646 646 1683 30
666 1656 754 1695 pag.

97 1700 191 1740 523.
251 1700 448 1736 Pertinent
472 1712 562 1736 vero
591 1698 686 1738 haec
706 1700 755 1737 ad

95 1755 147 1804 id,
173 1755 276 1808 quod
291 1757 330 1792 in
351 1762 432 1793 not.
462 1755 509 1792 ad
529 1757 574 1804 V,
596 1759 645 1797 91
670 1759 753 1796 init.

97 1813 289 1863 attigimus
322 1813 599 1863 Spartanorum
632 1813 756 1851 studi—-

97 1882 164 1905 um
176 1898 186 1916 ,
218 1882 294 1922 quo
314 1870 483 1920 tyrannis
503 1871 673 1907 maxime
692 1872 755 1907 in-

96 1925 192 1963 fensi
230 1925 473 1978 tyrannidem
501 1927 610 1963 omni
637 1926 754 1966 modo

98 1995 141 2019 ac
163 1984 295 2035 quovis
315 1984 400 2020 loco
424 1984 613 2021 tollerent.

154 2041 228 2078 τοῦ
249 2037 339 2079 οὔτε
363 2035 605 2091 α’δικώτερον
633 2036 753 2080 ου’δὲν

98 2094 178 2135 ἔστι
197 2092 279 2135 κατ’
297 2092 562 2146 άνθρώπους]
586 2097 685 2134 Cum
696 2097 754 2136 his

98 2153 362 2200 conferantur,
395 2167 492 2206 quae
521 2155 587 2202 ΙΙΙ,
622 2158 675 2196 80
706 2155 754 2192 de

97 2211 249 2260 tyranni
267 2209 395 2247 indole
416 2217 453 2247 et
479 2218 612 2248 natura
636 2225 753 2263 expo-

98 2273 251 2304 nuntur.
309 2266 503 2319 Equidem
540 2269 580 2304 in
617 2270 754 2306 talibus

100 2321 295 2360 advertere
311 2323 409 2360 mihi
418 2324 551 2361 videor
567 2318 756 2377 scriptoris

101 2380 274 2416 animum
292 2382 467 2431 populari
486 2382 647 2433 imperio
670 2396 757 2419 ma-

100 2436 203 2472 xime
225 2435 396 2473 deditum
417 2445 453 2474 et
477 2440 652 2476 omnium
671 2453 759 2477 ma-

100 2492 204 2529 xime
216 2494 326 2530 unius
338 2492 638 2532 dominationem
647 2509 759 2534 aver-

103 2555 259 2588 santem.
317 2551 374 2586 De
415 2563 491 2602 quo
524 2551 601 2588 dixi
632 2552 681 2590 ad
709 2554 755 2601 V,

103 2605 170 2644 78.
191 2607 257 2645 66.
279 2628 330 2633 -
361 2608 405 2642 Iu
425 2620 530 2660 seqq.
555 2607 604 2645 ad
624 2612 699 2649 νῦν
714 2610 756 2650 δὲ

105 2660 205 2697 conf.
223 2662 289 2698 III.
310 2663 375 2704 25.
397 2663 442 2710 V,
465 2664 530 2705 65.

161 2721 419 2768 παραχρᾶσθε
439 2718 478 2766 ἐς
495 2715 588 2766 τούς
607 2718 758 2771 συμμά·

106 2772 216 2821 χους]
245 2774 331 2810 1)υο
352 2774 464 2813 codd.
484 2779 758 2827 παραχρῆσθε.

106 2826 379 2880 —Schweigli.
392 2832 432 2868 iu
441 2832 757 2873 Lexicflerodot.

813 1188 907 1227 haec
928 1190 1043 1228 verba
1074 1189 1125 1226 ita
1154 1188 1349 1226 reddenda
1381 1201 1475 1226 cen—

813 1254 890 1284 set:
936 1248 1130 1284 contemtim
1162 1260 1190 1285 s.
1221 1247 1368 1295 indigne
1398 1258 1474 1283 cum

813 1306 916 1340 sociis
949 1305 1062 1352 agitis
1092 1303 1153 1340 vel
1180 1304 1304 1354 potius
1335 1303 1384 1339 ob
1415 1315 1473 1350 ea,

813 1373 911 1413 qnae
931 1361 1106 1411 proxime
1133 1359 1385 1396 antecedunt:
1411 1372 1475 1409 per

815 1421 1019 1454 contemtum
1039 1418 1180 1466 insuper
1196 1417 1331 1454 habetis
1351 1419 1383 1453 et
1403 1429 1474 1452 rem

814 1474 920 1511 levem
934 1488 977 1511 ac
988 1473 1122 1510 nullius
1141 1476 1302 1510 momenti
1321 1486 1393 1510 esse
1402 1472 1474 1510 du·-

814 1532 916 1578 citis,
945 1532 979 1567 si
1001 1530 1041 1566 id
1058 1531 1134 1580 fiat
1169 1531 1339 1567 adversus
1365 1532 1474 1566 socios

810 1591 963 1634 vestros,
1000 1599 1162 1637 nempe,
1199 1589 1232 1624 εἰ
1269 1585 1364 1636 apud
1395 1586 1474 1623 illos

812 1645 1048 1682 instituantur
1065 1645 1224 1693 tyranni.
1263 1642 1358 1679 Mihi
1377 1642 1473 1679 illud

811 1701 957 1752 piacet3
979 1713 1071 1736 nam
1093 1700 1135 1739 οἱ
1155 1696 1354 1751 σύμμαχοι
1385 1698 1424 1737 h.
1446 1700 1471 1738 l.

812 1765 900 1794 sunt
921 1755 1106 1794 Corinthii
1127 1757 1267 1809 aliique
1286 1759 1405 1794 Dores
1425 1757 1474 1793 li-

812 1815 892 1851 beri
922 1815 1199 1866 Spartanorum
1229 1814 1375 1851 foederi
1402 1813 1473 1850 ad-

811 1873 959 1922 scripti,
999 1871 1227 1923 quibuscum
1248 1872 1473 1907 contemtim

812 1941 925 1978 agere
946 1929 1153 1978 Spartanos
1174 1928 1335 1965 Sosicles
1346 1941 1474 1963 enun-

810 1987 878 2022 tiat
898 1998 943 2021 eo
984 1983 1089 2037 quod
1114 1997 1248 2021 eorum
1286 1985 1473 2021 auxilium

809 2043 989 2079 invocant
1008 2040 1057 2078 ad
1068 2054 1150 2078 rem
1165 2041 1350 2078 nefariam
1366 2049 1403 2078 et
1423 2040 1472 2077 ad

809 2098 1054 2150 tyrannidem
1083 2099 1164 2135 aliis
1192 2099 1346 2135 Graecis
1376 2111 1472 2135 con>-

809 2155 1062 2203 stitliendam,
1101 2168 1217 2207 quam
1247 2168 1269 2192 a
1305 2169 1345 2192 se
1383 2155 1472 2206 ipsis

810 2214 980 2250 Lacones
1021 2213 1237 2249 enixissime
1284 2219 1472 2249 remotam

812 2283 891 2307 esse
919 2270 1132 2307 voluerant.
1152 2292 1208 2296 —
1228 2268 1290 2306 Ad
1310 2282 1472 2321 sequens

813 2325 898 2366 ἔατε
918 2326 1018 2365 conf,
1040 2324 1178 2364 Matth.
1199 2327 1264 2363 Gr.
1288 2327 1352 2365 Gr.
1382 2339 1470 2377 pag.

811 2382 906 2424 412.
919 2406 958 2411 -—
995 2378 1299 2434 συμβάλλεσθαι
1312 2381 1472 2434 γνώμας

811 2441 851 2476 in
874 2441 950 2477 fine
969 2441 1143 2477 sectionis
1171 2441 1272 2477 valet
1291 2439 1473 2489 suffragia

812 2496 966 2547 conferre
1005 2498 1066 2534 vel
1097 2498 1270 2548 proprie:
1321 2497 1472 2534 aliorum

1610 999 1627 1026 2

1606 1033 1688 1060 hicus

1476 1066 1547 1094 olim
1564 1067 1704 1096 Corinthi

812 2553 1000 2604 suffragiis
1021 2567 1088 2592 sua
1115 2554 1290 2600 adiicere,
1330 2558 1472 2591 senten—
1498 2556 1501 2561 '

814 2613 900 2648 tiam
927 2611 1050 2648 dicere.
1109 2612 1175 2647 Tu
1194 2609 1271 2650 vid.
1295 2611 1393 2657 VIII,
1418 2612 1466 2650 61

814 2668 899 2705 coll.
929 2668 1027 2704 Plat.
1057 2668 1229 2706 Amator.
1261 2669 1298 2713 ξ.
1327 2667 1353 2707 4
1382 2679 1469 2717 pag.

818 2723 896 2765 135
924 2725 972 2762 D.

1093 2780 1130 2824 ξ.
1152 2782 1190 2819 2.

875 2834 1133 2886 Κορινθίοισι
1162 2832 1237 2888 γὰρ
1258 2829 1310 2886 ἦν
1332 2830 1473 2880 πόλιος
