<?xml version="1.0" encoding="UTF-8"?>
<!DOCTYPE html PUBLIC "-//W3C//DTD XHTML 1.0 Transitional//EN"
    "http://www.w3.org/TR/xhtml1/DTD/xhtml1-transitional.dtd">
<html xmlns="http://www.w3.org/1999/xhtml" xml:lang="en" lang="en">
 <head>
  <title>
</title>
<meta http-equiv="Content-Type" content="text/html;charset=utf-8" />
  <meta name='ocr-system' content='tesseract 3.04.00' />
  <meta name='ocr-capabilities' content='ocr_page ocr_carea ocr_par ocr_line ocrx_word'/>
</head>
<body>
  <div class='ocr_page' id='page_1' title='image "./musaeher03hero_0463.png"; bbox 0 0 1897 3340; ppageno 0'>
   <div class='ocr_carea' id='block_1_1' title="bbox 496 288 1452 334">
    <p class='ocr_par' dir='ltr' id='par_1_1' title="bbox 496 288 1452 334">
     <span class='ocr_line' id='line_1_1' title="bbox 496 288 1452 334; baseline -0.001 -6"><span class='ocrx_word' id='word_1_1' title='bbox 496 288 1128 329; x_wconf 78' lang='lat' dir='ltr'><strong>POLYMNIA.V1L</strong></span> <span class='ocrx_word' id='word_1_2' title='bbox 1368 295 1452 334; x_wconf 76' lang='lat'>449</span> 
     </span>
    </p>
   </div>
   <div class='ocr_carea' id='block_1_2' title="bbox 184 395 1454 522">
    <p class='ocr_par' dir='ltr' id='par_1_2' title="bbox 184 395 1454 522">
     <span class='ocr_line' id='line_1_2' title="bbox 184 395 1453 456; baseline 0.002 -13"><span class='ocrx_word' id='word_1_3' title='bbox 184 404 335 451; x_wconf 81' lang='grc' dir='ltr'><strong><em>,,σθαι,</em></strong></span> <span class='ocrx_word' id='word_1_4' title='bbox 367 401 404 442; x_wconf 82' lang='grc' dir='ltr'>εἰ</span> <span class='ocrx_word' id='word_1_5' title='bbox 441 397 648 455; x_wconf 80' lang='grc' dir='ltr'><strong><em>στρατιήν</em></strong></span> <span class='ocrx_word' id='word_1_6' title='bbox 674 413 722 453; x_wconf 76' lang='grc' dir='ltr'>γε</span> <span class='ocrx_word' id='word_1_7' title='bbox 751 395 970 453; x_wconf 77' lang='grc' dir='ltr'><strong><em>τοσαύτην</em></strong></span> <span class='ocrx_word' id='word_1_8' title='bbox 1004 395 1087 440; x_wconf 74' lang='grc' dir='ltr'><strong><em>σὺν</em></strong></span> <span class='ocrx_word' id='word_1_9' title='bbox 1117 396 1230 441; x_wconf 81' lang='grc' dir='ltr'><strong><em>Δοίτι</em></strong></span> <span class='ocrx_word' id='word_1_10' title='bbox 1258 401 1333 444; x_wconf 82' lang='grc' dir='ltr'>καὶ</span> <span class='ocrx_word' id='word_1_11' title='bbox 1360 400 1453 456; x_wconf 81' lang='grc' dir='ltr'>Ἀρ-</span> 
     </span>
     <span class='ocr_line' id='line_1_3' title="bbox 184 463 1454 522; baseline 0.002 -12"><span class='ocrx_word' id='word_1_12' title='bbox 184 468 421 522; x_wconf 80' lang='grc' dir='ltr'><strong><em>,,ταφέρνεϊ</em></strong></span> <span class='ocrx_word' id='word_1_13' title='bbox 458 467 676 510; x_wconf 78' lang='grc' dir='ltr'><strong><em>ἐλθοῦσαν</em></strong></span> <span class='ocrx_word' id='word_1_14' title='bbox 714 465 756 516; x_wconf 80' lang='grc' dir='ltr'>ἐς</span> <span class='ocrx_word' id='word_1_15' title='bbox 782 465 862 521; x_wconf 78' lang='grc' dir='ltr'>τὴν</span> <span class='ocrx_word' id='word_1_16' title='bbox 891 463 1087 521; x_wconf 78' lang='grc' dir='ltr'><strong><em>Ἀττικὴν</em></strong></span> <span class='ocrx_word' id='word_1_17' title='bbox 1115 464 1262 522; x_wconf 68' lang='grc' dir='ltr'><strong><em>χώρην</em></strong></span> <span class='ocrx_word' id='word_1_18' title='bbox 1291 471 1454 522; x_wconf 85' lang='grc' dir='ltr'><strong><em>μοῦνοι</em></strong></span> 
     </span>
    </p>
   </div>
   <div class='ocr_carea' id='block_1_3' title="bbox 183 527 1587 593">
    <p class='ocr_par' dir='ltr' id='par_1_3' title="bbox 183 527 1587 593">
     <span class='ocr_line' id='line_1_4' title="bbox 183 527 1587 593; baseline 0.001 -15"><span class='ocrx_word' id='word_1_19' title='bbox 183 535 430 590; x_wconf 62' lang='grc' dir='ltr'><strong><em>»Ἀθηναῖοι</em></strong></span> <span class='ocrx_word' id='word_1_20' title='bbox 458 532 726 587; x_wconf 81' lang='grc' dir='ltr'><strong><em>διέφθειραν.</em></strong></span> <span class='ocrx_word' id='word_1_21' title='bbox 778 530 862 576; x_wconf 83' lang='grc' dir='ltr'>οὐκ</span> <span class='ocrx_word' id='word_1_22' title='bbox 892 527 955 576; x_wconf 70' lang='grc' dir='ltr'>ὦν</span> <span class='ocrx_word' id='word_1_23' title='bbox 985 531 1210 591; x_wconf 80' lang='grc' dir='ltr'><em>ἀμφοτέρῃ</em></span> <span class='ocrx_word' id='word_1_24' title='bbox 1241 546 1322 591; x_wconf 90' lang='grc' dir='ltr'><strong><em>σφι</em></strong></span> <span class='ocrx_word' id='word_1_25' title='bbox 1351 536 1449 592; x_wconf 58' lang='lat'>{7505-</span> <span class='ocrx_word' id='word_1_26' title='bbox 1506 550 1587 593; x_wconf 78' lang='lat'>513</span> 
     </span>
    </p>
   </div>
   <div class='ocr_carea' id='block_1_4' title="bbox 156 598 1509 864">
    <p class='ocr_par' dir='ltr' id='par_1_4' title="bbox 156 598 1509 795">
     <span class='ocr_line' id='line_1_5' title="bbox 156 598 1452 658; baseline 0.002 -15"><span class='ocrx_word' id='word_1_27' title='bbox 156 610 176 643; x_wconf 92' lang='lat'>7</span> <span class='ocrx_word' id='word_1_28' title='bbox 187 614 339 658; x_wconf 84' lang='grc' dir='ltr'><strong><em>,,ρησε·</em></strong></span> <span class='ocrx_word' id='word_1_29' title='bbox 370 598 473 652; x_wconf 79' lang='grc' dir='ltr'><strong><em>ἀλλ’,</em></strong></span> <span class='ocrx_word' id='word_1_30' title='bbox 502 598 559 655; x_wconf 78' lang='grc' dir='ltr'>ἦν</span> <span class='ocrx_word' id='word_1_31' title='bbox 587 602 686 654; x_wconf 83' lang='grc' dir='ltr'><strong><em>τῇσι</em></strong></span> <span class='ocrx_word' id='word_1_32' title='bbox 713 600 845 656; x_wconf 84' lang='grc' dir='ltr'><strong><em>νηυσὶ</em></strong></span> <span class='ocrx_word' id='word_1_33' title='bbox 875 600 1115 656; x_wconf 80' lang='grc' dir='ltr'><em>ἐμβάλωσι,</em></span> <span class='ocrx_word' id='word_1_34' title='bbox 1143 603 1217 646; x_wconf 82' lang='grc' dir='ltr'>καὶ</span> <span class='ocrx_word' id='word_1_35' title='bbox 1246 601 1452 658; x_wconf 82' lang='grc' dir='ltr'><strong><em>νικήσαν-</em></strong></span> 
     </span>
     <span class='ocr_line' id='line_1_6' title="bbox 185 666 1509 725; baseline 0.002 -14"><span class='ocrx_word' id='word_1_36' title='bbox 185 685 279 720; x_wconf 83' lang='grc' dir='ltr'><strong><em>,,τες</em></strong></span> <span class='ocrx_word' id='word_1_37' title='bbox 307 668 522 723; x_wconf 83' lang='grc' dir='ltr'><em>ναυμαχίῃ</em></span> <span class='ocrx_word' id='word_1_38' title='bbox 559 666 722 711; x_wconf 83' lang='grc' dir='ltr'><em>πλέωσι</em></span> <span class='ocrx_word' id='word_1_39' title='bbox 752 667 795 719; x_wconf 80' lang='grc' dir='ltr'>ἐς</span> <span class='ocrx_word' id='word_1_40' title='bbox 824 668 901 712; x_wconf 84' lang='grc' dir='ltr'>τὸν</span> <span class='ocrx_word' id='word_1_41' title='bbox 926 667 1273 725; x_wconf 83' lang='grc' dir='ltr'><strong><em>Ἑλλήσποντον,</em></strong></span> <span class='ocrx_word' id='word_1_42' title='bbox 1313 671 1386 714; x_wconf 78' lang='grc' dir='ltr'>καὶ</span> <span class='ocrx_word' id='word_1_43' title='bbox 1417 671 1509 714; x_wconf 79' lang='grc' dir='ltr'>ἔ-50</span> 
     </span>
     <span class='ocr_line' id='line_1_7' title="bbox 185 733 1453 795; baseline 0.002 -17"><span class='ocrx_word' id='word_1_44' title='bbox 185 751 331 788; x_wconf 83' lang='grc' dir='ltr'><strong><em>,,πειτα</em></strong></span> <span class='ocrx_word' id='word_1_45' title='bbox 359 733 527 778; x_wconf 77' lang='grc' dir='ltr'><strong><em>λύσωσι</em></strong></span> <span class='ocrx_word' id='word_1_46' title='bbox 555 735 637 791; x_wconf 81' lang='grc' dir='ltr'>τήν</span> <span class='ocrx_word' id='word_1_47' title='bbox 665 736 880 792; x_wconf 76' lang='grc' dir='ltr'><strong><em>γέφυραν,</em></strong></span> <span class='ocrx_word' id='word_1_48' title='bbox 910 741 1041 781; x_wconf 85' lang='grc' dir='ltr'><strong><em>τοῦτο</em></strong></span> <span class='ocrx_word' id='word_1_49' title='bbox 1074 739 1140 794; x_wconf 77' lang='grc' dir='ltr'>δὴ,</span> <span class='ocrx_word' id='word_1_50' title='bbox 1171 742 1364 795; x_wconf 83' lang='grc' dir='ltr'><strong><em>βασιλεῦ,</em></strong></span> <span class='ocrx_word' id='word_1_51' title='bbox 1390 740 1453 794; x_wconf 71' lang='grc' dir='ltr'>γί-</span> 
     </span>
    </p>

    <p class='ocr_par' dir='ltr' id='par_1_5' title="bbox 156 801 1451 864">
     <span class='ocr_line' id='line_1_8' title="bbox 156 801 1451 864; baseline 0.005 -20"><span class='ocrx_word' id='word_1_52' title='bbox 156 810 334 855; x_wconf 80' lang='grc' dir='ltr'><strong><em>8,,νεται</em></strong></span> <span class='ocrx_word' id='word_1_53' title='bbox 363 802 523 847; x_wconf 84' lang='grc' dir='ltr'><strong><em>δεινόν.</em></strong></span> <span class='ocrx_word' id='word_1_54' title='bbox 577 801 686 859; x_wconf 70' lang='grc' dir='ltr'>Ἐγώ</span> <span class='ocrx_word' id='word_1_55' title='bbox 731 804 777 848; x_wconf 82' lang='grc' dir='ltr'>δὲ</span> <span class='ocrx_word' id='word_1_56' title='bbox 817 803 998 864; x_wconf 78' lang='grc' dir='ltr'><strong><em>οὐδεμιῇ</em></strong></span> <span class='ocrx_word' id='word_1_57' title='bbox 1029 808 1164 864; x_wconf 84' lang='grc' dir='ltr'><strong><em>σοφίῃ</em></strong></span> <span class='ocrx_word' id='word_1_58' title='bbox 1196 808 1341 864; x_wconf 72' lang='grc' dir='ltr'><strong><em>οἰκηίῃ</em></strong></span> <span class='ocrx_word' id='word_1_59' title='bbox 1373 804 1451 851; x_wconf 82' lang='grc' dir='ltr'>αὐ-</span> 
     </span>
    </p>
   </div>
   <div class='ocr_carea' id='block_1_5' title="bbox 126 1000 798 2982">
    <p class='ocr_par' dir='ltr' id='par_1_6' title="bbox 127 1000 791 1225">
     <span class='ocr_line' id='line_1_9' title="bbox 128 1000 789 1052; baseline -0.006 -10"><span class='ocrx_word' id='word_1_60' title='bbox 128 1002 164 1042; x_wconf 83' lang='grc' dir='ltr'>εἰ</span> <span class='ocrx_word' id='word_1_61' title='bbox 203 1002 334 1052; x_wconf 81' lang='lat' dir='ltr'>(quod,</span> <span class='ocrx_word' id='word_1_62' title='bbox 376 1000 710 1052; x_wconf 80' lang='lat' dir='ltr'>quandoquidem);</span> <span class='ocrx_word' id='word_1_63' title='bbox 741 1000 789 1039; x_wconf 87' lang='lat' dir='ltr'>de</span> 
     </span>
     <span class='ocr_line' id='line_1_10' title="bbox 130 1058 791 1111; baseline 0 -15"><span class='ocrx_word' id='word_1_64' title='bbox 130 1071 204 1111; x_wconf 88' lang='lat' dir='ltr'>quo</span> <span class='ocrx_word' id='word_1_65' title='bbox 226 1058 338 1096; x_wconf 89' lang='lat' dir='ltr'>huius</span> <span class='ocrx_word' id='word_1_66' title='bbox 351 1059 560 1110; x_wconf 77' lang='lat' dir='ltr'>particulae</span> <span class='ocrx_word' id='word_1_67' title='bbox 579 1072 651 1096; x_wconf 86' lang='lat' dir='ltr'>usu</span> <span class='ocrx_word' id='word_1_68' title='bbox 667 1072 791 1110; x_wconf 85' lang='lat' dir='ltr'>expo-</span> 
     </span>
     <span class='ocr_line' id='line_1_11' title="bbox 127 1114 784 1167; baseline 0.003 -14"><span class='ocrx_word' id='word_1_69' title='bbox 127 1117 200 1153; x_wconf 88' lang='lat' dir='ltr'><strong>suit</strong></span> <span class='ocrx_word' id='word_1_70' title='bbox 220 1114 356 1153; x_wconf 82' lang='lat' dir='ltr'>Matth.</span> <span class='ocrx_word' id='word_1_71' title='bbox 379 1117 445 1153; x_wconf 89' lang='lat' dir='ltr'>Gr.</span> <span class='ocrx_word' id='word_1_72' title='bbox 482 1117 548 1153; x_wconf 87' lang='lat' dir='ltr'>Gr.</span> <span class='ocrx_word' id='word_1_73' title='bbox 570 1128 658 1167; x_wconf 87' lang='lat' dir='ltr'>pag.</span> <span class='ocrx_word' id='word_1_74' title='bbox 683 1115 784 1157; x_wconf 77' lang='lat'>1251</span> 
     </span>
     <span class='ocr_line' id='line_1_12' title="bbox 127 1185 206 1225; baseline -0.013 -16"><span class='ocrx_word' id='word_1_75' title='bbox 127 1185 206 1225; x_wconf 81' lang='lat' dir='ltr'>seq,</span> 
     </span>
    </p>

    <p class='ocr_par' dir='ltr' id='par_1_7' title="bbox 126 1244 798 2925">
     <span class='ocr_line' id='line_1_13' title="bbox 185 1244 790 1304; baseline -0.003 -14"><span class='ocrx_word' id='word_1_76' title='bbox 185 1247 260 1290; x_wconf 72' lang='grc' dir='ltr'>οὐκ</span> <span class='ocrx_word' id='word_1_77' title='bbox 282 1244 339 1290; x_wconf 72' lang='grc' dir='ltr'>ὦν</span> <span class='ocrx_word' id='word_1_78' title='bbox 361 1245 568 1304; x_wconf 63' lang='grc' dir='ltr'><strong><em>ἀμφοτέρῃ</em></strong></span> <span class='ocrx_word' id='word_1_79' title='bbox 603 1262 676 1299; x_wconf 86' lang='grc' dir='ltr'>σφι</span> <span class='ocrx_word' id='word_1_80' title='bbox 695 1244 790 1299; x_wconf 78' lang='grc' dir='ltr'>ἐχώ-</span> 
     </span>
     <span class='ocr_line' id='line_1_14' title="bbox 128 1306 789 1358; baseline -0.006 -12"><span class='ocrx_word' id='word_1_81' title='bbox 128 1309 241 1358; x_wconf 80' lang='grc' dir='ltr'><strong><em>ρησε]</em></strong></span> <span class='ocrx_word' id='word_1_82' title='bbox 273 1306 336 1344; x_wconf 90' lang='lat' dir='ltr'>Ad</span> <span class='ocrx_word' id='word_1_83' title='bbox 355 1308 517 1345; x_wconf 85' lang='lat' dir='ltr'>verbum</span> <span class='ocrx_word' id='word_1_84' title='bbox 538 1306 632 1344; x_wconf 87' lang='lat' dir='ltr'>haec</span> <span class='ocrx_word' id='word_1_85' title='bbox 653 1308 789 1343; x_wconf 83' lang='lat' dir='ltr'>Latine</span> 
     </span>
     <span class='ocr_line' id='line_1_15' title="bbox 128 1364 790 1413; baseline -0.002 -12"><span class='ocrx_word' id='word_1_86' title='bbox 128 1364 275 1401; x_wconf 87' lang='lat' dir='ltr'>reddita</span> <span class='ocrx_word' id='word_1_87' title='bbox 309 1371 467 1401; x_wconf 88' lang='lat' dir='ltr'>sonant:</span> <span class='ocrx_word' id='word_1_88' title='bbox 525 1377 633 1413; x_wconf 78' lang='lat' dir='ltr'>neque</span> <span class='ocrx_word' id='word_1_89' title='bbox 673 1365 790 1412; x_wconf 81' lang='lat' dir='ltr'>igitur</span> 
     </span>
     <span class='ocr_line' id='line_1_16' title="bbox 127 1420 790 1472; baseline -0.002 -14"><span class='ocrx_word' id='word_1_90' title='bbox 127 1422 280 1471; x_wconf 71' lang='lat' dir='ltr'>utrdque</span> <span class='ocrx_word' id='word_1_91' title='bbox 303 1420 430 1466; x_wconf 59' lang='lat' dir='ltr'>(terrei</span> <span class='ocrx_word' id='word_1_92' title='bbox 475 1420 667 1472; x_wconf 87' lang='lat' dir='ltr'>marique)</span> <span class='ocrx_word' id='word_1_93' title='bbox 704 1421 790 1470; x_wconf 73' lang='lat' dir='ltr'>ipsis</span> 
     </span>
     <span class='ocr_line' id='line_1_17' title="bbox 128 1476 791 1529; baseline -0.002 -15"><span class='ocrx_word' id='word_1_94' title='bbox 128 1479 293 1515; x_wconf 76' lang='lat' dir='ltr'>successit</span> <span class='ocrx_word' id='word_1_95' title='bbox 324 1476 458 1529; x_wconf 88' lang='lat' dir='ltr'>(quod</span> <span class='ocrx_word' id='word_1_96' title='bbox 478 1491 529 1515; x_wconf 89' lang='lat' dir='ltr'>sc.</span> <span class='ocrx_word' id='word_1_97' title='bbox 552 1478 791 1528; x_wconf 88' lang='lat' dir='ltr'>propositum</span> 
     </span>
     <span class='ocr_line' id='line_1_18' title="bbox 126 1530 791 1586; baseline 0.003 -15"><span class='ocrx_word' id='word_1_98' title='bbox 126 1535 215 1586; x_wconf 90' lang='lat' dir='ltr'>ipsis</span> <span class='ocrx_word' id='word_1_99' title='bbox 236 1535 358 1583; x_wconf 72' lang='lat' dir='ltr'>erat),</span> <span class='ocrx_word' id='word_1_100' title='bbox 397 1535 469 1570; x_wconf 89' lang='lat' dir='ltr'>nisi</span> <span class='ocrx_word' id='word_1_101' title='bbox 489 1536 670 1571; x_wconf 86' lang='lat' dir='ltr'>aoristum</span> <span class='ocrx_word' id='word_1_102' title='bbox 698 1530 791 1585; x_wconf 81' lang='grc' dir='ltr'><em>ε’χώ-</em></span> 
     </span>
     <span class='ocr_line' id='line_1_19' title="bbox 128 1589 791 1643; baseline -0.006 -13"><span class='ocrx_word' id='word_1_103' title='bbox 128 1603 223 1643; x_wconf 81' lang='grc' dir='ltr'><strong><em>ρησε</em></strong></span> <span class='ocrx_word' id='word_1_104' title='bbox 245 1590 380 1627; x_wconf 87' lang='lat' dir='ltr'>eadem</span> <span class='ocrx_word' id='word_1_105' title='bbox 395 1592 433 1628; x_wconf 86' lang='lat' dir='ltr'>vi</span> <span class='ocrx_word' id='word_1_106' title='bbox 451 1592 605 1638; x_wconf 87' lang='lat' dir='ltr'>latiore,</span> <span class='ocrx_word' id='word_1_107' title='bbox 628 1589 704 1642; x_wconf 60' lang='lat' dir='ltr'>qua</span> <span class='ocrx_word' id='word_1_108' title='bbox 723 1603 791 1627; x_wconf 91' lang='lat' dir='ltr'>su-</span> 
     </span>
     <span class='ocr_line' id='line_1_20' title="bbox 128 1643 788 1699; baseline 0 -15"><span class='ocrx_word' id='word_1_109' title='bbox 128 1661 196 1699; x_wconf 89' lang='lat' dir='ltr'>pra</span> <span class='ocrx_word' id='word_1_110' title='bbox 228 1643 438 1698; x_wconf 83' lang='grc' dir='ltr'><strong><em>συνήνεικε</em></strong></span> <span class='ocrx_word' id='word_1_111' title='bbox 464 1649 634 1698; x_wconf 89' lang='lat' dir='ltr'>accipere</span> <span class='ocrx_word' id='word_1_112' title='bbox 654 1648 788 1684; x_wconf 87' lang='lat' dir='ltr'>malis:</span> 
     </span>
     <span class='ocr_line' id='line_1_21' title="bbox 129 1704 791 1756; baseline -0.003 -14"><span class='ocrx_word' id='word_1_113' title='bbox 129 1704 246 1742; x_wconf 78' lang='lat' dir='ltr'><strong><em>cedere</em></strong></span> <span class='ocrx_word' id='word_1_114' title='bbox 260 1708 376 1754; x_wconf 79' lang='lat' dir='ltr'>potest</span> <span class='ocrx_word' id='word_1_115' title='bbox 396 1717 424 1743; x_wconf 91' lang='lat' dir='ltr'>s.</span> <span class='ocrx_word' id='word_1_116' title='bbox 447 1704 551 1742; x_wconf 79' lang='lat' dir='ltr'>solet:</span> <span class='ocrx_word' id='word_1_117' title='bbox 576 1717 673 1756; x_wconf 89' lang='lat' dir='ltr'>quae</span> <span class='ocrx_word' id='word_1_118' title='bbox 689 1705 791 1741; x_wconf 86' lang='lat' dir='ltr'>Gro-</span> 
     </span>
     <span class='ocr_line' id='line_1_22' title="bbox 127 1762 791 1809; baseline -0.002 -11"><span class='ocrx_word' id='word_1_119' title='bbox 127 1762 232 1798; x_wconf 84' lang='lat' dir='ltr'>novii</span> <span class='ocrx_word' id='word_1_120' title='bbox 262 1768 315 1798; x_wconf 89' lang='lat' dir='ltr'>est</span> <span class='ocrx_word' id='word_1_121' title='bbox 336 1763 544 1809; x_wconf 85' lang='lat' dir='ltr'>sententia,</span> <span class='ocrx_word' id='word_1_122' title='bbox 573 1762 625 1797; x_wconf 90' lang='lat' dir='ltr'>ita</span> <span class='ocrx_word' id='word_1_123' title='bbox 652 1768 694 1797; x_wconf 90' lang='lat' dir='ltr'>ut</span> <span class='ocrx_word' id='word_1_124' title='bbox 713 1762 791 1797; x_wconf 91' lang='lat' dir='ltr'>Ar-</span> 
     </span>
     <span class='ocr_line' id='line_1_23' title="bbox 127 1816 791 1855; baseline -0.003 0"><span class='ocrx_word' id='word_1_125' title='bbox 127 1819 286 1855; x_wconf 82' lang='lat' dir='ltr'><strong>tabanus</strong></span> <span class='ocrx_word' id='word_1_126' title='bbox 308 1816 381 1854; x_wconf 88' lang='lat' dir='ltr'>hoc</span> <span class='ocrx_word' id='word_1_127' title='bbox 403 1817 528 1855; x_wconf 84' lang='lat' dir='ltr'>dicere</span> <span class='ocrx_word' id='word_1_128' title='bbox 549 1818 710 1855; x_wconf 86' lang='lat' dir='ltr'>voluisse</span> <span class='ocrx_word' id='word_1_129' title='bbox 733 1819 791 1854; x_wconf 88' lang='lat' dir='ltr'>vi—</span> 
     </span>
     <span class='ocr_line' id='line_1_24' title="bbox 130 1874 792 1922; baseline -0.003 -10"><span class='ocrx_word' id='word_1_130' title='bbox 130 1874 285 1922; x_wconf 86' lang='lat' dir='ltr'>deatur,</span> <span class='ocrx_word' id='word_1_131' title='bbox 307 1888 377 1911; x_wconf 85' lang='lat' dir='ltr'>nec</span> <span class='ocrx_word' id='word_1_132' title='bbox 390 1874 489 1911; x_wconf 68' lang='lat' dir='ltr'>terrzi</span> <span class='ocrx_word' id='word_1_133' title='bbox 510 1888 581 1911; x_wconf 87' lang='lat' dir='ltr'>nec</span> <span class='ocrx_word' id='word_1_134' title='bbox 603 1875 699 1910; x_wconf 83' lang='lat' dir='ltr'>mari</span> <span class='ocrx_word' id='word_1_135' title='bbox 721 1887 792 1910; x_wconf 85' lang='lat' dir='ltr'>ex-</span> 
     </span>
     <span class='ocr_line' id='line_1_25' title="bbox 129 1927 790 1982; baseline 0.002 -16"><span class='ocrx_word' id='word_1_136' title='bbox 129 1927 366 1982; x_wconf 87' lang='lat' dir='ltr'>peditionem</span> <span class='ocrx_word' id='word_1_137' title='bbox 417 1931 498 1967; x_wconf 82' lang='lat' dir='ltr'>fore</span> <span class='ocrx_word' id='word_1_138' title='bbox 548 1943 790 1981; x_wconf 79' lang='lat' dir='ltr'>prosperam:</span> 
     </span>
     <span class='ocr_line' id='line_1_26' title="bbox 132 1987 793 2038; baseline -0.003 -13"><span class='ocrx_word' id='word_1_139' title='bbox 132 1987 180 2025; x_wconf 91' lang='lat' dir='ltr'>de</span> <span class='ocrx_word' id='word_1_140' title='bbox 213 1987 379 2024; x_wconf 86' lang='lat' dir='ltr'>terrestri</span> <span class='ocrx_word' id='word_1_141' title='bbox 409 1988 669 2024; x_wconf 85' lang='lat' dir='ltr'>coniecturam</span> <span class='ocrx_word' id='word_1_142' title='bbox 708 1988 793 2038; x_wconf 86' lang='lat' dir='ltr'>capi</span> 
     </span>
     <span class='ocr_line' id='line_1_27' title="bbox 133 2044 792 2094; baseline 0 -13"><span class='ocrx_word' id='word_1_143' title='bbox 133 2058 182 2081; x_wconf 86' lang='lat' dir='ltr'>ex</span> <span class='ocrx_word' id='word_1_144' title='bbox 210 2051 349 2080; x_wconf 85' lang='lat' dir='ltr'>eventu</span> <span class='ocrx_word' id='word_1_145' title='bbox 364 2044 403 2080; x_wconf 90' lang='lat' dir='ltr'>iu</span> <span class='ocrx_word' id='word_1_146' title='bbox 420 2057 511 2094; x_wconf 84' lang='lat' dir='ltr'>agro</span> <span class='ocrx_word' id='word_1_147' title='bbox 528 2045 654 2081; x_wconf 87' lang='lat' dir='ltr'>Attico</span> <span class='ocrx_word' id='word_1_148' title='bbox 670 2057 792 2094; x_wconf 88' lang='lat' dir='ltr'>posse,</span> 
     </span>
     <span class='ocr_line' id='line_1_28' title="bbox 132 2100 794 2148; baseline -0.003 -9"><span class='ocrx_word' id='word_1_149' title='bbox 132 2101 380 2139; x_wconf 68' lang='lat' dir='ltr'>consimiliter</span> <span class='ocrx_word' id='word_1_150' title='bbox 400 2100 447 2138; x_wconf 88' lang='lat' dir='ltr'>de</span> <span class='ocrx_word' id='word_1_151' title='bbox 468 2102 671 2148; x_wconf 86' lang='lat' dir='ltr'>maritima,</span> <span class='ocrx_word' id='word_1_152' title='bbox 693 2101 724 2138; x_wconf 91' lang='lat' dir='ltr'>si</span> <span class='ocrx_word' id='word_1_153' title='bbox 745 2100 794 2137; x_wconf 89' lang='lat' dir='ltr'>ad</span> 
     </span>
     <span class='ocr_line' id='line_1_29' title="bbox 130 2157 794 2209; baseline 0 -15"><span class='ocrx_word' id='word_1_154' title='bbox 130 2158 317 2209; x_wconf 87' lang='lat' dir='ltr'>proelium</span> <span class='ocrx_word' id='word_1_155' title='bbox 344 2170 402 2194; x_wconf 88' lang='lat' dir='ltr'>res</span> <span class='ocrx_word' id='word_1_156' title='bbox 431 2157 647 2205; x_wconf 81' lang='lat' dir='ltr'>devenerit,</span> <span class='ocrx_word' id='word_1_157' title='bbox 669 2158 794 2207; x_wconf 89' lang='lat' dir='ltr'>suspi-</span> 
     </span>
     <span class='ocr_line' id='line_1_30' title="bbox 133 2213 793 2266; baseline -0.002 -15"><span class='ocrx_word' id='word_1_158' title='bbox 133 2213 314 2252; x_wconf 87' lang='lat' dir='ltr'>candum.</span> <span class='ocrx_word' id='word_1_159' title='bbox 372 2214 476 2259; x_wconf 80' lang='lat' dir='ltr'>Quae</span> <span class='ocrx_word' id='word_1_160' title='bbox 505 2216 536 2251; x_wconf 89' lang='lat' dir='ltr'>si</span> <span class='ocrx_word' id='word_1_161' title='bbox 564 2216 696 2266; x_wconf 88' lang='lat' dir='ltr'>utique</span> <span class='ocrx_word' id='word_1_162' title='bbox 716 2215 793 2266; x_wconf 46' lang='lat' dir='ltr'>Arf</span> 
     </span>
     <span class='ocr_line' id='line_1_31' title="bbox 133 2271 792 2309; baseline -0.002 -1"><span class='ocrx_word' id='word_1_163' title='bbox 133 2272 261 2308; x_wconf 89' lang='lat' dir='ltr'>tabani</span> <span class='ocrx_word' id='word_1_164' title='bbox 281 2271 410 2307; x_wconf 89' lang='lat' dir='ltr'>fuisset</span> <span class='ocrx_word' id='word_1_165' title='bbox 429 2285 538 2309; x_wconf 85' lang='lat' dir='ltr'>mens</span> <span class='ocrx_word' id='word_1_166' title='bbox 561 2272 698 2308; x_wconf 88' lang='lat' dir='ltr'>melius</span> <span class='ocrx_word' id='word_1_167' title='bbox 718 2284 792 2307; x_wconf 86' lang='lat' dir='ltr'>no-</span> 
     </span>
     <span class='ocr_line' id='line_1_32' title="bbox 134 2326 792 2379; baseline 0.002 -15"><span class='ocrx_word' id='word_1_168' title='bbox 134 2340 223 2364; x_wconf 88' lang='lat' dir='ltr'>vam</span> <span class='ocrx_word' id='word_1_169' title='bbox 243 2326 448 2377; x_wconf 85' lang='lat' dir='ltr'>procedere</span> <span class='ocrx_word' id='word_1_170' title='bbox 467 2327 670 2379; x_wconf 84' lang='lat' dir='ltr'>periodum</span> <span class='ocrx_word' id='word_1_171' title='bbox 690 2329 792 2378; x_wconf 91' lang='lat' dir='ltr'>opti-</span> 
     </span>
     <span class='ocr_line' id='line_1_33' title="bbox 134 2385 792 2435; baseline 0.005 -17"><span class='ocrx_word' id='word_1_172' title='bbox 134 2396 199 2419; x_wconf 90' lang='lat' dir='ltr'>me</span> <span class='ocrx_word' id='word_1_173' title='bbox 239 2390 345 2420; x_wconf 87' lang='lat' dir='ltr'>notat</span> <span class='ocrx_word' id='word_1_174' title='bbox 373 2385 670 2435; x_wconf 84' lang='lat' dir='ltr'>Wesselingius‚</span> <span class='ocrx_word' id='word_1_175' title='bbox 701 2398 792 2421; x_wconf 89' lang='lat' dir='ltr'>eum</span> 
     </span>
     <span class='ocr_line' id='line_1_34' title="bbox 135 2437 791 2491; baseline 0.012 -18"><span class='ocrx_word' id='word_1_176' title='bbox 135 2439 215 2474; x_wconf 89' lang='lat' dir='ltr'>fere</span> <span class='ocrx_word' id='word_1_177' title='bbox 234 2439 272 2473; x_wconf 90' lang='lat' dir='ltr'>in</span> <span class='ocrx_word' id='word_1_178' title='bbox 291 2438 473 2477; x_wconf 83' lang='lat' dir='ltr'>modum:</span> <span class='ocrx_word' id='word_1_179' title='bbox 506 2438 638 2480; x_wconf 74' lang='grc' dir='ltr'><strong><em>οὔκων</em></strong></span> <span class='ocrx_word' id='word_1_180' title='bbox 657 2437 791 2491; x_wconf 82' lang='grc' dir='ltr'><strong><em>α’μφο-</em></strong></span> 
     </span>
     <span class='ocr_line' id='line_1_35' title="bbox 136 2491 791 2548; baseline 0.005 -16"><span class='ocrx_word' id='word_1_181' title='bbox 136 2492 283 2545; x_wconf 81' lang='grc' dir='ltr'><strong><em>τὲροισι</em></strong></span> <span class='ocrx_word' id='word_1_182' title='bbox 305 2491 495 2544; x_wconf 80' lang='grc' dir='ltr'><strong><em>χωρήσει,</em></strong></span> <span class='ocrx_word' id='word_1_183' title='bbox 526 2493 608 2535; x_wconf 72' lang='grc' dir='ltr'><strong><em>ἄλλ’</em></strong></span> <span class='ocrx_word' id='word_1_184' title='bbox 628 2495 705 2548; x_wconf 79' lang='grc' dir='ltr'>ἥν;</span> <span class='ocrx_word' id='word_1_185' title='bbox 738 2511 791 2535; x_wconf 86' lang='lat' dir='ltr'>er-</span> 
     </span>
     <span class='ocr_line' id='line_1_36' title="bbox 138 2551 789 2599; baseline 0.009 -13"><span class='ocrx_word' id='word_1_186' title='bbox 138 2562 186 2598; x_wconf 85' lang='lat' dir='ltr'>go</span> <span class='ocrx_word' id='word_1_187' title='bbox 209 2551 374 2587; x_wconf 79' lang='lat' dir='ltr'>neutrubi</span> <span class='ocrx_word' id='word_1_188' title='bbox 396 2551 577 2599; x_wconf 78' lang='lat' dir='ltr'>succedet,</span> <span class='ocrx_word' id='word_1_189' title='bbox 598 2554 659 2590; x_wconf 84' lang='lat' dir='ltr'>sed</span> <span class='ocrx_word' id='word_1_190' title='bbox 671 2556 704 2591; x_wconf 83' lang='lat' dir='ltr'>si</span> <span class='ocrx_word' id='word_1_191' title='bbox 717 2561 789 2593; x_wconf 86' lang='lat' dir='ltr'>etc.</span> 
     </span>
     <span class='ocr_line' id='line_1_37' title="bbox 140 2605 791 2660; baseline 0.005 -16"><span class='ocrx_word' id='word_1_192' title='bbox 140 2605 219 2644; x_wconf 83' lang='lat' dir='ltr'>Sed</span> <span class='ocrx_word' id='word_1_193' title='bbox 253 2605 492 2656; x_wconf 76' lang='lat' dir='ltr'>refragantur</span> <span class='ocrx_word' id='word_1_194' title='bbox 531 2608 616 2644; x_wconf 83' lang='lat' dir='ltr'>libri</span> <span class='ocrx_word' id='word_1_195' title='bbox 653 2612 791 2660; x_wconf 88' lang='lat' dir='ltr'>scripti,</span> 
     </span>
     <span class='ocr_line' id='line_1_38' title="bbox 139 2661 793 2714; baseline 0.006 -16"><span class='ocrx_word' id='word_1_196' title='bbox 139 2675 161 2698; x_wconf 91' lang='lat' dir='ltr'>a</span> <span class='ocrx_word' id='word_1_197' title='bbox 181 2663 316 2714; x_wconf 83' lang='lat' dir='ltr'>quibus</span> <span class='ocrx_word' id='word_1_198' title='bbox 345 2664 385 2698; x_wconf 86' lang='lat' dir='ltr'>iu</span> <span class='ocrx_word' id='word_1_199' title='bbox 404 2664 481 2714; x_wconf 87' lang='lat' dir='ltr'>ipsa</span> <span class='ocrx_word' id='word_1_200' title='bbox 503 2665 638 2700; x_wconf 85' lang='lat' dir='ltr'>vocula</span> <span class='ocrx_word' id='word_1_201' title='bbox 658 2661 793 2714; x_wconf 75' lang='grc' dir='ltr'><strong><em>ἄμφο-</em></strong></span> 
     </span>
     <span class='ocr_line' id='line_1_39' title="bbox 138 2717 795 2772; baseline 0.003 -16"><span class='ocrx_word' id='word_1_202' title='bbox 138 2717 229 2772; x_wconf 78' lang='grc' dir='ltr'><strong><em>τέρῃ</em></strong></span> <span class='ocrx_word' id='word_1_203' title='bbox 239 2719 404 2755; x_wconf 86' lang='lat' dir='ltr'>multum</span> <span class='ocrx_word' id='word_1_204' title='bbox 418 2720 590 2771; x_wconf 85' lang='lat' dir='ltr'>quamvis</span> <span class='ocrx_word' id='word_1_205' title='bbox 604 2720 795 2758; x_wconf 83' lang='lat' dir='ltr'>fluctuan-</span> 
     </span>
     <span class='ocr_line' id='line_1_40' title="bbox 139 2775 795 2815; baseline 0.006 -5"><span class='ocrx_word' id='word_1_206' title='bbox 139 2775 239 2811; x_wconf 88' lang='lat' dir='ltr'>tibus</span> <span class='ocrx_word' id='word_1_207' title='bbox 260 2776 417 2812; x_wconf 87' lang='lat' dir='ltr'>omnino</span> <span class='ocrx_word' id='word_1_208' title='bbox 448 2775 628 2812; x_wconf 89' lang='lat' dir='ltr'>standum</span> <span class='ocrx_word' id='word_1_209' title='bbox 648 2789 795 2815; x_wconf 87' lang='lat' dir='ltr'>censeo.</span> 
     </span>
     <span class='ocr_line' id='line_1_41' title="bbox 139 2832 797 2882; baseline 0.006 -16"><span class='ocrx_word' id='word_1_210' title='bbox 139 2832 220 2867; x_wconf 89' lang='lat' dir='ltr'>Nec</span> <span class='ocrx_word' id='word_1_211' title='bbox 254 2832 419 2867; x_wconf 88' lang='lat' dir='ltr'>multum</span> <span class='ocrx_word' id='word_1_212' title='bbox 459 2833 700 2882; x_wconf 83' lang='lat' dir='ltr'>proficiemus</span> <span class='ocrx_word' id='word_1_213' title='bbox 716 2862 726 2880; x_wconf 91' lang='lat'>‚</span> <span class='ocrx_word' id='word_1_214' title='bbox 776 2847 797 2870; x_wconf 88' lang='lat' dir='ltr'>e</span> 
     </span>
     <span class='ocr_line' id='line_1_42' title="bbox 142 2887 798 2925; baseline 0.002 -1"><span class='ocrx_word' id='word_1_215' title='bbox 142 2887 331 2924; x_wconf 81' lang='lat' dir='ltr'>Saucrofti</span> <span class='ocrx_word' id='word_1_216' title='bbox 356 2887 486 2924; x_wconf 88' lang='lat' dir='ltr'>codice</span> <span class='ocrx_word' id='word_1_217' title='bbox 519 2896 555 2925; x_wconf 86' lang='lat' dir='ltr'>et</span> <span class='ocrx_word' id='word_1_218' title='bbox 575 2888 714 2925; x_wconf 83' lang='lat' dir='ltr'>Aldina</span> <span class='ocrx_word' id='word_1_219' title='bbox 734 2902 798 2925; x_wconf 88' lang='lat' dir='ltr'>re-</span> 
     </span>
    </p>

    <p class='ocr_par' dir='ltr' id='par_1_8' title="bbox 198 2945 504 2982">
     <span class='ocr_line' id='line_1_43' title="bbox 198 2945 504 2982; baseline 0.007 -3"><span class='ocrx_word' id='word_1_220' title='bbox 198 2945 416 2980; x_wconf 66' lang='lat' dir='ltr'>Hssnono&#39;r.</span> <span class='ocrx_word' id='word_1_221' title='bbox 438 2946 504 2982; x_wconf 89' lang='grc' dir='ltr'>ΠΙ.</span> 
     </span>
    </p>
   </div>
   <div class='ocr_carea' id='block_1_6' title="bbox 845 999 1514 2191">
    <p class='ocr_par' dir='ltr' id='par_1_9' title="bbox 845 999 1514 2191">
     <span class='ocr_line' id='line_1_44' title="bbox 847 999 1508 1055; baseline 0.006 -16"><span class='ocrx_word' id='word_1_222' title='bbox 847 1004 1030 1054; x_wconf 83' lang='lat' dir='ltr'>cipientes</span> <span class='ocrx_word' id='word_1_223' title='bbox 1051 999 1282 1055; x_wconf 71' lang='grc' dir='ltr'><strong><em>ἐχώρησαντ,</em></strong></span> <span class='ocrx_word' id='word_1_224' title='bbox 1320 1017 1393 1042; x_wconf 88' lang='lat' dir='ltr'>nec</span> <span class='ocrx_word' id='word_1_225' title='bbox 1422 1018 1508 1043; x_wconf 88' lang='lat' dir='ltr'>ma-</span> 
     </span>
     <span class='ocr_line' id='line_1_45' title="bbox 847 1059 1508 1111; baseline 0.005 -15"><span class='ocrx_word' id='word_1_226' title='bbox 847 1061 903 1110; x_wconf 81' lang='lat' dir='ltr'>gis</span> <span class='ocrx_word' id='word_1_227' title='bbox 914 1061 1038 1111; x_wconf 90' lang='lat' dir='ltr'>placet</span> <span class='ocrx_word' id='word_1_228' title='bbox 1048 1059 1404 1111; x_wconf 79' lang='lat' dir='ltr'>Schweighaeuseri</span> <span class='ocrx_word' id='word_1_229' title='bbox 1418 1075 1508 1099; x_wconf 86' lang='lat' dir='ltr'>sen-</span> 
     </span>
     <span class='ocr_line' id='line_1_46' title="bbox 846 1116 1510 1169; baseline 0.008 -15"><span class='ocrx_word' id='word_1_230' title='bbox 846 1118 985 1164; x_wconf 88' lang='lat' dir='ltr'>tentia,</span> <span class='ocrx_word' id='word_1_231' title='bbox 1028 1118 1095 1169; x_wconf 86' lang='lat' dir='ltr'>qui</span> <span class='ocrx_word' id='word_1_232' title='bbox 1124 1118 1332 1155; x_wconf 82' lang='lat' dir='ltr'>formulam</span> <span class='ocrx_word' id='word_1_233' title='bbox 1359 1116 1510 1159; x_wconf 76' lang='grc' dir='ltr'><strong><em>οὔκουν</em></strong></span> 
     </span>
     <span class='ocr_line' id='line_1_47' title="bbox 847 1173 1510 1227; baseline 0.003 -17"><span class='ocrx_word' id='word_1_234' title='bbox 847 1181 890 1210; x_wconf 85' lang='lat' dir='ltr'>ut</span> <span class='ocrx_word' id='word_1_235' title='bbox 921 1175 1012 1210; x_wconf 89' lang='lat' dir='ltr'>alias</span> <span class='ocrx_word' id='word_1_236' title='bbox 1043 1175 1095 1210; x_wconf 89' lang='lat' dir='ltr'>ita</span> <span class='ocrx_word' id='word_1_237' title='bbox 1126 1173 1190 1211; x_wconf 86' lang='grc' dir='ltr'>11ἰο</span> <span class='ocrx_word' id='word_1_238' title='bbox 1213 1188 1366 1227; x_wconf 88' lang='lat' dir='ltr'>quoque</span> <span class='ocrx_word' id='word_1_239' title='bbox 1386 1176 1427 1212; x_wconf 87' lang='lat' dir='ltr'>in</span> <span class='ocrx_word' id='word_1_240' title='bbox 1446 1178 1510 1212; x_wconf 83' lang='lat' dir='ltr'>in-</span> 
     </span>
     <span class='ocr_line' id='line_1_48' title="bbox 847 1231 1512 1282; baseline 0.006 -16"><span class='ocrx_word' id='word_1_241' title='bbox 847 1231 1105 1280; x_wconf 83' lang='lat' dir='ltr'>terrogatione</span> <span class='ocrx_word' id='word_1_242' title='bbox 1144 1233 1265 1282; x_wconf 88' lang='lat' dir='ltr'>accipi</span> <span class='ocrx_word' id='word_1_243' title='bbox 1303 1233 1405 1280; x_wconf 75' lang='lat' dir='ltr'>vult,</span> <span class='ocrx_word' id='word_1_244' title='bbox 1443 1232 1512 1270; x_wconf 90' lang='lat' dir='ltr'>sed</span> 
     </span>
     <span class='ocr_line' id='line_1_49' title="bbox 847 1289 1510 1338; baseline 0.005 -15"><span class='ocrx_word' id='word_1_245' title='bbox 847 1289 932 1332; x_wconf 84' lang='lat' dir='ltr'>ita,</span> <span class='ocrx_word' id='word_1_246' title='bbox 964 1294 1007 1324; x_wconf 87' lang='lat' dir='ltr'>ut</span> <span class='ocrx_word' id='word_1_247' title='bbox 1035 1289 1280 1338; x_wconf 84' lang='lat' dir='ltr'>interrogatio</span> <span class='ocrx_word' id='word_1_248' title='bbox 1314 1289 1421 1325; x_wconf 89' lang='lat' dir='ltr'>idem</span> <span class='ocrx_word' id='word_1_249' title='bbox 1440 1303 1510 1327; x_wconf 81' lang='lat' dir='ltr'>va-</span> 
     </span>
     <span class='ocr_line' id='line_1_50' title="bbox 846 1345 1510 1396; baseline 0.005 -16"><span class='ocrx_word' id='word_1_250' title='bbox 846 1345 920 1380; x_wconf 89' lang='lat' dir='ltr'>leat</span> <span class='ocrx_word' id='word_1_251' title='bbox 942 1350 1056 1396; x_wconf 85' lang='lat' dir='ltr'>atque</span> <span class='ocrx_word' id='word_1_252' title='bbox 1071 1347 1257 1382; x_wconf 88' lang='lat' dir='ltr'>sententia</span> <span class='ocrx_word' id='word_1_253' title='bbox 1284 1345 1510 1384; x_wconf 84' lang='lat' dir='ltr'>affirmative</span> 
     </span>
     <span class='ocr_line' id='line_1_51' title="bbox 846 1401 1510 1454; baseline 0.005 -17"><span class='ocrx_word' id='word_1_254' title='bbox 846 1414 1023 1451; x_wconf 85' lang='lat' dir='ltr'>expressa</span> <span class='ocrx_word' id='word_1_255' title='bbox 1044 1414 1132 1438; x_wconf 89' lang='lat' dir='ltr'>cum</span> <span class='ocrx_word' id='word_1_256' title='bbox 1147 1401 1400 1452; x_wconf 85' lang='lat' dir='ltr'>praecedente</span> <span class='ocrx_word' id='word_1_257' title='bbox 1419 1417 1510 1454; x_wconf 90' lang='lat' dir='ltr'>par-</span> 
     </span>
     <span class='ocr_line' id='line_1_52' title="bbox 845 1456 1509 1509; baseline 0.003 -14"><span class='ocrx_word' id='word_1_258' title='bbox 845 1458 961 1495; x_wconf 85' lang='lat' dir='ltr'>ticula</span> <span class='ocrx_word' id='word_1_259' title='bbox 997 1456 1243 1495; x_wconf 83' lang='lat' dir='ltr'>conditionali</span> <span class='ocrx_word' id='word_1_260' title='bbox 1282 1459 1337 1506; x_wconf 79' lang='grc' dir='ltr'>εἰ,</span> <span class='ocrx_word' id='word_1_261' title='bbox 1366 1467 1409 1496; x_wconf 89' lang='lat' dir='ltr'>ut</span> <span class='ocrx_word' id='word_1_262' title='bbox 1445 1461 1509 1509; x_wconf 89' lang='lat' dir='ltr'>IV,</span> 
     </span>
     <span class='ocr_line' id='line_1_53' title="bbox 850 1513 1512 1566; baseline 0.006 -16"><span class='ocrx_word' id='word_1_263' title='bbox 850 1517 945 1555; x_wconf 82' lang='grc'>118.</span> <span class='ocrx_word' id='word_1_264' title='bbox 973 1515 1107 1566; x_wconf 89' lang='lat' dir='ltr'>Itaque</span> <span class='ocrx_word' id='word_1_265' title='bbox 1133 1513 1172 1551; x_wconf 93' lang='lat' dir='ltr'>h.</span> <span class='ocrx_word' id='word_1_266' title='bbox 1194 1517 1219 1552; x_wconf 92' lang='lat' dir='ltr'>l.</span> <span class='ocrx_word' id='word_1_267' title='bbox 1249 1515 1407 1566; x_wconf 86' lang='lat' dir='ltr'>perinde</span> <span class='ocrx_word' id='word_1_268' title='bbox 1433 1531 1512 1554; x_wconf 86' lang='lat' dir='ltr'>esse</span> 
     </span>
     <span class='ocr_line' id='line_1_54' title="bbox 848 1571 1514 1612; baseline 0.008 -5"><span class='ocrx_word' id='word_1_269' title='bbox 848 1571 899 1607; x_wconf 90' lang='lat' dir='ltr'>ait</span> <span class='ocrx_word' id='word_1_270' title='bbox 920 1583 963 1607; x_wconf 89' lang='lat' dir='ltr'>ac</span> <span class='ocrx_word' id='word_1_271' title='bbox 983 1572 1012 1608; x_wconf 86' lang='lat' dir='ltr'>si</span> <span class='ocrx_word' id='word_1_272' title='bbox 1035 1571 1189 1608; x_wconf 78' lang='lat' dir='ltr'>dixisset</span> <span class='ocrx_word' id='word_1_273' title='bbox 1207 1572 1443 1611; x_wconf 84' lang='lat' dir='ltr'>Artabanus:</span> <span class='ocrx_word' id='word_1_274' title='bbox 1477 1573 1514 1612; x_wconf 81' lang='grc' dir='ltr'>εἰ</span> 
     </span>
     <span class='ocr_line' id='line_1_55' title="bbox 848 1621 1514 1683; baseline 0.005 -17"><span class='ocrx_word' id='word_1_275' title='bbox 848 1621 905 1666; x_wconf 71' lang='grc' dir='ltr'>ὧν</span> <span class='ocrx_word' id='word_1_276' title='bbox 935 1622 1010 1667; x_wconf 70' lang='grc' dir='ltr'>οὐκ</span> <span class='ocrx_word' id='word_1_277' title='bbox 1040 1624 1244 1683; x_wconf 80' lang='grc' dir='ltr'><strong><em>οἷμφοτέρῃ</em></strong></span> <span class='ocrx_word' id='word_1_278' title='bbox 1285 1628 1330 1678; x_wconf 88' lang='lat' dir='ltr'>(i.</span> <span class='ocrx_word' id='word_1_279' title='bbox 1362 1643 1395 1667; x_wconf 88' lang='lat' dir='ltr'>e.</span> <span class='ocrx_word' id='word_1_280' title='bbox 1430 1626 1514 1669; x_wconf 84' lang='grc' dir='ltr'><strong><em>κατ’</em></strong></span> 
     </span>
     <span class='ocr_line' id='line_1_56' title="bbox 848 1679 1512 1737; baseline 0.003 -15"><span class='ocrx_word' id='word_1_281' title='bbox 848 1679 1080 1737; x_wconf 79' lang='grc' dir='ltr'><strong><em>α’μφότερα)</em></strong></span> <span class='ocrx_word' id='word_1_282' title='bbox 1122 1696 1193 1734; x_wconf 88' lang='grc' dir='ltr'><strong><em>σφι</em></strong></span> <span class='ocrx_word' id='word_1_283' title='bbox 1229 1682 1403 1737; x_wconf 78' lang='grc' dir='ltr'><strong><em>ἐχώρησε</em></strong></span> <span class='ocrx_word' id='word_1_284' title='bbox 1432 1688 1512 1725; x_wconf 87' lang='lat' dir='ltr'>sive</span> 
     </span>
     <span class='ocr_line' id='line_1_57' title="bbox 847 1736 1512 1795; baseline 0.002 -16"><span class='ocrx_word' id='word_1_285' title='bbox 847 1736 1031 1792; x_wconf 76' lang='grc' dir='ltr'><strong><em>χωρήσει.</em></strong></span> <span class='ocrx_word' id='word_1_286' title='bbox 1091 1741 1200 1789; x_wconf 85' lang='lat' dir='ltr'>Mihi,</span> <span class='ocrx_word' id='word_1_287' title='bbox 1222 1749 1264 1780; x_wconf 87' lang='lat' dir='ltr'>ut</span> <span class='ocrx_word' id='word_1_288' title='bbox 1285 1742 1377 1793; x_wconf 86' lang='lat' dir='ltr'>dixi,</span> <span class='ocrx_word' id='word_1_289' title='bbox 1398 1757 1512 1795; x_wconf 89' lang='lat' dir='ltr'>prae-</span> 
     </span>
     <span class='ocr_line' id='line_1_58' title="bbox 848 1799 1513 1850; baseline 0.008 -17"><span class='ocrx_word' id='word_1_290' title='bbox 848 1799 974 1848; x_wconf 82' lang='lat' dir='ltr'>placet</span> <span class='ocrx_word' id='word_1_291' title='bbox 994 1799 1110 1835; x_wconf 84' lang='lat' dir='ltr'>altera</span> <span class='ocrx_word' id='word_1_292' title='bbox 1120 1800 1394 1850; x_wconf 87' lang='lat' dir='ltr'>interpretatio.</span> <span class='ocrx_word' id='word_1_293' title='bbox 1414 1803 1513 1838; x_wconf 87' lang='lat' dir='ltr'>Lar-</span> 
     </span>
     <span class='ocr_line' id='line_1_59' title="bbox 849 1853 1512 1908; baseline 0.006 -18"><span class='ocrx_word' id='word_1_294' title='bbox 849 1853 984 1891; x_wconf 86' lang='lat' dir='ltr'>cherus</span> <span class='ocrx_word' id='word_1_295' title='bbox 1015 1868 1105 1891; x_wconf 89' lang='lat' dir='ltr'>cum</span> <span class='ocrx_word' id='word_1_296' title='bbox 1143 1856 1264 1894; x_wconf 66' lang='lat' dir='ltr'>Corae</span> <span class='ocrx_word' id='word_1_297' title='bbox 1284 1858 1325 1893; x_wconf 89' lang='lat' dir='ltr'>in</span> <span class='ocrx_word' id='word_1_298' title='bbox 1345 1858 1512 1908; x_wconf 79' lang='lat' dir='ltr'>vulgata,</span> 
     </span>
     <span class='ocr_line' id='line_1_60' title="bbox 849 1910 1511 1965; baseline 0.003 -17"><span class='ocrx_word' id='word_1_299' title='bbox 849 1924 966 1962; x_wconf 84' lang='lat' dir='ltr'>quam</span> <span class='ocrx_word' id='word_1_300' title='bbox 987 1910 1242 1959; x_wconf 83' lang='lat' dir='ltr'>exhibuimus,</span> <span class='ocrx_word' id='word_1_301' title='bbox 1256 1914 1511 1965; x_wconf 87' lang='lat' dir='ltr'>acquiescens,</span> 
     </span>
     <span class='ocr_line' id='line_1_61' title="bbox 849 1968 1512 2021; baseline 0.008 -18"><span class='ocrx_word' id='word_1_302' title='bbox 849 1968 902 2004; x_wconf 89' lang='lat' dir='ltr'>ita</span> <span class='ocrx_word' id='word_1_303' title='bbox 922 1968 1066 2005; x_wconf 86' lang='lat' dir='ltr'>Gallice</span> <span class='ocrx_word' id='word_1_304' title='bbox 1096 1968 1282 2006; x_wconf 89' lang='lat' dir='ltr'>reddidit:</span> <span class='ocrx_word' id='word_1_305' title='bbox 1313 1972 1404 2007; x_wconf 76' lang='lat' dir='ltr'>mais</span> <span class='ocrx_word' id='word_1_306' title='bbox 1427 1985 1512 2021; x_wconf 82' lang='lat' dir='ltr'>sup-</span> 
     </span>
     <span class='ocr_line' id='line_1_62' title="bbox 847 2025 1513 2078; baseline 0.008 -18"><span class='ocrx_word' id='word_1_307' title='bbox 847 2038 986 2074; x_wconf 73' lang='lat' dir='ltr'>posons,</span> <span class='ocrx_word' id='word_1_308' title='bbox 1019 2025 1123 2074; x_wconf 76' lang='lat' dir='ltr'>qu’z&#39;ls</span> <span class='ocrx_word' id='word_1_309' title='bbox 1147 2038 1189 2062; x_wconf 78' lang='lat' dir='ltr'>ne</span> <span class='ocrx_word' id='word_1_310' title='bbox 1216 2027 1424 2064; x_wconf 79' lang='lat' dir='ltr'>re&#39;ussz&#39;ssent</span> <span class='ocrx_word' id='word_1_311' title='bbox 1444 2041 1513 2078; x_wconf 83' lang='lat' dir='ltr'>pas</span> 
     </span>
     <span class='ocr_line' id='line_1_63' title="bbox 851 2081 1513 2122; baseline 0.006 -5"><span class='ocrx_word' id='word_1_312' title='bbox 851 2082 875 2117; x_wconf 80' lang='grc' dir='ltr'>ὰ</span> <span class='ocrx_word' id='word_1_313' title='bbox 895 2094 982 2117; x_wconf 77' lang='lat' dir='ltr'>nous</span> <span class='ocrx_word' id='word_1_314' title='bbox 999 2081 1113 2118; x_wconf 78' lang='lat' dir='ltr'>battre</span> <span class='ocrx_word' id='word_1_315' title='bbox 1133 2095 1193 2118; x_wconf 83' lang='lat' dir='ltr'>sur</span> <span class='ocrx_word' id='word_1_316' title='bbox 1213 2086 1302 2120; x_wconf 81' lang='lat' dir='ltr'>terre</span> <span class='ocrx_word' id='word_1_317' title='bbox 1322 2087 1355 2120; x_wconf 84' lang='lat' dir='ltr'>et</span> <span class='ocrx_word' id='word_1_318' title='bbox 1373 2097 1432 2121; x_wconf 85' lang='lat' dir='ltr'>sur</span> <span class='ocrx_word' id='word_1_319' title='bbox 1442 2097 1513 2122; x_wconf 78' lang='lat' dir='ltr'>mer</span> 
     </span>
     <span class='ocr_line' id='line_1_64' title="bbox 851 2137 1510 2191; baseline 0.006 -17"><span class='ocrx_word' id='word_1_320' title='bbox 851 2138 874 2173; x_wconf 79' lang='grc' dir='ltr'><em>ἀ</em></span> <span class='ocrx_word' id='word_1_321' title='bbox 895 2138 932 2174; x_wconf 87' lang='lat' dir='ltr'>la</span> <span class='ocrx_word' id='word_1_322' title='bbox 946 2137 1032 2187; x_wconf 84' lang='lat' dir='ltr'>fois.</span> <span class='ocrx_word' id='word_1_323' title='bbox 1074 2140 1207 2189; x_wconf 84' lang='lat' dir='ltr'>Lange</span> <span class='ocrx_word' id='word_1_324' title='bbox 1222 2141 1510 2191; x_wconf 84' lang='lat' dir='ltr'>interpretatur:</span> 
     </span>
    </p>
   </div>
   <div class='ocr_carea' id='block_1_7' title="bbox 812 2193 1512 2248">
    <p class='ocr_par' dir='ltr' id='par_1_10' title="bbox 812 2193 1512 2248">
     <span class='ocr_line' id='line_1_65' title="bbox 812 2193 1512 2248; baseline 0.009 -19"><span class='ocrx_word' id='word_1_325' title='bbox 812 2203 817 2207; x_wconf 86' lang='lat'>·</span> <span class='ocrx_word' id='word_1_326' title='bbox 848 2193 949 2231; x_wconf 68' lang='lat' dir='ltr'>Duclt</span> <span class='ocrx_word' id='word_1_327' title='bbox 968 2207 1003 2231; x_wconf 84' lang='lat' dir='ltr'>es</span> <span class='ocrx_word' id='word_1_328' title='bbox 1023 2195 1088 2232; x_wconf 84' lang='lat' dir='ltr'>soll</span> <span class='ocrx_word' id='word_1_329' title='bbox 1108 2195 1211 2232; x_wconf 80' lang='lat' dir='ltr'>ilmen</span> <span class='ocrx_word' id='word_1_330' title='bbox 1231 2197 1329 2234; x_wconf 76' lang='lat' dir='ltr'>nicht</span> <span class='ocrx_word' id='word_1_331' title='bbox 1361 2211 1408 2234; x_wconf 80' lang='lat' dir='ltr'>an</span> <span class='ocrx_word' id='word_1_332' title='bbox 1431 2197 1512 2248; x_wconf 76' lang='lat' dir='ltr'>bey-</span> 
     </span>
    </p>
   </div>
   <div class='ocr_carea' id='block_1_8' title="bbox 848 2250 1513 2348">
    <p class='ocr_par' dir='ltr' id='par_1_11' title="bbox 848 2250 1513 2348">
     <span class='ocr_line' id='line_1_66' title="bbox 848 2250 1513 2301; baseline 0.008 -14"><span class='ocrx_word' id='word_1_333' title='bbox 848 2250 914 2287; x_wconf 82' lang='lat' dir='ltr'>den</span> <span class='ocrx_word' id='word_1_334' title='bbox 957 2251 1067 2288; x_wconf 82' lang='lat' dir='ltr'>Orten</span> <span class='ocrx_word' id='word_1_335' title='bbox 1103 2252 1277 2301; x_wconf 62' lang='lat' dir='ltr'>gliiclcem</span> <span class='ocrx_word' id='word_1_336' title='bbox 1326 2254 1513 2292; x_wconf 90' lang='lat' dir='ltr'>Herodoti</span> 
     </span>
     <span class='ocr_line' id='line_1_67' title="bbox 848 2308 1332 2348; baseline 0.006 -4"><span class='ocrx_word' id='word_1_337' title='bbox 848 2314 1021 2345; x_wconf 88' lang='lat' dir='ltr'>mentem</span> <span class='ocrx_word' id='word_1_338' title='bbox 1041 2308 1108 2347; x_wconf 82' lang='lat' dir='ltr'>vix</span> <span class='ocrx_word' id='word_1_339' title='bbox 1128 2317 1332 2348; x_wconf 87' lang='lat' dir='ltr'>assecutus.</span> 
     </span>
    </p>
   </div>
   <div class='ocr_carea' id='block_1_9' title="bbox 1124 2423 1234 2468">
    <p class='ocr_par' dir='ltr' id='par_1_12' title="bbox 1124 2423 1234 2468">
     <span class='ocr_line' id='line_1_68' title="bbox 1124 2423 1234 2468; baseline 0.009 -9"><span class='ocrx_word' id='word_1_340' title='bbox 1124 2423 1162 2468; x_wconf 64' lang='grc' dir='ltr'>ς.</span> <span class='ocrx_word' id='word_1_341' title='bbox 1194 2424 1234 2462; x_wconf 88' lang='lat'>3.</span> 
     </span>
    </p>
   </div>
   <div class='ocr_carea' id='block_1_10' title="bbox 843 2499 1514 2944">
    <p class='ocr_par' dir='ltr' id='par_1_13' title="bbox 843 2499 1514 2944">
     <span class='ocr_line' id='line_1_69' title="bbox 909 2499 1514 2555; baseline -0.002 -16"><span class='ocrx_word' id='word_1_342' title='bbox 909 2499 1033 2555; x_wconf 80' lang='grc' dir='ltr'><strong><em>σοφίῃ</em></strong></span> <span class='ocrx_word' id='word_1_343' title='bbox 1053 2500 1207 2555; x_wconf 79' lang='grc' dir='ltr'><strong><em>οἰκηΐῃ]</em></strong></span> <span class='ocrx_word' id='word_1_344' title='bbox 1230 2501 1427 2538; x_wconf 77' lang='lat' dir='ltr'>Sententia</span> <span class='ocrx_word' id='word_1_345' title='bbox 1439 2502 1514 2538; x_wconf 86' lang='lat' dir='ltr'>loci</span> 
     </span>
     <span class='ocr_line' id='line_1_70' title="bbox 848 2554 1514 2608; baseline 0.005 -16"><span class='ocrx_word' id='word_1_346' title='bbox 848 2554 944 2593; x_wconf 88' lang='lat' dir='ltr'>haec</span> <span class='ocrx_word' id='word_1_347' title='bbox 983 2564 1059 2594; x_wconf 85' lang='lat' dir='ltr'>est:</span> <span class='ocrx_word' id='word_1_348' title='bbox 1110 2556 1289 2608; x_wconf 85' lang='lat' dir='ltr'>equidem</span> <span class='ocrx_word' id='word_1_349' title='bbox 1318 2556 1412 2595; x_wconf 84' lang='lat' dir='ltr'>haec</span> <span class='ocrx_word' id='word_1_350' title='bbox 1433 2571 1514 2595; x_wconf 87' lang='lat' dir='ltr'>non</span> 
     </span>
     <span class='ocr_line' id='line_1_71' title="bbox 843 2612 1514 2666; baseline 0.003 -17"><span class='ocrx_word' id='word_1_351' title='bbox 843 2613 1021 2663; x_wconf 78' lang='lat' dir='ltr'>peculiari</span> <span class='ocrx_word' id='word_1_352' title='bbox 1041 2612 1198 2663; x_wconf 69' lang='lat' dir='ltr'>quddam</span> <span class='ocrx_word' id='word_1_353' title='bbox 1217 2616 1407 2665; x_wconf 77' lang='lat' dir='ltr'>sapientia,</span> <span class='ocrx_word' id='word_1_354' title='bbox 1437 2615 1514 2666; x_wconf 63' lang='lat' dir='ltr'>quei</span> 
     </span>
     <span class='ocr_line' id='line_1_72' title="bbox 851 2668 1513 2721; baseline 0.005 -17"><span class='ocrx_word' id='word_1_355' title='bbox 851 2668 1031 2719; x_wconf 79' lang='lat' dir='ltr'>equIdem</span> <span class='ocrx_word' id='word_1_356' title='bbox 1060 2683 1151 2720; x_wconf 88' lang='lat' dir='ltr'>prae</span> <span class='ocrx_word' id='word_1_357' title='bbox 1189 2673 1320 2708; x_wconf 87' lang='lat' dir='ltr'>ceteris</span> <span class='ocrx_word' id='word_1_358' title='bbox 1349 2671 1513 2721; x_wconf 83' lang='lat' dir='ltr'>gaudeo,</span> 
     </span>
     <span class='ocr_line' id='line_1_73' title="bbox 853 2725 1514 2778; baseline 0.003 -18"><span class='ocrx_word' id='word_1_359' title='bbox 853 2725 1013 2762; x_wconf 88' lang='lat' dir='ltr'>coniicio</span> <span class='ocrx_word' id='word_1_360' title='bbox 1027 2756 1036 2773; x_wconf 94' lang='lat'>,</span> <span class='ocrx_word' id='word_1_361' title='bbox 1071 2726 1138 2763; x_wconf 88' lang='lat' dir='ltr'>sed</span> <span class='ocrx_word' id='word_1_362' title='bbox 1159 2740 1208 2763; x_wconf 88' lang='lat' dir='ltr'>ex</span> <span class='ocrx_word' id='word_1_363' title='bbox 1227 2729 1284 2774; x_wconf 90' lang='lat' dir='ltr'>iis,</span> <span class='ocrx_word' id='word_1_364' title='bbox 1315 2740 1414 2778; x_wconf 87' lang='lat' dir='ltr'>quae</span> <span class='ocrx_word' id='word_1_365' title='bbox 1426 2733 1514 2763; x_wconf 89' lang='lat' dir='ltr'>ante</span> 
     </span>
     <span class='ocr_line' id='line_1_74' title="bbox 854 2780 1514 2834; baseline 0.003 -18"><span class='ocrx_word' id='word_1_366' title='bbox 854 2780 1031 2818; x_wconf 84' lang='lat' dir='ltr'>accidisse</span> <span class='ocrx_word' id='word_1_367' title='bbox 1047 2782 1159 2819; x_wconf 83' lang='lat' dir='ltr'>video</span> <span class='ocrx_word' id='word_1_368' title='bbox 1176 2813 1185 2830; x_wconf 92' lang='lat'>,</span> <span class='ocrx_word' id='word_1_369' title='bbox 1217 2785 1247 2820; x_wconf 89' lang='lat' dir='ltr'>si</span> <span class='ocrx_word' id='word_1_370' title='bbox 1276 2782 1433 2834; x_wconf 84' lang='lat' dir='ltr'>quidem</span> <span class='ocrx_word' id='word_1_371' title='bbox 1455 2795 1514 2818; x_wconf 65' lang='lat' dir='ltr'>ea:-</span> 
     </span>
     <span class='ocr_line' id='line_1_75' title="bbox 849 2837 1513 2886; baseline 0 -13"><span class='ocrx_word' id='word_1_372' title='bbox 849 2838 1029 2886; x_wconf 67' lang='lat' dir='ltr'>perientz&#39;ci</span> <span class='ocrx_word' id='word_1_373' title='bbox 1058 2837 1233 2875; x_wconf 89' lang='lat' dir='ltr'>homines</span> <span class='ocrx_word' id='word_1_374' title='bbox 1253 2840 1342 2875; x_wconf 88' lang='lat' dir='ltr'>talia</span> <span class='ocrx_word' id='word_1_375' title='bbox 1363 2838 1513 2874; x_wconf 89' lang='lat' dir='ltr'>edoceri</span> 
     </span>
     <span class='ocr_line' id='line_1_76' title="bbox 852 2893 1512 2944; baseline 0.003 -16"><span class='ocrx_word' id='word_1_376' title='bbox 852 2893 988 2935; x_wconf 83' lang='lat' dir='ltr'>solent.</span> <span class='ocrx_word' id='word_1_377' title='bbox 1032 2895 1106 2931; x_wconf 92' lang='lat' dir='ltr'>Ubi</span> <span class='ocrx_word' id='word_1_378' title='bbox 1125 2895 1379 2944; x_wconf 84' lang='lat' dir='ltr'>respiciuntur</span> <span class='ocrx_word' id='word_1_379' title='bbox 1398 2894 1512 2931; x_wconf 84' lang='lat' dir='ltr'>verba</span> 
     </span>
    </p>
   </div>
   <div class='ocr_carea' id='block_1_11' title="bbox 1181 2952 1234 2989">
    <p class='ocr_par' dir='ltr' id='par_1_14' title="bbox 1181 2952 1234 2989">
     <span class='ocr_line' id='line_1_77' title="bbox 1181 2952 1234 2989; baseline 0 0"><span class='ocrx_word' id='word_1_380' title='bbox 1181 2952 1234 2989; x_wconf 76' lang='lat'>29</span> 
     </span>
    </p>
   </div>
   <div class='ocr_carea' id='block_1_12' title="bbox 1881 667 1897 822">
    <p class='ocr_par' dir='ltr' id='par_1_15' title="bbox 1881 667 1897 822">
     <span class='ocr_line' id='line_1_78' title="bbox 1881 667 1897 822; textangle 90"><span class='ocrx_word' id='word_1_381' title='bbox 1881 740 1897 822; x_wconf 50' lang='lat' dir='ltr'>*gssg„</span> <span class='ocrx_word' id='word_1_382' title='bbox 1881 667 1886 694; x_wconf 63' lang='lat'>&#39;⁶</span> 
     </span>
    </p>
   </div>
   <div class='ocr_carea' id='block_1_13' title="bbox 1881 874 1897 1169">
    <p class='ocr_par' dir='ltr' id='par_1_16' title="bbox 1881 874 1897 1169">
     <span class='ocr_line' id='line_1_79' title="bbox 1881 874 1897 1169; textangle 90"><span class='ocrx_word' id='word_1_383' title='bbox 1881 898 1897 1169; x_wconf 50' lang='lat' dir='ltr'>ffltfrfi‘</span> <span class='ocrx_word' id='word_1_384' title='bbox 1883 874 1895 889; x_wconf 67' lang='grc' dir='ltr'>’ἴ</span> 
     </span>
    </p>
   </div>
  </div>
 </body>
</html>
