1897 3340
460 191 1110 232 TERPSICHORE.
1172 192 1216 228 V.

1426 194 1480 232 315

215 305 398 360 ἐγίνετο·
448 304 521 346 καί
568 314 704 355 σφεας
739 298 1017 353 Ἀλέξανδρος
1066 298 1276 355 κατέλαβε
1330 301 1480 355 σοφίῃ,

212 370 407 428 χρήματα
437 386 479 413 τε
510 368 618 420 δούς
647 367 810 420 πολλὰ,
841 367 915 410 καὶ
940 366 1020 423 τὴν
1051 366 1220 411 ἑωυτοῦ
1249 365 1480 423 ἀδελφεὴν,

214 444 268 496 τῇ
298 439 466 493 οὔνομα
494 432 550 493 ἦν
586 437 781 495 Γυγαίη·
835 434 944 487 δούς
980 435 1026 478 δὲ
1054 439 1192 478 ταῦτα
1221 435 1430 490 κατέλαβε
1457 433 1481 478 ὁ

209 506 481 560 Ἀλέξανδρος
521 504 752 561 Βουβάρῃ,
791 499 922 557 ἀνδρὶ
968 503 1135 559 Πέρσῃ,
1186 506 1275 546 τῶν
1323 502 1537 558 διζημέ-95

186 581 307 617 3νων
335 572 438 624 τοὺς
475 572 776 628 ἀπολομένους
819 574 881 630 τῷ
921 575 1161 630 στρατηγῷ.
1213 571 1237 615 ὁ
1278 570 1359 626 μέν
1398 587 1483 613 νυν

211 645 298 685 τῶν
328 640 536 696 Περσέων
564 639 736 683 τούτων
763 638 959 691 θάνατος
1006 639 1124 683 οὕτω
1154 639 1482 695 καταλαμφθεὶς

90 711 154 755 22
212 709 406 766 ἐσιγήθη.
453 707 668 765 ’Έλληνας
695 708 741 751 δὲ
771 704 884 750 εἶναι
911 706 1097 759 τούτους
1122 706 1227 758 τούς
1256 706 1340 751 ἀπὸ
1369 711 1479 762 Περ-

209 780 363 821 δίκκεω
399 775 654 833 γεγονότας,
695 775 806 820 κατά
835 792 915 831 περ
948 776 1075 820 αὐτοὶ
1103 776 1301 832 λέγουσι,
1345 775 1477 828 αὐτός

209 861 253 889 τε
285 844 399 889 οὕτω
430 843 629 900 τυγχάνω
661 842 966 900 ἐπιστάμενος,
997 845 1071 888 καὶ
1101 843 1155 901 δὴ
1185 844 1260 887 καὶ
1288 845 1336 888 ἐν
1365 850 1480 888 τοῖσι

209 913 364 957 ὄπισθε
396 913 565 970 λόγοισι
595 911 788 965 ἀποδέξω
821 911 880 964 ὥς
910 911 1232 968 εἰσιἝλληνες·
1278 911 1387 966 πρὸς
1418 911 1477 961 δὲ,

209 981 282 1025 καὶ
311 983 354 1025 οἱ
383 981 460 1025 τὸν
490 981 537 1026 ἐν
561 980 776 1038 Ὀλυμπίῃ
808 979 1030 1032 διέποντες
1069 978 1220 1037 ἀγῶνα
1253 977 1505 1037 Ἑλλήνωνι

180 1049 329 1093 Ξοῦτω
369 1050 564 1106 ἔγνωσαν
611 1047 732 1093 εἶναι.

793 1047 1081 1104 Ἀλεξάνδρου
1119 1047 1204 1104 γὰρ
1254 1046 1482 1092 ἀεθλεύειν

1539 704 1742 733 Macedonum
1766 712 1810 733 re-

1537 747 1592 774 ges
1609 739 1750 767 Graecae

1536 773 1639 809 stirpis
1667 774 1800 808 Argivae

1537 815 1597 844 que
1623 808 1785 844 prosapiae

209 1118 444 1175 ἑλομένου,
471 1119 544 1162 καὶ
573 1117 844 1174 καταβάντος
874 1115 943 1162 ἐπ’
984 1116 1091 1161 αὐτό
1133 1120 1287 1169 τοῦτο,
1331 1117 1374 1160 οἱ
1404 1115 1476 1161 ἄν·
1534 1120 1615 1159 382

153 1280 230 1318 vid.
265 1281 448 1319 Abresch.
479 1280 670 1318 Dilucidd.
701 1282 817 1319 Thu-

155 1337 268 1389 cydd.
286 1352 325 1389 p.
349 1340 429 1380 509
450 1346 486 1375 et
499 1345 593 1375 nott.
613 1337 661 1375 ad
671 1339 815 1386 ΙΠ,36.

154 1396 211 1430 De
242 1408 336 1432 voce
367 1395 490 1446 σοφίη
524 1396 625 1432 conf.
657 1397 735 1433 citt.
767 1395 816 1432 ad

154 1452 198 1498 V,
224 1453 283 1491 18.

210 1505 306 1554 δοῦς
336 1504 378 1546 δὲ
404 1509 527 1545 ταῦτα
561 1504 748 1557 κατέλαβε
775 1521 811 1546 κ.

152 1579 183 1602 τ.
202 1564 260 1612 λ.]
292 1565 414 1603 ταῦτα
444 1562 493 1599 ad
520 1564 728 1614 pecuniam
747 1576 813 1600 so-

154 1633 355 1672 roremque
386 1620 504 1667 refer3
545 1633 716 1672 namque
743 1633 812 1657 co-

153 1676 274 1715 hibuit
293 1677 375 1714 illos
395 1676 615 1714 Alexander
641 1690 812 1714 sororem

153 1747 230 1771 una
261 1748 351 1771 cum
378 1736 550 1785 pecuniis
570 1734 713 1771 Bubari
732 1741 814 1771 tra-

154 1790 247 1829 dens
267 1790 334 1842 (iu
352 1791 686 1841 matrimonium),
716 1792 815 1828 Per-

153 1861 216 1885 sae
235 1850 328 1896 viro,
350 1847 438 1885 duci
458 1861 606 1896 eorum,
630 1850 696 1900 qui
706 1861 815 1885 mor-

156 1912 239 1942 tuos
271 1907 404 1942 Persas
444 1909 647 1956 quaererent
686 1919 716 1942 s.
753 1907 818 1955 qui

154 1964 254 2000 missi
269 1966 367 2000 erant
386 1962 434 1999 ad
445 1962 574 2000 Persas
590 1962 815 2012 inquirendos

154 2022 312 2058 mortuos.
351 2020 427 2056 Ubi
444 2021 656 2070 recepimus
679 2032 699 2055 e
720 2019 814 2056 Val-

156 2074 268 2113 eken.
307 2075 575 2113 emendatione
607 2078 813 2128 στρατηγῷ

155 2146 223 2184 pro
254 2136 491 2186 στρατηγῶν.
551 2135 609 2170 Ita
630 2135 735 2169 enim
745 2135 813 2169 Iu-

155 2191 273 2228 stinus
283 2191 366 2237 VII,
380 2193 426 2231 3:
459 2191 714 2241 „Megabazus
726 2203 817 2227 cmn

155 2247 269 2297 legati
306 2260 387 2284 non
415 2247 602 2295 redirent,
632 2249 744 2284 mittit
778 2260 817 2284 eo

158 2316 234 2341 cum
273 2306 445 2341 exercitus
477 2308 582 2355 parte
625 2303 815 2351 Bubarem,

156 2361 248 2396 utin
258 2361 402 2397 bellum
411 2361 521 2397 facile
534 2368 569 2398 et
580 2360 814 2398 mediocre.“

158 2416 269 2462 Quod
288 2419 319 2454 si
339 2431 428 2454 cum
440 2417 631 2455 Larchero
653 2419 815 2454 retinere

157 2474 248 2510 velis
274 2476 354 2513 τῶν
387 2477 633 2527 στρατηγῶν,
679 2487 813 2512 sensus

163 2531 249 2567 erit:
293 2532 390 2578 „uni
417 2544 460 2568 ex
486 2533 532 2569 iis
559 2531 724 2580 ducibus,
755 2532 818 2582 qui

164 2585 212 2622 ad
240 2586 438 2637 interfectos
468 2588 680 2638 quaerendos
714 2591 817 2626 erant

160 2643 266 2680 missi.
344 2645 450 2680 Bene
494 2645 719 2682 vernaculus
753 2646 818 2681 in·-

163 2704 325 2748 terpres:
355 2699 479 2747 „Dem
512 2701 678 2738 Obersten
707 2701 816 2747 derer,

163 2753 287 2790 welche
331 2755 387 2793 die
431 2756 700 2806 Erschlagenen
731 2757 816 2807 auf-

163 2810 346 2846 suchten.“
372 2833 428 2841 -—
476 2814 535 2850 De
564 2813 727 2862 Bubare,
750 2815 817 2866 qui

221 2867 439 2905 Hssnonow.
458 2870 525 2906 m.

874 1283 1073 1333 Megabazi
1086 1289 1165 1318 erat
1180 1281 1292 1331 filius,
1303 1281 1370 1320 vid
1391 1282 1535 1319 Herod.

873 1340 955 1386 VH,
977 1343 1053 1386 213
1086 1338 1132 1375 de
1153 1339 1305 1389 Gygam
1325 1339 1536 1377 Alexandri

873 1409 1001 1433 sorore
1022 1396 1123 1432 conf.
1146 1396 1246 1443 Vm,
1271 1398 1365 1438 136.

1079 1485 1172 1535 cap.
1195 1469 1321 1521 xxn.

925 1562 994 1603 καὶ
1014 1562 1057 1603 ἐν
1069 1567 1171 1603 τοῖσι
1191 1560 1339 1603 ὄπισθε
1359 1559 1532 1616 λόγοισι]

867 1622 1035 1672 Respicit
1056 1620 1106 1658 ad
1127 1634 1184 1669 ea,
1207 1634 1305 1672 quae
1326 1621 1426 1668 Vm,
1453 1624 1532 1663 137

870 1685 1108 1715 enarrantur.
1197 1677 1348 1714 Eadem
1390 1678 1535 1716 citandi

868 1736 1034 1773 formula
1063 1733 1166 1786 apud
1193 1736 1376 1772 Nosti-tun
1404 1737 1434 1783 Ι,
1467 1736 1536 1776 75.

871 1795 966 1834 106.
1000 1794 1048 1839 Π,
1081 1795 1148 1833 38.
1188 1792 1234 1839 V,
1264 1795 1332 1832 37.
1362 1792 1444 1839 VH,
1467 1794 1535 1832 93.

870 1851 966 1890 213.
1006 1850 1112 1886 Alias
1132 1847 1356 1885 huiusmodi
1383 1849 1536 1885 sormu-

871 1906 939 1952 las,
968 1906 1105 1957 quibus
1127 1907 1287 1956 scriptor
1307 1904 1355 1941 ad
1377 1913 1536 1942 antece-

872 1961 1001 1999 dentia
1022 1970 1087 2000 aut
1107 1961 1156 1999 ad
1175 1964 1372 2014 sequentia
1388 1975 1458 1999 nos
1472 1975 1537 1998 re-

870 2020 1006 2066 mittit,
1040 2019 1192 2069 collegit
1211 2021 1356 2069 Iaeger.
1376 2020 1534 2057 Dissert.

868 2075 1039 2113 Herodd.
1060 2090 1098 2127 p.
1124 2079 1188 2116 10.
1205 2079 1268 2123 11,
1299 2082 1534 2113 monstratu-

872 2146 934 2170 rus
947 2133 1134 2170 Herodoti
1154 2134 1283 2169 animo
1302 2134 1344 2169 in
1361 2131 1534 2170 conden-

874 2189 922 2227 do
943 2188 1064 2227 hocce
1086 2203 1200 2241 opere
1222 2196 1366 2226 certam
1396 2188 1535 2226 defini-

871 2254 1029 2299 tamque
1050 2260 1129 2285 esse
1141 2247 1380 2283 obversatam
1391 2245 1534 2284 descri-

870 2306 1063 2355 ptionem,
1106 2311 1253 2341 certum
1274 2303 1450 2340 ordinem
1469 2316 1533 2340 re-

870 2374 1035 2413 rumque
1065 2362 1223 2407 seriem,
1272 2373 1363 2397 cum
1391 2361 1536 2412 ubique

871 2419 1125 2469 respiciantur
1163 2424 1310 2454 ceterae
1343 2419 1534 2454 narratio-

871 2476 929 2511 nis
948 2482 1092 2526 partes‚
1123 2481 1185 2521 ut,
1218 2475 1301 2526 quis
1322 2475 1460 2526 cuique
1479 2475 1536 2510 rei

871 2532 977 2569 locus
993 2534 1059 2580 sit,
1095 2530 1381 2581 diligentissime
1402 2530 1546 2569 distin-.

872 2596 1023 2639 guatur.
1054 2611 1110 2616 —
1149 2589 1271 2624 Paulo
1292 2595 1380 2625 ante
1401 2601 1422 2624 e
1442 2588 1534 2624 Flo-

873 2647 1023 2683 rentino
1041 2658 1132 2682 cum
1151 2652 1309 2682 recentt.
1331 2645 1459 2695 recepi
1482 2639 1533 2683 εἷ-

872 2717 940 2742 ναι
966 2697 1132 2748 τούτους
1151 2715 1221 2753 pro
1239 2698 1404 2748 τούτους
1419 2697 1534 2739 εἶναι.

928 2757 996 2797 καὶ
1020 2758 1061 2798 οἷ
1081 2756 1146 2798 τὸν
1168 2757 1210 2798 ἔν
1234 2753 1427 2809 Ὀλυμπίῃ
1458 2753 1532 2793 διέ-

871 2829 1014 2862 ποντες
1036 2810 1174 2867 οἷγῶνα
1192 2810 1419 2864 ‘EM-vivam]
1450 2811 1534 2847 Ab-
