1897 3340
209 898 232 923 7.

412 246 497 287 454
808 246 1275 283 HERODOTI

413 357 516 406 „209
543 351 630 397 ὑπὸ
661 351 811 409 ὀλίγου
847 354 1150 409 διαφθείρεται
1178 353 1288 397 κατα
1318 354 1502 397 τοιόνδε.
1544 354 1674 398 ἐπεάν

413 432 519 476 ,,σφι
560 419 584 464 ὁ
613 420 716 471 θεὸς
746 420 978 478 φθονήσας
1008 421 1155 477 φόβον
1183 419 1373 477 ἐμβάλῃ,
1410 419 1440 476 ἢ
1470 421 1672 478 βροντὴν,

413 486 493 541 ,,δι’
526 483 589 532 ὧν
603 485 864 544 ἐφθάρησαν
891 486 1077 541 ἀναξίως
1107 488 1300 533 ἑωυτῶν·
1333 486 1388 532 οὐ
1406 488 1492 544 γὰρ
1519 490 1674 547 ἐᾷφρο-

360 555 558 608 15,,νεέιν
588 555 697 610 μέγα
733 552 757 597 ὁ
786 554 889 607 θεὸς
929 555 1064 599 ἄλλον
1099 555 1127 613 ἢ
1155 555 1330 600 ἑωυτόν.

414 622 521 679 ,,με’ν
550 625 751 665 νυν-πᾶν
769 627 947 679 πρῆγμα
975 625 1105 668 τίκτει
1134 622 1386 679 σφάλματα,
1416 623 1464 667 ἐκ
1491 627 1579 666 τῶν
1610 628 1675 679 ζη-
1689 631 1732 664 86

414 691 536 745 ,,μίαι
564 686 745 744 μεγάλαι
764 691 964 746 φιλέουσι
989 693 1208 747 γίνεσθαι·
1248 692 1296 735 ἐν
1326 692 1371 735 δὲ
1400 695 1462 751 τῷ
1491 691 1678 746 ἐπισχεῖν

413 757 579 809 ,ἔνεστι
616 755 787 813 ἀγαθοὶ,
807 761 816 775 ’
845 759 882 801 εἰ
924 759 982 816 μὴ
1022 760 1269 814 παραυτίκα
1313 759 1522 803 δοκέοντα
1552 758 1677 808 εἶναι,

414 822 530 877 ,,ἄλλ’
562 821 646 868 ἆνοὶ
675 824 839 881 χρόνον
868 825 1036 882 ἐξεύροι
1064 844 1126 879 τις
1149 825 1215 871 ἄν.
1273 827 1359 871 Σοὶ
1388 827 1467 883 μὲν
1496 827 1549 882 δή
1576 831 1701 871 ταῦ--

362 900 514 946 16,,τα,
544 887 580 935 ὦ
611 895 804 948 βασιλεῦ,
843 894 1140 949 συμβουλεύω.
1202 895 1271 939 Σύ
1302 896 1368 947 δὲ,
1413 891 1448 938 03
1480 899 1563 938 παῖ
1588 899 1677 938 Γω·

358 1102 446 1126 rum
457 1088 594 1127 dicitur
613 1088 768 1138 invidia,
791 1089 839 1126 de
859 1091 970 1142 qual.
993 1091 1018 1129 l.

358 1147 441 1196 egi3
490 1147 629 1199 quibus
649 1160 753 1184 nunc
782 1147 899 1185 velim
919 1145 1020 1196 addi,

360 1215 458 1254 quae
492 1204 583 1240 olim
612 1205 710 1240 bene
743 1202 945 1254 disputavit
977 1204 1019 1242 C.

359 1261 389 1296 1.
409 1259 648 1300 Besenbeck.
679 1261 719 1297 in
739 1261 836 1298 Diss.
867 1259 940 1308 „de
958 1261 1021 1296 in-

336 1330 339 1334 *
358 1315 460 1353 vidia
480 1323 517 1353 et
531 1318 799 1355 malevolentia
818 1319 891 1355 τοῦ
902 1317 1019 1356 θείου

358 1371 407 1409 ad
426 1373 555 1410 locum
573 1373 759 1411 Herodoti
778 1375 807 1421 Ι,
835 1374 914 1413 32“
944 1375 1019 1410 Er-

358 1430 461 1479 laug.
509 1432 630 1471 1787.
660 1430 686 1471 4
724 1443 813 1481 pag.
848 1430 887 1469 9.
962 1431 1019 1467 lta

360 1487 464 1522 euim
493 1486 557 1523 ille
585 1485 771 1524 Herodoti
791 1487 1019 1524 sententiam

362 1543 539 1592 exponit:
570 1556 676 1591 „nou
706 1542 814 1580 decet
844 1542 1019 1581 homines

361 1597 428 1634 sust
467 1599 619 1636 fortunii
646 1600 758 1636 nimis
789 1614 828 1637 se
859 1599 1019 1647 efferre3

360 1668 523 1702 summa,
554 1655 629 1707 qu&
648 1657 753 1692 nulla
768 1657 891 1694 maior
911 1658 1020 1707 cogi-

359 1712 431 1747 tari
469 1719 611 1762 potest,
663 1711 828 1749 hominis
862 1713 1019 1749 felicitas

359 1767 501 1817 fragilis
530 1775 584 1805 est
614 1776 729 1821 atque
757 1769 924 1814 caduca,·
954 1772 1020 1822 qui

358 1837 398 1861 se
418 1826 588 1861 mortalis
620 1838 816 1862 summum
836 1826 1021 1863 felicitatis

359 1881 510 1932 apicem
529 1880 752 1918 adsecutum
762 1896 840 1919 esse
862 1884 1021 1920 arbitra-

361 1943 422 1973 tur
446 1938 574 1990 itaque
594 1951 725 1975 secum
747 1940 808 1989 agi
819 1940 1020 1987 existimat,

362 2000 404 2030 ut
423 1992 518 2030 nihil
538 2008 610 2031 nec
632 2002 738 2031 curet
767 1997 929 2046 amplius
950 2009 1021 2033 nec

360 2050 515 2097 timeat,
545 2051 656 2087 facile
676 2050 858 2098 deorum,
888 2066 1021 2103 super-

361 2106 418 2142 bis
450 2104 669 2144 hominibus
699 2110 907 2156 iratorum,
936 2111 1022 2145 viu-

360 2160 502 2198 dictam
558 2164 751 2214 experitur
770 2194 779 2210 ,
839 2165 1023 2216 faterique

363 2219 530 2267 cogitur,
572 2221 751 2256 miseram
788 2233 866 2256 esse
909 2227 1022 2272 atque

366 2287 633 2311 aerumnosam
663 2278 781 2312 vitam
812 2274 1022 2312 humanam

366 2330 668 2383 calamitatisque
705 2332 901 2382 plenam.“
960 2334 1025 2382 Ip-

365 2399 451 2423 sum
484 2388 644 2423 verbum
667 2383 849 2426 κολούειν
871 2386 941 2424 hac
968 2388 1026 2425 cle-

365 2443 535 2479 curtamli
552 2444 578 2480 i.
596 2457 630 2484 e.
652 2444 880 2482 imminuendi
908 2446 1025 2496 signi-

367 2498 543 2535 ficatione
555 2498 656 2536 idem
670 2499 840 2536 adhibuit
853 2498 1024 2552 Aeschy-

376 2556 431 2592 lus
451 2556 489 2591 in
519 2557 625 2593 Pers.
659 2559 764 2597 1036
795 2557 1026 2606 Blmnfield„

369 2625 485 2664 quem
504 2612 581 2649 vid.
604 2613 642 2648 in
663 2614 827 2650 Glossar.
849 2613 896 2650 ad
926 2615 950 2650 l.
971 2615 996 2651 1.

428 2665 528 2706 κατοὶ
559 2664 742 2718 τοιόνδε]
793 2671 878 2706 Duo
911 2669 1023 2708 codd.

371 2726 540 2762 inserunt
578 2726 778 2762 articulum
813 2722 869 2766 τό.
947 2727 1024 2763 Sed

369 2781 446 2819 vid.
466 2782 529 2828 IV,
560 2781 627 2822 48.
656 2783 723 2824 50.
754 2805 803 2810 -
849 2785 891 2818 In
920 2797 1024 2836 seqq.

372 2835 545 2890 βροντήν
559 2837 768 2877 Lai-chenu
784 2840 900 2890 accipi
923 2841 1025 2877 vult:

1077 1092 1213 1143 l’esprz‘t
1242 1091 1284 1129 de
1306 1093 1439 1140 vertige
1467 1094 1500 1127 et
1531 1089 1734 1139 d’aveugle-

1077 1152 1196 1194 ment,
1226 1148 1502 1200 ἐμβροντησία.
1541 1146 1734 1198 Equidem

1077 1218 1156 1241 non
1177 1204 1310 1253 video,
1333 1218 1399 1241 cur
1419 1217 1440 1241 a
1461 1205 1651 1255 primitiva
1665 1217 1736 1240 vo-

1078 1263 1130 1298 cis
1151 1263 1308 1298 notione
1328 1260 1520 1298 recedam.
1541 1283 1595 1288 —
1642 1262 1736 1297 Mox

1077 1332 1167 1355 cum
1199 1317 1419 1368 Schweigh.
1453 1324 1490 1354 et
1511 1317 1628 1354 Gaisf.
1649 1315 1737 1354 dedi

1077 1373 1174 1427 μέγα
1192 1373 1212 1415 ὅ
1234 1372 1331 1422 θεός
1364 1371 1505 1421 ἄλλον,
1535 1375 1600 1410 ubi
1620 1375 1736 1426 vulgo

1077 1429 1198 1471 ἄλλον
1220 1430 1318 1484 μέγα
1334 1428 1355 1471 ὅ
1374 1427 1483 1477 θεός.

1354 1521 1392 1566 ξ.
1423 1523 1462 1561 6.

1135 1595 1396 1650 Ἐπειχθῆναι
1417 1599 1489 1649 μέν
1500 1614 1576 1639 νυν
1585 1615 1622 1638 κ.
1634 1614 1665 1638 τ.
1681 1600 1736 1648 λ.]

1077 1655 1234 1693 Attendi
1253 1657 1357 1692 iubet
1378 1655 1426 1692 ad
1442 1655 1628 1694 eiusmodi
1648 1669 1738 1692 sen—

1076 1714 1211 1749 tentias
1233 1711 1488 1749 Hoffmeister.
1512 1713 1533 1747 l.
1552 1713 1577 1749 l.
1609 1726 1648 1763 p.
1669 1711 1736 1760 43,

1078 1770 1220 1821 quippe
1240 1769 1279 1804 in
1299 1770 1434 1821 quibus
1455 1770 1542 1805 insit
1563 1770 1738 1819 egregiae

1078 1825 1306 1876 prudentiae
1366 1823 1557 1862 humanae
1617 1826 1736 1871 notio,

1078 1894 1177 1934 quae
1209 1882 1270 1919 vel
1290 1883 1330 1918 in
1360 1894 1405 1918 eo
1437 1882 1603 1931 eluceat,
1633 1879 1739 1935 quod

1077 1937 1370 1975 commendetur
1385 1939 1587 1977 cunctatio.
1599 1960 1656 1966 —
1674 1937 1737 1976 Ad

1077 2008 1214 2032 vocem
1237 1990 1447 2045 σφάλματα
1470 1995 1570 2032 conf.
1591 1995 1677 2042 VII,
1699 1997 1737 2034 6.

1137 2051 1174 2090 εἰ
1207 2049 1261 2102 μή
1286 2052 1514 2101 παραυτίκα
1548 2050 1738 2090 δοκέοντα

1080 2103 1194 2155 εἶναι,
1227 2103 1307 2145 ἀλλ’
1333 2104 1412 2146 nivo?
1452 2105 1595 2158 χρόνον
1631 2103 1738 2155 ἐξεύ-

1079 2178 1142 2214 ροι
1166 2178 1224 2209 τις
1253 2159 1342 2212 ἂν]
1393 2165 1590 2201 Sententia
1610 2164 1737 2214 plana,

1077 2220 1283 2257 verborum
1312 2226 1497 2257 structura
1527 2221 1641 2271 paulo
1661 2221 1738 2256 im—

1081 2274 1264 2326 peditior,
1297 2289 1387 2312 enm
1417 2276 1495 2312 fere
1517 2278 1555 2312 in
1576 2275 1738 2313 modum

1081 2330 1340 2382 expedienda:
1382 2347 1470 2383 quae
1501 2334 1609 2382 (bona
1639 2330 1737 2384 scil.)

1081 2391 1114 2426 ei
1137 2391 1257 2426 statim
1283 2389 1419 2438 quidem
1457 2390 1560 2426 nulla
1591 2389 1739 2427 videan-

1082 2449 1140 2481 tur
1159 2458 1245 2491 esse,
1276 2448 1436 2496 temporis
1456 2450 1570 2483 tamen
1590 2447 1739 2484 decursu

1081 2504 1158 2550 quis
1180 2503 1329 2538 inveniet
1360 2502 1468 2549 (scil.
1503 2504 1604 2539 bona
1626 2502 1736 2552 esse).

1081 2559 1313 2595 Particulam
1343 2555 1442 2598 α’λλοὲ
1474 2559 1646 2608 (saltem,
1677 2563 1738 2595 ta-

1080 2612 1187 2667 men),
1226 2614 1477 2666 praecedente
1509 2615 1544 2654 εἰ
1571 2612 1648 2664 μή,
1679 2621 1738 2651 at-

1081 2672 1149 2721 tigi
1179 2670 1226 2706 ad
1259 2673 1324 2720 111,
1357 2674 1411 2712 72
1439 2672 1525 2708 coll.
1557 2673 1637 2718 Vll,
1673 2674 1737 2711 11.

1080 2729 1138 2764 De
1166 2728 1358 2764 locutione
1395 2723 1474 2766 a’va'
1498 2723 1639 2780 χρόνον
1660 2725 1737 2764 vid.

1081 2785 1111 2831 1,
1146 2786 1238 2824 173.
1257 2785 1300 2831 V,
1323 2787 1374 2825 27
1389 2785 1517 2837 ibique
1538 2790 1634 2822 nott.
1654 2783 1736 2830 VII,

1087 2840 1176 2880 153.

1398 554 1678 613 Ἐπειχθῆυαι
1734 555 1815 598 514
