1897 3340
15 2042 20 2201 2,„—-‘2,„--
15 1799 20 2036 -.-.—-..-—...--
16 1742 20 1794 .-.-.
17 1719 19 1736 ξ
16 1509 27 1702 ,ῃῄ--.Ἧῗμ

617 214 916 252 ERATO.
977 215 1048 249 vl.

1373 218 1451 255 341

195 324 301 380 ,,τὴν
321 324 469 368 πόλιν·
493 325 538 368 ἐκ
557 327 646 367 τῶν
664 322 710 366 δὲ
728 321 926 378 στηθέων
941 319 1197 377 λάμψαντες,
1217 325 1307 364 πᾶν
1321 324 1365 365 οἱ
1386 338 1457 365 πε-

163 395 403 447 4ποιῆσθαι
423 392 531 435 ὅσον
559 389 583 434 ὁ
605 389 709 440 θεὸς
730 387 935 451 ἐβούλετο
964 389 1208 445 γενέσθαι.“
1244 393 1390 432 Ταῦτα
1414 389 1512 433 δὲόο

194 459 344 515 λέγων,
354 457 483 502 πιστοὶ
494 474 538 501 τε
559 457 630 500 καὶ
653 455 806 500 οἰκότα
826 455 968 500 ἐδόκεε
979 456 1278 514 Σπαρτιήτῃσι
1299 457 1451 511 λέγειν,

0 510 25 598 ’ᾗ
70 530 134 575 83
192 527 264 569 καὶ
276 525 468 582 ἀπέφυγε
478 525 640 569 πολλὸν
654 524 760 576 τούς
772 524 1023 576 διώκοντας.
1039 526 1200 581 ’Ἄργος
1216 525 1261 568 δὲ
1275 523 1451 578 ἀνδρῶν

192 593 391 649 ἐχηρώθη
422 592 556 646 οὕτω,
588 592 696 638 ὥστε
727 594 771 637 οἱ
800 594 954 636 δοῦλοι
985 591 1130 637 αὐτῶν
1160 593 1288 649 ἔσχον
1309 591 1452 635 πάντα

189 658 242 703 τοὶ
271 659 516 716 πρήγματα,
547 660 749 717 ἄρχοντές
777 676 821 703 τε
850 660 924 703 καὶ
955 661 1193 713 διέποντες,
1226 661 1268 711 ἐς
1299 658 1325 703 ὃ
1355 660 1453 717 ἐπή-

161 729 334 783 Ξβησαν
373 729 417 771 οἱ
451 731 539 772 τῶν
587 728 875 784 ἀπολομένων
920 731 1082 781 παῖδες.
1141 729 1284 773 ἔπειτα
1323 733 1745 785 σφέαςῦδεῡϋωιιιετίὶιυη

189 789 348 846 οὗτοι.
370 795 673 853 ανακτώμενοι
713 794 853 840 ὀπίσω
884 795 926 847 ἐς
964 795 1156 849 ἑωυτούς
1194 795 1243 840 τό
1277 795 1451 852 Ἄργος,

187 862 408 919 ἐξέβαλον·
438 863 729 921 ἐξωθεύμενοι
779 863 824 908 δὲ
862 865 906 907 οἱ
945 866 1119 920 δοῦλοι,
1167 864 1281 922 μάχῃ
1327 864 1452 920 ἔσχον

192 932 398 988 Τίρυνθα.

128 1127 190 1165 Ad
216 1142 352 1166 vocem
381 1125 596 1180 ἅτρεκηΐην
624 1130 673 1166 cf.
693 1136 788 1166 nott.

129 1184 178 1222 ad
211 1186 274 1232 VI,
305 1188 359 1227 69
392 1193 429 1223 et
467 1185 515 1222 ad
556 1187 790 1224 locutionem

129 1237 211 1280 κατ’
231 1240 355 1293 ἄκρης
375 1250 470 1279 nott.
491 1241 611 1290 adV1‚
633 1245 672 1283 8.
696 1244 790 1280 Mox

129 1312 218 1335 cum
239 1298 459 1349 Schweigh.
477 1306 513 1336 et
528 1300 644 1337 Gaisf.
667 1300 788 1336 eFlo-

129 1357 279 1392 sentino
296 1384 311 1401 ,
333 1356 413 1393 aliis
443 1357 595 1406 reposui
632 1356 675 1396 ἐκ
707 1359 787 1396 τῶν

132 1409 175 1451 δὲ
203 1411 400 1463 στηθέων,
422 1414 488 1449 ubi
508 1413 622 1463 vulgo
643 1412 685 1453 ἐκ
705 1416 786 1452 τῶν

128 1467 309 1519 στηθέων
347 1467 402 1507 δέ.
428 1492 478 1496 -
514 1470 589 1505 Pro
607 1465 786 1522 οἷπέφυγε

126 1524 238 1562 codd.
286 1525 443 1578 quidam
484 1525 667 1577 διέφυγε,
718 1526 785 1563 sed

126 1582 319 1632 vulgatam
341 1583 545 1619 lectionem
565 1584 651 1619 satis
670 1590 785 1620 tuen-

127 1645 186 1675 tur
205 1640 252 1685 11,
278 1637 368 1679 174.
386 1639 447 1685 VI,
474 1637 550 1679 104
564 1669 573 1686 ‚
605 1640 668 1675 alii
688 1640 784 1677 alio-

125 1708 211 1731 rum
237 1696 311 1732 loci
342 1708 363 1732 a
393 1694 579 1733 Valcken.
613 1695 661 1733 ad
690 1694 729 1737 h,
754 1698 778 1736 l,

127 1753 291 1790 excitati.

284 1832 377 1882 Cap.
407 1832 624 1868 LXXXIII.

171 1914 358 1972 ἐχηρώθη
372 1916 494 1970 οὕτω]
518 1922 617 1959 Olim
628 1916 784 1973 ἐχειρώ-

127 1981 184 2029 θη
199 2007 208 2025 ,
238 1976 354 2029 idque
375 1979 490 2015 etiam
507 1979 547 2015 in
563 1980 784 2016 Florentino

129 2048 171 2071 ac
192 2035 381 2072 Saucrofti
400 2035 495 2072 libro
517 2042 683 2086 apparet.
706 2033 785 2072 Sed

128 2087 313 2143 ἐχηρώθη
346 2090 521 2144 (viduata
538 2093 621 2129 urbs
634 2092 715 2143 fuit
737 2095 786 2129 cz·-

127 2149 255 2194 vz'bus)
277 2149 363 2185 satis
382 2156 508 2186 tuetur
540 2150 615 2186 loci
633 2155 786 2186 senten—

127 2205 178 2241 tia
202 2206 372 2257 itemque
397 2204 586 2242 Eustathii
618 2207 785 2242 auctori-

126 2267 180 2299 tas
200 2261 245 2298 ad
258 2263 413 2314 Dionys.
434 2263 584 2313 Perieg.
605 2262 686 2303 364
701 2264 782 2298 He-

126 2316 280 2355 rodotea
298 2320 506 2369 tangentis,
536 2318 709 2357 Aristidis
730 2320 781 2356 T.

126 2375 178 2410 ΙΙΙ
190 2388 229 2424 p.
240 2376 319 2414 398
334 2374 440 2422 (coll.
455 2376 588 2414 Solon.
600 2376 778 2426 fragmm.

129 2432 196 2477 28,
217 2428 270 2469 24
291 2442 378 2480 pag.
402 2434 454 2471 83
486 2444 515 2469 8.
541 2435 632 2472 117.
651 2434 780 2469 Poett.

125 2487 307 2523 Gnomm.
329 2487 345 2536 )
393 2488 543 2537 Eunap.
600 2490 780 2540 Excerpt.

126 2541 289 2580 Hoesch.
310 2557 348 2594 p.
368 2545 431 2583 13.
448 2543 584 2581 Aedes,
597 2546 670 2580 Vit.
693 2559 780 2595 pag.

128 2601 180 2639 38
211 2599 297 2636 coll.
328 2601 484 2636 Homer.
524 2600 565 2636 ll.
606 2601 650 2647 V,
687 2600 779 2647 642,

127 2654 256 2703 virgil.
287 2656 384 2694 Aen.
405 2657 504 2701 Vlll,
532 2655 625 2695 571.
684 2657 781 2692 Hinc

129 2709 230 2760 apud
248 2711 407 2748 Suidam
427 2713 476 2750 Τ.
495 2686 510 2747 l
533 2725 570 2762 p.
591 2713 672 2752 928
691 2710 781 2776 ἐχη-

130 2761 323 2816 ρωθησαν
362 2763 522 2820 ἄνδρων
555 2763 781 2818 ἐστηρήθη-

131 2835 215 2869 σαν,
238 2819 474 2875 ἐχηρευσαν,
505 2830 546 2861 ut
567 2822 668 2875 apud
683 2825 779 2863 Aen.

465 932 583 986 Τέως
617 932 696 989 μὲν
737 931 790 989 δή
832 944 908 989 σφι
950 927 1006 988 ἦν
1044 932 1213 989 ὅῖρθμια
1251 933 1293 985 ἐς
1319 932 1450 989 ἀλλή-

1510 529 1581 563 Argi
1611 538 1647 563 po
1632 534 1678 556 ost
1701 530 1783 557 iullan

1510 563 1610 590 clmeli
1648 572 1751 590 serm-

1510 605 1578 636 runi
1592 605 1629 631 pa
1633 605 1674 623 τοι
1668 601 1699 624 nt
1717 598 1765 623 ἰιιι-

1511 630 1598 670 perio
1603 630 1674 691 ,nond

1512 641 1682 692 cmor1111¹1
1689 665 1719 691 11

1513 702 1616 726 aetate
1614 674 1679 725 uadi
1680 699 1736 725 ilta

847 1130 1049 1165 Poliorcet.
1075 1127 1126 1167 14
1147 1123 1352 1180 ἠρημώθη
1377 1127 1405 1180 ἦ
1434 1126 1509 1170 πό-

846 1188 905 1232 λις
938 1182 1110 1236 ἀνδρῶν.
1162 1186 1382 1223 Attulerunt
1413 1185 1506 1223 haec

844 1243 1077 1292 Wesseling.
1099 1248 1136 1278 et
1157 1241 1338 1280 Valcken.
1360 1265 1414 1272 -—
1449 1245 1507 1279 De

844 1301 1033 1350 genitiv0,
1076 1299 1141 1350 qui
1180 1296 1269 1336 huic
1291 1301 1406 1336 verbo
1436 1299 1506 1337 ad-

845 1356 967 1405 ditur,
996 1356 1147 1392 monuit
1176 1354 1313 1393 Matth.
1350 1358 1414 1393 Gr.
1438 1358 1503 1395 Gr.

843 1426 932 1464 pag,
963 1411 1058 1454 664,
1123 1413 1218 1448 Mox
1251 1411 1340 1449 dedi
1373 1409 1505 1452 αὐτῶν

843 1483 911 1519 pro
934 1464 1099 1508 αὐτέων.
1150 1467 1213 1505 Ad
1234 1468 1436 1516 διέποντες
1457 1471 1505 1507 cs.

843 1527 908 1572 m,
931 1525 983 1566 53
1007 1531 1043 1561 et
1064 1523 1112 1562 ad
1130 1520 1403 1577 ἀνακτώμενοι
1417 1521 1503 1566 ὀπί·

843 1594 898 1621 σω
928 1582 979 1626 V,
1001 1584 1055 1622 27
1087 1581 1153 1618 fin.
1186 1578 1395 1633 ἐπήβησαν
1435 1583 1505 1632 (αά

835 1640 1056 1690 pubertatem
1092 1643 1342 1688 pervenerant,
1385 1639 1504 1676 adole-

840 1696 990 1745 verant)
1028 1696 1168 1732 retinui
1196 1709 1265 1747 pro
1303 1694 1503 1747 ἐπέβησαν

842 1749 1119 1806 (accesserunt),
1151 1751 1256 1804 quod
1275 1753 1444 1790 Florent.
1467 1760 1504 1790 et

841 1808 1032 1846 Saucrofti
1061 1809 1150 1845 libel
1198 1808 1503 1847 afferunt.1n-

841 1872 1022 1915 terpietes
1050 1863 1208 1902 laudant
1237 1864 1418 1918 Aeschyl.
1459 1866 1501 1903 S.

841 1935 874 1959 c.
897 1920 975 1959 Th.
996 1923 1073 1961 671
1099 1918 1199 1972 (662
1217 1922 1297 1978 Bl.)

900 1972 1033 2017 ἔπειτά
1058 1989 1183 2027 σφεας
1204 1972 1501 2027 05102]‚,P1u-

844 2033 994 2072 tarchus
1024 2035 1060 2070 II
1088 2048 1127 2085 p.
1157 2032 1238 2075 245
1265 2036 1313 2071 Ε.
1352 2037 1397 2072 ab
1428 2033 1500 2072 hac

843 2091 1027 2129 Herodoti
1046 2092 1266 2128 recensione
1294 2093 1390 2140 abit,
1428 2105 1500 2129 nec

841 2150 956 2186 servis
996 2149 1155 2198 Argivas
1189 2148 1387 2196 mulieres,
1434 2148 1501 2186 sed

842 2207 1055 2242 vicinorum
1084 2205 1256 2256 optimis,
1303 2207 1342 2242 in
1364 2207 1498 2243 civita—

842 2270 919 2301 tem
950 2263 1109 2313 receptis
1136 2263 1353 2312 coniungit‚
1384 2263 1500 2312 Argi-

838 2332 975 2357 vorum
987 2319 1129 2369 gloriae
1139 2318 1367 2356 studiosus.“
1384 2318 1453 2356 We
1464 2333 1499 2355 s-

839 2377 1004 2425 seling.

895 2427 948 2484 ἦν
988 2429 1172 2483 ἄρθμια]
1228 2432 1329 2469 Cave
1361 2432 1499 2468 scribas

839 2486 1007 2541 α’ρθμία.
1056 2489 1124 2526 Est
1146 2489 1249 2524 enim
1270 2489 1416 2539 plurale
1426 2501 1500 2525 110—

836 2559 950 2593 men,
981 2558 1035 2582 res
1055 2548 1229 2595 pacatas,
1267 2544 1498 2591 concordiam,

834 2615 955 2652 pacem
985 2600 1177 2649 iudicans,
1221 2609 1262 2638 ut
1283 2609 1383 2638 recte
1405 2601 1497 2638 Sui-

839 2658 903 2695 das
923 2659 940 2693 Ι
959 2671 1047 2708 pag.
1071 2661 1152 2699 330
1174 2655 1352 2709 ἄρθμια·
1384 2658 1497 2704 φίλια

833 2710 1055 2765 Ἱ-Ιρόδοτος.
1108 2715 1206 2750 Item
1227 2715 1357 2750 Glossa
1373 2715 1497 2749 Hero-

839 2770 949 2808 dotea
980 2777 1094 2822 atque
1124 2768 1336 2821 Hesychius
1360 2771 1377 2805 I
1406 2780 1494 2818 pag.

839 2825 919 2867 527
960 2823 1161 2877 ἄρθμιοι·
1222 2826 1345 2873 φίλοι.
1430 2824 1497 2859 Est
