1897 3340
357 278 443 320 182
754 276 1221 314 HERODOTI

25 395 203 436 οοι-ῑῃιιμοε
230 397 302 433 rugo
360 384 478 438 ,,α’πο“
535 388 611 441 τῆς
655 384 844 440 κυψέλης
901 384 1153 440 ἐπωνυμίην
1207 382 1404 434 Κύψελος
1451 381 1621 438 οὕνομα

23 439 208 492 gravissimo
229 439 300 468 pre-

23 472 64 491 mi
82 485 88 492 .
112 492 116 502 ,

304 453 524 508 19,,ἐτέθη-
579 451 872 507 Ἀνδρωθέντι
901 452 1050 495 δὲκαὶ
1087 450 1390 508 μαντευομένῳ
1431 451 1618 506 Κυψέλῳ
1633 458 1678 492 50

357 520 552 575 „gy-{veto
592 518 852 575 ἀμφιδέξιον
891 518 1156 575 χρηστήριον
1195 518 1242 561 ἐν
1282 522 1517 574 Δελφοῖσι,
1559 522 1622 575 τῷ

357 590 568 640 ,,πίσυνος
596 586 855 641 γενόμενος,
888 587 1130 642 ἐπεχείρησέ
1161 603 1206 630 τε
1241 587 1314 630 καὶ
1345 587 1438 642 ἔσχε
1459 584 1622 642 Κόριν-

359 660 485 708 ,,θον.
527 652 550 698 ὁ
583 655 629 698 δὲ
647 653 838 710 χρησμὸς
867 652 941 696 ὅδε
970 649 1048 709 ἦν·

300 738 346 773 20
436 730 608 778 ,ζὈλβιος
628 726 739 771 οὗτος
757 729 870 775 ἀνὴρ,
896 727 938 772 ὃς
957 730 1047 776 ἐμὸν
1065 729 1183 774 δόμον
1199 728 1466 777 ἐσκαταβαίνει,
1634 732 1678 768 55

437 789 637 836 ,,-Κυ’ψελος
657 786 843 833 Ἠετίδης,
867 787 1039 834 βασιλεὺς
1058 789 1215 823 κλειτοῖο
1235 788 1429 832 Κορίνθου
1442 799 1452 809 ·

300 951 454 1007 ξάνετο.
495 950 608 989 Conf.
627 950 658 996 Ι,
680 948 746 991 58.
781 950 844 997 VI,
868 952 963 991 132.

300 1010 363 1051 Ad
382 1010 498 1047 verba
511 1020 618 1059 seqq.
633 1005 865 1058 ἐπωνυμίην
878 1002 964 1045 Κύ-

303 1069 428 1118 ψελος
452 1061 609 1115 οὔνομα
637 1061 754 1113 ἐτέθη
777 1064 878 1100 conf.
899 1064 963 1111 IV,

307 1126 383 1165 181
418 1128 456 1159 et
477 1120 526 1158 de
553 1132 649 1158 voce
669 1118 899 1170 ἐπωνυμίην
918 1120 964 1168 V,

304 1182 373 1221 66.
430 1179 506 1214 Pro
539 1174 818 1229 μαντευομένῳ
839 1177 966 1226 plures

303 1233 415 1273 codd.
438 1230 709 1286 κρυπτομένῳ,
731 1231 835 1284 quod
846 1234 966 1270 Wes-

300 1292 460 1342 selingio
472 1304 551 1328 non
561 1288 967 1340 displicuit,Schweig-

300 1347 484 1386 haeusero
506 1354 635 1384 autem
655 1346 843 1396 glossema
854 1345 965 1384 vide-

301 1412 445 1444 tur.—
466 1400 704 1455 ἀμφιδέξιον
725 1398 965 1455 χρηστήριον

302 1462 502 1500 oraculum
541 1473 621 1497 esse
658 1473 807 1510 anceps,
852 1460 965 1496 ambi-

300 1531 412 1567 guum
424 1524 526 1554 recte
537 1517 688 1553 monuit
699 1515 893 1564 Larcher.,
908 1517 966 1552 ci·-

302 1582 387 1612 tans
407 1572 594 1611 Valcken.
629 1571 678 1609 ad
705 1573 861 1624 Hippol.
881 1574 967 1609 Eu-

302 1632 373 1683 rip.
394 1643 482 1681 pag.
499 1629 592 1676 247,
613 1629 699 1666 alia.

358 1683 583 1739 ἐπεχείρησέ
611 1699 653 1725 τε
681 1683 750 1724 καὶ
780 1682 866 1734 ἔσχε
886 1680 966 1723 Κό-

303 1743 480 1794 ρινθον]
529 1742 614 1787 Quo
643 1748 754 1792 pacto
783 1741 966 1793 Cypselus

300 1811 421 1849 regno
441 1801 489 1837 sit
517 1799 677 1849 potitus,
711 1804 811 1834 tacet
841 1798 966 1834 Hero-

302 1854 428 1893 dotus.
474 1854 635 1892 Videtur
650 1861 779 1891 autem
798 1854 862 1890 ille
882 1854 968 1904 ple-

301 1912 358 1949 bis
386 1912 628 1963 potissimum
648 1924 721 1962 ope
732 1909 966 1947 Bacchiadas

303 1969 468 2016 eiecisse,
492 1966 644 2004 luxuri&
657 1974 694 2004 et
705 1967 880 2018 superbiai
897 1980 968 2003 ex·-

304 2036 407 2073 osos;
440 2025 577 2076 quibus
609 2023 767 2060 demum
795 2025 910 2074 pulsis
931 2030 969 2060 et

306 2079 490 2117 Corintho
512 2079 647 2117 cedere
659 2081 797 2118 coactis
817 2081 878 2117 ille
897 2093 969 2116 ex-

304 2138 397 2173 stitit
433 2144 632 2188 tyrannus.
692 2137 803 2174 Conf.
846 2138 889 2177 G.
921 2137 967 2173 0.

305 2193 454 2230 Miiller.
474 2195 566 2230 Dor.
585 2194 603 2228 I
630 2205 717 2243 pag.
743 2191 834 2233 164.
894 2192 968 2237 Qui

306 2249 489 2300 Cypselus
509 2250 682 2301 quamvis
703 2261 724 2285 a
755 2249 898 2286 Sosicle
919 2250 967 2284 li-

303 2306 456 2342 bertatis
493 2304 660 2342 studioso
695 2317 763 2356 pro
802 2312 966 2355 tyranno

305 2360 491 2398 habeatur
537 2360 860 2412 vehementerque
901 2374 966 2398 ac-

305 2425 478 2465 cusetur,
521 2419 613 2455 alios
642 2418 750 2454 aliter
768 2424 897 2453 tamen
920 2417 967 2454 de

306 2486 352 2511 eo
383 2473 568 2511 iudicasse
588 2481 720 2510 monet
741 2473 844 2510 idem
864 2475 967 2510 Miil-

305 2531 373 2567 ler.
403 2531 428 2568 l.
450 2531 475 2566 l.
496 2544 536 2581 p.
567 2530 645 2571 165
667 2531 753 2567 coll.
775 2531 817 2567 C.
839 2532 968 2580 VVag-

306 2599 387 2624 ner.
426 2587 484 2623 De
513 2585 720 2623 Periandro
745 2600 833 2637 pag.
864 2585 903 2625 4.
924 2587 964 2627 5.

306 2643 416 2680 Pacis
438 2644 544 2680 enim
563 2642 633 2679 fuit
652 2642 842 2680 studiosus
856 2672 865 2688 ,
896 2656 967 2679 nec

307 2700 385 2736 ulla
413 2700 617 2737 satellitum
652 2712 769 2735 manu
799 2699 968 2736 firmatus

306 2769 388 2792 rem
400 2756 592 2806 publicam
609 2754 881 2792 administravit
897 2769 969 2806 po-

305 2813 517 2866 pulumque
546 2814 670 2863 ipsum
694 2813 862 2848 maxime
892 2812 969 2848 tui-

306 2875 367 2907 tus
389 2876 443 2906 est
457 2899 467 2918 ,
503 2869 601 2906 bene
622 2870 683 2906 ille
705 2868 862 2922 quidem
883 2882 968 2905 me—

1019 962 1122 998 mor,
1142 961 1164 986 a
1185 949 1322 1000 quibus
1342 947 1391 986 ad
1421 948 1461 986 id
1487 951 1681 1000 potentiae
1713 978 1717 980 >

1018 1007 1212 1057 fastigium
1231 1007 1277 1043 sit
1299 1012 1463 1042 evectus.
1496 1005 1682 1051 Quiidem

1021 1065 1099 1100 iam
1136 1070 1220 1100 tum
1258 1062 1519 1099 aedificiorum
1559 1063 1682 1101 moles

1023 1118 1270 1157 exstruendas
1307 1120 1514 1170 suscepisse
1549 1119 1681 1168 fertur,

1021 1178 1100 1214 sive
1121 1177 1259 1213 artium
1278 1174 1401 1213 studio
1417 1174 1588 1227 quodam
1607 1175 1682 1213 du·-

1021 1240 1125 1280 ctus,
1155 1234 1253 1280 sive,
1285 1240 1326 1269 ut
1354 1233 1574 1269 Aristoteles
1602 1240 1682 1269 tra-

1022 1289 1077 1326 dit
1095 1290 1209 1325 Polit.
1228 1290 1274 1335 V,
1296 1291 1334 1335 9,
1352 1287 1378 1327 4
1397 1302 1490 1340 seq.,
1512 1302 1588 1340 quo
1597 1290 1684 1340 ple-

1019 1346 1077 1383 bis
1097 1347 1243 1382 animos
1267 1358 1288 1381 a
1307 1346 1684 1396 rerumpublicarum

1021 1401 1111 1440 cura
1131 1408 1316 1439 averteret
1338 1402 1528 1453 simulque
1538 1403 1684 1439 victum

1020 1460 1149 1509 egenis
1170 1455 1381 1510 praeberet.
1435 1460 1492 1496 Ac
1512 1460 1555 1506 si,
1578 1457 1683 1511 quod

1020 1514 1059 1552 h.
1079 1517 1106 1552 l.
1126 1522 1239 1566 urget
1259 1515 1420 1552 Sosicles
1433 1544 1442 1562 ,
1473 1528 1604 1552 revera
1618 1516 1683 1552 ille

1021 1573 1121 1610 cives
1141 1572 1281 1608 multos
1294 1572 1414 1618 eiecit,
1435 1573 1576 1608 multos
1591 1573 1681 1619 vita,

1021 1629 1162 1665 multos
1183 1628 1317 1678 opibus
1330 1629 1502 1678 privavit,
1516 1627 1588 1664 hoc
1600 1629 1683 1665 for-

1021 1697 1089 1722 san
1119 1684 1168 1720 ad
1201 1685 1328 1720 turbas
1357 1683 1601 1720 referendum
1638 1697 1682 1721 ao

1020 1740 1223 1778 seditiones
1242 1753 1264 1776 a
1283 1738 1507 1777 Bacchiadis
1521 1742 1682 1791 imperio

1022 1799 1144 1834 exutis
1164 1804 1307 1844 motas,
1330 1798 1465 1847 quibus
1479 1810 1528 1833 ne
1548 1804 1682 1848 tyran—

1021 1856 1080 1895 nis
1100 1867 1230 1890 recens
1252 1853 1406 1890 condita
1436 1860 1680 1902 everteretur,

1022 1917 1184 1962 tyranno
1206 1911 1462 1946 necessarium
1488 1910 1601 1947 fuisse
1622 1911 1684 1948 vi-

1025 1966 1156 2014 detur,
1188 1974 1230 2003 ut
1256 1964 1505 2011 Bacchiadas,
1525 1965 1683 2004 seditio-
1745 1960 1748 1971 ¹

1023 2036 1120 2060 num
1151 2030 1321 2060 auctores
1349 2024 1498 2060 tolleret
1527 2030 1592 2060 aut
1611 2036 1683 2074 pa—

1023 2081 1093 2116 tria
1123 2080 1342 2130 expelleret.
1412 2080 1523 2116 Cous.
1553 2081 1683 2130 Wag-

1023 2150 1104 2172 ner.
1140 2136 1165 2172 l.
1196 2137 1222 2172 l.
1251 2150 1339 2186 pag.
1362 2136 1386 2176 5
1405 2137 1535 2188 ibique
1555 2137 1684 2174 strab.

1024 2194 1110 2230 Vni
1133 2206 1170 2243 p.
1193 2195 1272 2232 373
1295 2206 1332 2242 p.
1354 2193 1449 2234 580-

1068 2247 1235 2298 ’Ὄλβιος
1257 2244 1372 2294 οὗτος
1397 2245 1520 2300 α’νήρ]
1544 2247 1685 2286 lisdem

1023 2306 1171 2351 verbis,
1203 2312 1385 2340 monente
1412 2306 1684 2356 WVesselingio,

1025 2360 1161 2412 Pythia
1183 2360 1449 2397 advenientem
1474 2361 1684 2398 Hesiodum

1023 2418 1196 2454 salutavit
1215 2424 1328 2468 atque
1341 2418 1454 2453 etiam
1465 2417 1661 2454 Theseum
1673 2432 1684 2465 ς

1024 2481 1064 2510 ut
1094 2486 1184 2510 sane
1213 2474 1384 2509 solemne
1406 2472 1478 2510 hoc
1499 2474 1613 2510 fuisse
1624 2475 1683 2511 vi-

1027 2530 1161 2567 deatur
1182 2529 1397 2566 exordium.
1427 2551 1483 2556 -—
1521 2531 1597 2567 Pro
1620 2529 1684 2570 ἕσ-

1025 2586 1255 2636 καταβαίνει
1293 2585 1567 2623 Valckeuaerio
1598 2600 1684 2623 ma-

1026 2645 1081 2693 gis
1102 2644 1266 2694 placeret
1281 2640 1544 2692 εἰσαφικάνει,
1567 2643 1683 2681 modo

1026 2701 1110 2736 libri
1130 2701 1265 2736 vetusti
1287 2698 1358 2736 hoc
1379 2699 1570 2736 afferrent.

1085 2752 1272 2805 Κύψελος
1291 2751 1482 2805 Ἠετίδης]
1506 2758 1580 2792 Pro
1599 2751 1684 2795 Ἠε-

1025 2813 1135 2863 τίδης
1177 2811 1279 2862 apud
1317 2813 1457 2848 Euseb.
1496 2815 1541 2850 P.
1572 2814 1618 2850 Ε.
1639 2813 1686 2860 V,

1026 2871 1079 2910 35
1102 2868 1310 2919 Αἰακίδης,
1331 2868 1528 2918 mendose,
1549 2869 1617 2907 sed
1636 2881 1685 2907 ex
