1897 3340
253 443 351 488 10⁴}
408 436 572 489 ,πολλοὶ
603 437 872 492 φλυηρέεις.“

407 194 493 235 590
813 193 1267 231 HERODOTI

412 301 553 358 ,,ἐμῶν
601 301 905 357 αἰχμοφόρων,
968 304 1012 345 οἳ
1049 300 1307 356 ἐθελήσουσι
1341 300 1561 357 Ἑλλήνων
1593 300 1667 346 ἄν-

412 368 566 424 ,,δράσι
595 368 708 422 τρισὶ
740 367 852 423 ὁμοῦ
893 367 1127 425 μάχεσθαι·
1156 372 1244 412 τῶν
1273 367 1329 412 σύ
1362 368 1447 412 ἐών
1484 367 1669 424 ἄπειρος.
1681 373 1726 409 40

930 435 1053 490 Πρός
1072 439 1206 478 ταῦτα
1244 435 1507 492 Δημάρητος
1535 436 1669 492 λέγει·

412 500 486 557 ,ΞΩ
514 507 707 560 βασιλεῦ,
726 501 917 559 ἀρχῆθεν
938 502 1200 559 ἠπιστάμην,
1231 503 1298 547 ὅτι
1320 502 1508 561 ἀληθηΐῃ
1530 503 1670 560 χρεώ-

409 588 565 627 ,,μενος
611 570 665 614 οὐ
703 572 810 626 φίλα
847 586 915 614 τοι
944 571 1063 624 ἐρέω.

1246 570 1505 588 xxxxx

411 638 576 694 ,,λέγειν
615 642 704 681 τῶν
741 637 887 694 λόγων
927 637 1032 688 τούς
1069 636 1412 694 ἀληθεστάτους,
1441 640 1590 694 ἔλεγον
1617 636 1724 680 τὰ45

381 705 686 762 2,,κατήκοντα
715 703 1026 762 Σπαρτιήτῃσι.

1083 707 1239 757 καίτοι,
1269 704 1328 758 ὦς
1357 706 1438 762 ἐγώ
1470 704 1670 761 τυγχάνω

409 774 488 825 »τὰ
527 777 612 817 νῦν
660 773 762 818 τάδε
797 771 1012 829 ἐστοργὼς
1052 772 1267 825 ἐκείνους,
1313 773 1445 825 αὐτὸς
1483 773 1668 830 μάλιστα

409 841 688 893 ,,ἐξεπι’στεαι,
737 843 785 884 οἵ
821 858 873 898 με
907 840 1036 897 τιμήν
1066 856 1110 884 τε
1138 841 1211 884 καὶ
1238 840 1365 897 γέρεα
1406 839 1668 895 ἀπελόμενοι

409 909 636 964 ,,πατρώϊα
645 942 656 961 ,

730 907 889 952 ἄπολίν
929 925 973 953 τε
1024 908 1098 952 καὶ
1152 910 1330 964 φυγάδα
1380 908 1665 965 πεποιήκασι·

409 976 577 1031 ,,πατὴρ
619 976 664 1019 δὲ
703 977 780 1028 σός
808 974 1151 1030 ὑποδεξάμενος,
1194 979 1295 1032 βίον
1323 976 1368 1020 τέ
1397 994 1473 1032 μοι
1502 977 1575 1020 καὶ
1605 973 1667 1019 οἶ-

381 1051 526 1096 3,,κον
554 1044 723 1087 δέδωκε.
783 1044 931 1088 οὔκων
960 1043 1077 1094 οἰκός
1105 1042 1195 1086 ἐστι
1224 1043 1366 1100 ἄνδρα
1393 1044 1470 1088 τὸν
1490 1043 1723 1100 σώφρο-ὁο

409 1128 492 1164 ,,να
532 1109 708 1168 εὐνοίην
749 1112 1020 1169 φαινομένην
1063 1112 1351 1161 διωθέεσθαι,
1404 1110 1511 1157 ἀλλά
1549 1111 1665 1166 στέρ·

410 1195 528 1236 ,,γειν
563 1177 761 1236 μάλιστα.

580 1411 672 1462 Cap.
694 1410 789 1448 CIV.

408 1499 456 1540 τοὶ
470 1498 693 1551 κατήκοντα
712 1496 1004 1553 Σπαρτιήτῃσι]

352 1559 514 1609 Accipio
541 1558 583 1595 de
608 1559 678 1606 iis,
727 1569 814 1607 quae
831 1558 1008 1606 pertinent

349 1615 397 1652 ad
416 1614 637 1664 Spartanos,
678 1626 851 1665 quaeque
873 1625 1007 1649 eorum

349 1677 436 1708 sunt
463 1671 599 1709 officia.
639 1670 733 1707 Loci
753 1681 908 1706 sensum
926 1681 1007 1705 uon

349 1733 539 1764 assecutus
560 1733 613 1764 est
640 1724 850 1763 Larcherus
876 1726 929 1762 sic
948 1726 1008 1761 iu-

348 1790 556 1834 terpretans
580 1784 621 1830 je
646 1795 728 1819 vous
747 1784 787 1819 ai
810 1781 1007 1832 represent&

347 1839 396 1877 les
420 1839 624 1891 Spartiates
644 1839 721 1887 tels,
745 1838 850 1889 qu'z'ls
879 1837 1005 1885 sont“‚·

345 1895 413 1934 sed
432 1897 472 1933 in
497 1903 600 1944 nota,
621 1896 688 1933 ubi
715 1892 763 1934 τὰ
783 1891 1007 1944 κατήκοντα

347 1953 504 2004 exponit
538 1953 586 1990 les
626 1951 782 2003 affaires
811 1953 1001 2002 presentes,

346 2010 512 2047 actuelles
533 2008 593 2058 (ut
607 2010 636 2056 I,
649 2009 734 2058 97),
754 2008 901 2045 mavult
915 2006 1005 2044 red-

348 2065 410 2103 di:
435 2066 476 2113 je
499 2077 584 2102 vous
595 2067 635 2103 ai
658 2064 711 2102 dit
728 2066 786 2102 des
798 2065 912 2101 choses
922 2077 1003 2101 con-

345 2122 505 2159 venables
526 2135 601 2159 aux
623 2120 864 2171 Spartiates.“
896 2121 1003 2156 Neu-

345 2184 448 2215 trum
469 2184 583 2214 recte.
640 2179 718 2214 Nec
751 2177 926 2214 successit
945 2177 1003 2211 al-

344 2235 414 2270 teri
462 2235 657 2284 interpreti
704 2234 756 2270 sic
804 2231 999 2268 reddenti:

340 2290 417 2337 ⁸j’az‘
435 2288 484 2325 (Ζιῖ
505 2302 587 2326 vous
605 2289 642 2326 Ia
660 2288 1001 2336 (ve'rit‹2.)co1maitre

345 2347 370 2383 ιὶ
400 2345 539 2393 l'egard
567 2345 625 2381 cles
662 2344 999 2390 ΙΛαιϊιΙέηιοιιὶιεηε,ιι

342 2402 512 2453 itemque
538 2401 741 2437 vernaculo
777 2400 997 2450 interpreti:

345 2471 409 2506 „so
430 2461 530 2506 sagte
549 2457 605 2494 ich
625 2457 694 2504 dir,
724 2459 788 2495 wie
807 2471 842 2494 es
861 2459 923 2493 mit
931 2456 999 2493 den

346 2514 556 2565 Spartiaten
574 2514 703 2550 stel‹t.“
735 2535 784 2541 —
827 2515 871 2549 In
891 2525 999 2564 seqq.

345 2570 393 2607 ad
427 2583 539 2609 voces
575 2567 623 2608 τοὶ
649 2572 725 2609 νῦν
765 2566 857 2609 τάδε
896 2569 997 2606 conf.

343 2625 478 2666 Matth.
501 2629 567 2664 Gr.
587 2627 654 2663 Gr.
675 2628 713 2671 ξ.
734 2625 828 2674 470,
857 2629 882 2666 8
909 2638 997 2676 pag.

346 2686 440 2731 873,
469 2685 535 2735 qui
566 2682 727 2729 ide1u§.
748 2683 884 2730 491,1
909 2695 996 2732 pag.

345 2742 428 2781 926
449 2740 592 2778 consul.
614 2738 661 2777 de
671 2740 785 2777 verbo
796 2736 996 2806 ἐστοργώς.

403 2795 446 2836 οἵ
460 2811 507 2848 με
527 2791 647 2849 τιμήν
663 2810 704 2836 τε
720 2794 788 2836 καὶ
810 2793 924 2848 γέρεα
950 2791 997 2834 οἷ-

821 1179 928 1238 Ἐγώ
968 1180 1014 1225 δὲ
1057 1179 1157 1225 οὔτε
1197 1180 1301 1225 δέκα
1341 1177 1527 1236 ἀνδράσι
1564 1177 1664 1224 ὑπί-

1063 1406 1271 1462 πελόμενοι
1288 1405 1494 1462 πατρώϊα]
1525 1406 1647 1460 τιμήν
1672 1407 1722 1446 ad

1061 1468 1207 1517 regiam
1241 1466 1465 1518 dignitatem
1493 1466 1607 1503 refert
1635 1465 1723 1503 Sie-

1062 1524 1154 1560 belis
1176 1522 1225 1560 ad
1250 1525 1413 1560 Pausau.
1433 1524 1484 1562 T.
1503 1524 1537 1561 V
1557 1536 1605 1588 p.
1625 1524 1722 1563 279.

1066 1580 1149 1625 Quo
1171 1579 1309 1616 eodem
1337 1586 1508 1630 spectant
1523 1594 1570 1618 τα
1594 1577 1721 1630 γέρεα,

1063 1636 1111 1673 de
1130 1637 1267 1688 quibus
1288 1636 1389 1673 conf.
1404 1637 1435 1683 Ι,
1457 1636 1522 1677 59.
1551 1635 1615 1683 IV,
1629 1636 1718 1674 162

1065 1691 1158 1732 164.
1178 1693 1241 1740 VI,
1264 1694 1330 1733 57.
1342 1713 1395 1720 -
1425 1665 1469 1728 'In
1488 1704 1596 1743 seqq.
1617 1687 1721 1730 α’πο-

1062 1751 1125 1787 λιν
1154 1762 1243 1785 cum
1265 1748 1431 1800 quadam
1445 1749 1483 1786 vi
1504 1747 1594 1785 dicit
1615 1759 1721 1796 eum,

1064 1806 1131 1857 qui
1151 1806 1300 1843 crvitate
1323 1805 1505 1857 omnique
1525 1803 1720 1855 republica

1061 1868 1184 1910 caret,
1221 1860 1388 1913 indeque
1417 1861 1525 1898 exsul
1555 1867 1622 1898 est.
1659 1859 1719 1898 Cf.

1060 1919 1160 1966 VIII,
1201 1921 1269 1959 61.
1300 1939 1348 1945 -—
1397 1918 1492 1955 Mox
1517 1915 1718 1954 Bekkerus

1061 1973 1109 2012 de
1137 1987 1205 2012 suo
1240 1973 1344 2011 dedit
1371 1971 1502 2026 πατήρ
1532 1970 1575 2013 δὲ
1597 1971 1618 2012 ὁ
1635 1970 1716 2021 σᾶς,

1059 2032 1126 2067 ubi
1163 2031 1278 2081 vulgo
1319 2031 1421 2067 abest
1467 2030 1644 2066 articulus
1682 2027 1716 2069 ὁ.

1059 2086 1146 2125 Vid.
1169 2099 1282 2137 supra
1301 2087 1381 2133 Vll,
1404 2088 1428 2126 8
1449 2087 1487 2130 ξ.
1511 2088 1546 2125 1.

1115 2175 1206 2226 βίον
1224 2173 1265 2214 τὲ
1284 2188 1352 2222 μοι
1369 2171 1436 2212 καὶ
1456 2169 1568 2213 οἶκον
1592 2172 1715 2214 δέδω-

1058 2232 1127 2279 κε]
1158 2229 1244 2268 Vid.
1275 2231 1337 2278 VI,
1370 2233 1436 2271 70.
1494 2232 1593 2267 Nam
1620 2238 1716 2269 teste

1057 2285 1316 2338 Xenophonte
1345 2287 1497 2328 Hellen,
1525 2288 1590 2333 111,
1623 2290 1642 2328 1
1676 2289 1715 2334 §-

1059 2346 1096 2390 6,
1127 2350 1169 2380 ut
1190 2344 1286 2380 bene
1308 2350 1462 2380 annotat
1490 2341 1713 2394 Larcherus,

1055 2401 1280 2437 Demaratus
1289 2412 1310 2436 a
1323 2412 1411 2450 rege
1423 2401 1715 2451 acceperatPer-

1055 2469 1233 2507 gamum,
1273 2455 1574 2505 Teuthraniam,
1603 2457 1714 2494 Hali-

1054 2525 1226 2550 sarnam:
1256 2513 1322 2549 ubi
1347 2514 1407 2550 vel
1435 2513 1587 2564 Olymp.
1608 2514 1712 2551 XCV

1054 2570 1274 2607 Demaiati·
1265 2571 1419 2619 ·posteri
1445 2570 1709 2607 vivebantff-

1054 2626 1116 2663 Ad
1154 2627 1318 2664 somnam
1357 2626 1487 2665 δυοῖσι
1522 2627 1562 2662 in
1602 2638 1710 2695 seqq.

1053 2684 1218 2742 vyessel.
1240 2682 1348 2720 affert
1371 2684 1400 2730 1,
1422 2685 1488 2723 32.
1533 2680 1628 2718 Ad
1609 2696 1710 2721 εκων

1055 2736 1158 2779 εἶναι
1178 2739 1278 2777 conf.
1298 2740 1378 2787 VII,
1402 2736 1492 2779 164.
1520 2740 1597 2777 Pro
1615 2753 1708 2778 του-

1053 2795 1151 2837 τέων
1169 2795 1259 2835 dedi
1276 2790 1442 2837 τούτων.
