1897 3340
420 231 505 270 6⁰0

92 352 204 384 stones,
224 349 355 388 Samen,
395 342 566 391 Ξσαῖοι,
604 337 810 392 Ἠδωνοὶ,
836 337 1015 392 Σάτραι.

94 384 219 411 nemaei
228 404 236 419 ,
255 383 366 417 Edom,

91 418 214 445 Satrae.

93 677 157 703 Soli
179 678 291 703 Sati-ae
311 684 363 703 cur

93 711 263 738 libertatem
282 713 313 736 ct

92 747 163 770 tuuc
182 747 214 770 et
232 743 310 770 alias

93 785 215 811 semper
238 776 369 803 retinue-

94 809 162 836 rint.
184 809 290 836 Bacchi

93 842 174 877 apud
194 852 244 870 (tos
264 850 331 869 ora-

94 877 201 910 culum,
222 876 304 903 cuius

95 910 261 945 prophetae
271 908 368 937 Bessi.

817 229 1280 267 HERODOTI

1074 336 1242 381 τούτων
1271 339 1315 381 οἱ
1341 338 1420 393 μὲν
1448 336 1566 392 παρὰ
1591 337 1676 382 θά-

423 410 586 449 λασσαν
626 405 928 461 κατοικημένοι
964 404 1011 448 έν
1049 408 1147 462 τῇσι
1201 404 1331 460 νηυσὶ
1379 406 1577 448 εἵποντο·
1636 406 1680 448 οἱ

423 473 468 516 δὲ
507 471 654 515 αὐτῶν
692 471 772 527 τὴν
807 471 1044 528 μεσόγαιαν
1075 473 1309 523 οἰκέοντες,
1348 472 1733 528 καταλεχθέντεςόο

420 557 465 584 τε
495 539 564 583 ὑπ’
607 540 732 594 ἐμεῦ,
770 538 884 595 πλήν
921 540 1130 594 Σατρέων
1166 542 1208 584 οἱ
1247 539 1372 583 ἄλλοι
1400 537 1557 590 πάντες
1575 543 1678 596 πεζῇ

266 612 360 656 111
422 605 764 662 ἀναγκαζόμενοι
794 607 983 650 εἵποντο.

1043 606 1212 661 Σάτραι
1235 606 1280 650 δὲ
1303 605 1484 657 οὐδενός
1513 622 1575 650 κω
1599 604 1677 649 ἁν-

419 674 614 728 θρώπων
642 671 831 727 ὑπήκοοι
862 674 1075 728 ἐγένοντο,
1107 674 1216 718 ὅσον
1245 673 1366 730 ἡμεῖς
1395 676 1539 729 ἴδμεν·
1573 670 1681 716 ἀλλὰ

429 824 501 852 νοι
532 809 745 863 Θρηΐκων.

426 744 664 785 διατελεῦσι
683 738 732 782 τό
754 739 874 794 μέχρι
900 740 1001 796 ἐμεῦ
1026 741 1108 784 αιέὶ
1138 742 1279 793 ἐόντες
1309 741 1546 796 ἐλεύθεροι,
1577 742 1683 794 μοῦ-

805 807 996 852 οἰκέουσί
1023 825 1068 852 τε
1097 809 1180 865 γάρ
1212 809 1345 863 οὔρεα
1374 807 1540 864 ὑψηλὰ,
1571 808 1738 863 ἰ’δῃσί45

426 892 470 919 τε
508 874 739 929 παντοίῃσι
776 875 850 917 καὶ
880 875 992 930 χιόνι
1013 875 1284 933 συνηρεφέα,
1322 876 1395 918 καὶ
1429 877 1509 919 εἰσὶ.
1529 874 1580 918 τὰ
1610 891 1684 918 πο,

394 943 553 997 Ξλέμια
585 940 724 994 ἄκροι.
785 943 909 986 οὑτοι
941 946 984 987 οἱ
1011 950 1091 988 τοῦ
1122 941 1349 987 Διονύσου
1381 942 1429 986 τό
1470 941 1682 998 μαντήϊόν

424 1010 504 1053 εἰσὶ
533 1008 768 1063 ἐκτημένοι.
827 1009 876 1053 τὸ
908 1011 953 1054 δὲ
982 1011 1196 1067 μαντήϊον
1223 1015 1353 1054 τοῦτο
1389 1010 1478 1053 ἔστι
1506 1010 1585 1064 μὲν
1615 1008 1685 1052 ἐπὶ

424 1079 512 1119 τῶν
544 1074 710 1131 οὐρέων
741 1081 826 1122 τῶν
853 1077 1156 1134 ὑψηλοτάτων·

425 1294 594 1349 Σάτραι]
626 1296 700 1342 Qui
718 1296 836 1334 iidem
857 1310 1029 1335 comme-

367 1361 566 1390 morantur
576 1354 610 1391 V
612 1355 661 1402 11,
678 1357 752 1394 111
776 1361 812 1391 et
825 1353 927 1405 apud
940 1355 1029 1391 Ste-

368 1409 484 1461 phan.
505 1411 666 1461 Byzant.
686 1422 716 1447 S.
739 1423 776 1447 v.
798 1424 838 1461 p.
862 1413 958 1452 662.
994 1410 1030 1446 A

369 1468 624 1517 septentrione
643 1465 868 1503 Edonorum
887 1466 978 1503 inde
1008 1479 1030 1503 a

371 1523 550 1573 Pangaeo
570 1529 702 1559 monte
733 1536 854 1575 usque
882 1522 931 1561 ad
951 1524 1031 1559 Ne-

371 1574 493 1616 stum'
514 1586 551 1615 et
590 1577 805 1630 Rhodopen
855 1578 1028 1631 adeoque

374 1635 487 1671 etiam
516 1637 708 1671 Haemum
730 1636 778 1683 (si
796 1636 875 1672 scil.
896 1637 1030 1672 Bessos

374 1690 421 1727 ad
433 1692 515 1728 illos
531 1692 720 1741 retuleris)
741 1693 823 1728 illos
843 1690 1030 1728 habitasse

372 1748 480 1797 ponit
511 1748 695 1788 Gatterer.
724 1748 750 1784 1.
780 1749 805 1786 1.
842 1761 930 1798 pag.
963 1750 1030 1788 67.

372 1804 571 1840 Maunerto
591 1804 660 1841 Vll
692 1816 779 1854 pag.
801 1806 852 1844 36
869 1805 955 1841 coll.
977 1806 1026 1844 61

373 1859 550 1896 videntur
570 1873 647 1897 esse
668 1861 785 1897 tribus
805 1862 1030 1909 Bessorum3

375 1929 608 1967 quamquam
621 1917 699 1966 ipse
721 1916 934 1954 Herodotus
950 1917 1030 1963 Vll,

378 1974 453 2012 111
489 1973 654 2009 scribens
688 1971 839 2023 Βησσοὶ
881 1970 923 2012 δὲ
953 1975 1033 2011 τῶν

377 2030 445 2066 Σα
458 2042 477 2065 τ
492 2043 514 2079 ρ
529 2027 588 2067 έω
602 2043 625 2067 ν
643 2028 719 2067 εἰσὶ
743 2028 829 2068 οἷκ.
843 2043 874 2067 τ.
894 2032 1034 2067 λ.οοιι-

375 2085 531 2121 trarium
551 2083 705 2123 iudicat.
738 2107 789 2112 —-
847 2087 892 2121 In
925 2098 1032 2137 seqq.

376 2141 525 2189 reposui
553 2136 707 2179 τούτων
742 2148 779 2177 et
809 2136 943 2180 αὐτῶν
963 2153 1031 2192 pro

375 2194 545 2234 τουτέων
568 2203 605 2234 et
625 2192 786 2236 αὐτέων.

432 2317 530 2370 πεζῇ
556 2312 865 2368 ἀναγκαζόμενοι
894 2318 1030 2356 εἵπον-

378 2373 450 2420 το]
481 2374 579 2408 Nam
599 2371 659 2410 hic
688 2374 757 2410 fuit
774 2381 810 2410 et
831 2376 1031 2410 Persarum

380 2434 416 2464 et
466 2429 625 2464 aliarum
669 2431 822 2466 orientis
860 2431 1032 2479 gentium

380 2496 484 2531 mos,
515 2491 555 2521 ut
575 2487 690 2522 victas
710 2487 882 2522 nationes
903 2500 1033 2523 secum

379 2539 610 2578 abducerent
644 2548 680 2578 et
719 2555 828 2578 suum
866 2544 1033 2593 ipsorum

381 2598 590 2633 exercitum
628 2595 701 2634 hoc
741 2597 856 2635 modo
896 2612 1034 2648 augere

380 2651 586 2690 studerent.
671 2655 819 2690 Monuit
870 2656 1034 2692 Heeren.

382 2707 496 2744 Ideeu
516 2711 544 2756 1,
570 2711 589 2749 1
614 2722 701 2759 pag.
724 2710 817 2751 515.
850 2712 1035 2761 Exempla

381 2765 638 2803 subministrat
670 2765 807 2802 Herod.
830 2768 909 2813 vu,
944 2769 1034 2808 115.

389 2823 475 2861 122.
502 2823 591 2861 123.

1217 1078 1379 1134 Βησσοὶ
1409 1078 1455 1121 δὲ
1485 1081 1572 1120 τῶν
1601 1081 1685 1120 Σα-

1306 1297 1399 1347 Cap.
1425 1296 1525 1333 CXI.

1143 1385 1254 1441 ἴδῃσί
1264 1399 1304 1424 τε
1323 1385 1535 1440 παντοίῃσι
1551 1385 1618 1425 καὶ
1637 1380 1743 1436 χιόνι

1088 1441 1340 1493 συνηρεφέα]
1375 1446 1504 1479 montes
1528 1442 1644 1479 multis
1670 1441 1744 1492 syl-

1086 1501 1140 1536 vis
1157 1502 1302 1548 niveque
1312 1500 1458 1535 obtectos
1467 1499 1656 1549 intelligit.
1678 1499 1744 1534 Tu

1087 1556 1185 1592 conf.
1207 1556 1255 1591 ad
1276 1556 1507 1592 locutionem
1525 1556 1554 1602 Ι,
1573 1557 1663 1595 110.
1679 1555 1742 1602 lv,

1089 1611 1181 1652 104.
1204 1607 1308 1660 χιόνι
1337 1613 1484 1662 reposui
1515 1624 1604 1647 cum
1626 1611 1743 1647 Gaisf.

1088 1675 1124 1704 et
1147 1666 1294 1714 matth„
1319 1681 1387 1718 pro
1399 1663 1551 1716 νιφοῖσι,
1573 1666 1675 1719 quod
1697 1668 1745 1703 li-

1086 1725 1144 1760 bri
1164 1725 1352 1774 ignorant.
1411 1723 1472 1760 Ad
1498 1720 1544 1762 ττῗ
1565 1722 1744 1773 ῗπολέμια

1088 1781 1188 1817 conf.
1210 1787 1302 1816 nott.
1325 1779 1370 1816 ad
1392 1781 1457 1827 Ill,
1480 1778 1505 1818 4
1538 1787 1575 1817 et
1605 1779 1653 1817 ad
1673 1792 1744 1817 vo-

1089 1849 1172 1874 cem
1204 1833 1324 1886 ὂὶκρος
1350 1837 1430 1883 Vn,
1463 1836 1502 1876 5·
1559 1837 1744 1874 Voculam

1089 1894 1128 1933 οἳ
1147 1900 1230 1944 post
1251 1887 1362 1931 οὗτοι
1384 1894 1424 1929 in
1446 1893 1621 1944 proxime
1636 1906 1742 1945 seqq.

1089 1949 1205 1987 deleri
1222 1951 1302 1986 vult
1324 1948 1631 1986 Valckenaerius.
1691 1950 1740 1985 At

1088 2007 1174 2043 libri
1193 2019 1270 2042 nou
1293 2005 1486 2043 addicunt.

1145 2093 1294 2144 Βησσοὶ
1316 2092 1357 2133 δὲ
1372 2096 1451 2132 τῶν
1473 2091 1656 2141 Σατρέων
1667 2091 1742 2131 εἶσὶ

1090 2150 1132 2189 οἷ
1160 2146 1479 2200 προφητεύοντες
1516 2152 1588 2188 τοῦ
1622 2149 1738 2199 ἱροῦ]

1089 2206 1239 2250 Quaerit
1255 2204 1515 2253 Valckenaer„
1538 2218 1612 2257 quo
1633 2219 1743 2242 sensu

1088 2263 1191 2298 Bessi
1213 2261 1386 2298 dicautur
1408 2261 1447 2300 οἱ
1466 2259 1744 2311 προφητεύον-

1088 2332 1150 2364 τες
1172 2320 1243 2357 τοῦ
1268 2318 1371 2369 ἱροῦ,
1403 2319 1521 2368 templi
1546 2319 1744 2368 prophetae,

1088 2376 1265 2411 ‹mlistz'tes
1285 2387 1462 2412 sacrorum
1482 2388 1511 2411 s.
1533 2375 1661 2426 templi,
1683 2376 1743 2411 in-

1089 2430 1212 2481 deque
1230 2430 1300 2468 hoc
1321 2432 1404 2468 loco
1422 2460 1432 2478 ,
1460 2444 1549 2467 cum
1569 2433 1743 2482 nuspiam

1089 2488 1178 2523 alibi
1215 2487 1360 2524 dicatur
1392 2483 1658 2539 προφητεύειν
1689 2487 1743 2526 ἷε-

1091 2546 1165 2594 ροῦ
1195 2545 1255 2581 vel
1287 2543 1492 2594 μαντείου,
1524 2545 1743 2594 rescriptum

1091 2600 1171 2636 vult
1211 2599 1252 2638 οἷ
1294 2597 1614 2651 προφητεύοντες
1654 2602 1745 2638 τοῦ

1091 2660 1122 2693 θ
1140 2669 1156 2694 ε
1169 2671 1188 2694 ο
1201 2658 1226 2694 ὗ
1239 2685 1248 2701 ,
1288 2663 1329 2692 ut
1358 2657 1458 2692 Bessi
1483 2656 1741 2706 intelligantur

1093 2726 1112 2747 e
1140 2713 1256 2748 Satris
1277 2712 1590 2763 praestantissimi,
1613 2715 1674 2762 qui
1689 2713 1748 2750 clei

1092 2781 1252 2817 responsa
1276 2781 1339 2818 per
1362 2768 1535 2805 mulierem
1563 2773 1622 2816 (ut
1652 2770 1744 2805 nel-

1094 2823 1201 2875 phis)
1243 2825 1336 2861 edila
1357 2824 1552 2873 fatidicam
1578 2827 1745 2876 interpre-

1737 617 1818 660 555
