1897 3340
254 544 319 589 72

49 607 92 636 lbi
103 608 172 636 dum
186 608 324 636 Cleome-

50 651 117 677 nes,
139 643 166 670 ls
154 651 226 678 ago
210 650 262 669 oar

50 663 150 710 grath
121 676 150 703 iit
154 681 222 703 catu
206 684 277 703 uru

50 718 102 749 res
121 718 200 737 nova
203 712 321 738 *Athe-

49 743 148 806 ΙᾸίιῑείιιιειιΙ
145 719 263 813 ἰὲιιξζὲε,
274 786 321 805 ar·
380 743 531 815 μένης)

383 233 466 273 130

781 230 1242 268 HERODOTl

382 356 468 396 μοι·
497 337 594 382 τότε
624 338 699 390 τὰς
724 336 936 394 Ἀθήνας,
981 337 1232 393 ὑπεγγύους
1273 334 1387 391 πλὴν
1423 333 1644 378 θανάτου.

381 411 596 463 φονεῦσαι
628 407 673 450 δὲ
705 404 867 456 αὐτοὺς
899 406 1012 461 αἰτίη
1043 405 1125 460 ἔχει
1152 404 1510 459 Ἀλκμαιωνίδας·
1541 405 1647 445 ταῦ-
1660 409 1705 443 ΞΟ

382 492 435 518 τα
465 474 549 528 πρὸ
580 478 654 529 τῆς
689 472 1005 527 Πεισιστράτου
1034 474 1198 528 ἡλικίης
1227 471 1407 527 ἐγένετο.

464 542 707 597 Κλεομένης
748 540 793 583 δὲ
844 538 902 590 ὠς
938 538 1120 594 πέμπων
1149 540 1343 596 ἐξέβαλλε
1385 536 1647 581 Κλεισθένεα

383 609 457 653 καὶ
488 607 594 659 τούς
623 608 819 662 ἐναγέας,
854 606 1122 662 Κλεισθένης
1151 607 1230 661 μὲν
1260 605 1394 656 αὐτὸς
1423 603 1644 658 ὑπεξέσχε·

381 675 487 732 μετὰ
517 675 563 719 δὲ
594 674 725 718 οὐδὲν
753 668 891 729 ἧσσον
913 678 1062 730 παρῆν
1091 674 1133 725 ἐς
1162 674 1236 725 τὰς
1259 671 1444 729 Ἀθήνας
1468 670 1490 715 ὁ
1515 673 1648 713 Κλεο-

324 921 426 953 certe
457 914 624 950 multtun
654 910 912 962 distinguendi
940 913 988 949 ab

323 972 390 1018 iis,
425 983 520 1022 quos
555 976 708 1020 postea,
739 969 898 1005 florente
924 982 988 1005 re-

322 1028 475 1080 publica
486 1026 622 1072 Attica,
633 1024 706 1062 hoc
721 1027 880 1062 nomine
891 1038 988 1062 con-

323 1086 471 1121 stitutos
487 1084 701 1119 invenimus
712 1089 862 1119 senatus
874 1095 987 1133 prae-

323 1140 433 1187 sides,
456 1139 504 1177 de
525 1140 674 1191 quibus,
695 1152 745 1175 ne
764 1140 886 1190 plura,
906 1138 984 1177 vid.

323 1199 367 1234 G.
401 1198 444 1233 F.
478 1198 688 1234 Hermann.
719 1196 746 1233 l.
778 1197 873 1242 l.§·
906 1198 985 1236 127

322 1260 404 1290 not.
425 1253 450 1294 5
471 1266 577 1305 seqq.

380 1309 493 1361 οἵπερ
531 1308 751 1359 ἔνεμον]
794 1308 820 1344 i.
851 1321 884 1345 e.
925 1309 989 1357 qui

321 1367 507 1415 regebant,
547 1365 869 1412 administrabant,
908 1376 986 1416 quo

322 1422 462 1461 eodem
480 1436 592 1459 sensu
610 1422 772 1459 verbum
799 1419 934 1472 νέμειν
954 1422 983 1468 1,

323 1481 392 1521 59.
448 1480 556 1515 Unus
591 1479 686 1514 liber
717 1476 886 1528 ἕνειμον,
922 1478 985 1513 alii

322 1534 533 1585 ἐνέμοντοε
565 1542 772 1584 utrumque
792 1534 905 1569 male.

378 1586 604 1642 ’ὑπεγγύους
633 1587 739 1640 πλήν
776 1585 979 1638 θανάτου]

323 1648 349 1684 i.
372 1660 405 1684 e.
435 1648 570 1684 iudicio
595 1650 626 1684 et
653 1659 785 1697 poenae
822 1647 984 1683 obnoxios

322 1704 471 1754 excepta
520 1705 646 1753 capitis
680 1716 810 1753 poena.
879 1703 984 1747 Quae

324 1760 465 1824 ΤΙιιιο)
469 1759 612 1797 didesl.
624 1761 648 1796 l.
664 1761 715 1796 sic
728 1758 860 1795 effert.
884 1754 985 1798 οἴνα-

325 1829 538 1866 στησαντες
571 1813 613 1854 δὲ
650 1812 816 1862 αὐτους,
858 1811 919 1865 ἐφ’
953 1817 983 1869 ῴ

325 1870 450 1924 μηδὲν
482 1871 607 1912 κακὸν
633 1868 870 1922 ποιήσουσι,
900 1873 925 1908 i.
951 1885 984 1909 e.

324 1944 366 1967 ea
388 1930 464 1979 lege
492 1933 524 1966 et
547 1928 739 1966 emulatione
770 1928 885 1976 (cum
901 1929 984 1976 illis,

324 1987 403 2023 scil.
426 1993 465 2022 nt
486 1992 684 2035 surgerent
704 1998 844 2036 araque
863 1984 986 2021 disce-

328 2042 473 2089 derent,
497 2042 792 2093 persuasissent)
824 2045 862 2077 ut
891 2041 986 2078 nullo

325 2098 419 2136 malo
453 2100 696 2149 afficerentur.
755 2098 918 2145 Quibus,
945 2105 986 2134 ut

325 2154 472 2191 Dukeri
500 2162 584 2191 utar
609 2155 753 2199 verbis,
783 2153 987 2205 Thucydi-

328 2211 393 2248 des
413 2213 612 2260 significat,
634 2223 697 2247 eos
717 2211 881 2247 noluisse
899 2224 986 2247 sur-

327 2281 416 2318 gere
437 2269 506 2303 nisi
527 2275 681 2318 accepta
702 2266 776 2303 fide
799 2266 846 2303 de
875 2268 985 2304 inco-

329 2325 520 2373 lumitate,
559 2337 675 2376 quam
706 2331 833 2360 tamen
855 2331 985 2374 postea

326 2382 507 2418 violatam
541 2394 619 2417 esse
647 2381 837 2417 novimus.
887 2382 983 2417 Plu-

326 2436 446 2474 tarch.
482 2439 520 2473 in
546 2438 678 2474 Solon.
713 2450 794 2487 cap.
822 2440 871 2477 12
900 2439 982 2475 init.

326 2506 413 2545 pag.
437 2494 489 2535 84
505 2495 552 2530 A.
572 2494 785 2543 Megaclem
804 2492 983 2530 Archon-

328 2557 406 2587 tem
426 2551 496 2587 illis
516 2551 739 2601 persuasisse
758 2550 884 2587 scribit
918 2549 983 2590 ἐπι

329 2607 421 2661 δίκῃ
443 2610 664 2652 κατελθεῖν,
686 2607 710 2643 i.
724 2619 758 2642 e.
773 2610 813 2642 ut
832 2620 866 2643 se
887 2606 982 2643 iudi-

329 2665 383 2700 cio
411 2665 588 2710 sisterent,
642 2662 689 2700 de
723 2663 985 2700 incolumitate

327 2726 438 2770 pacta
466 2727 620 2767 tacens,
651 2732 768 2771 quam
797 2721 875 2769 ipse
905 2721 986 2756 No-

328 2782 404 2813 ster
433 2775 574 2813 indicat
605 2773 662 2812 his
683 2776 832 2812 verbis:
862 2773 986 2827 ’ὑπεγ-

328 2827 449 2885 γύους
467 2831 571 2884 πλήν
593 2828 787 2881 θανάτου,
816 2845 914 2884 quae
935 2834 986 2870 ita

563 739 618 784 ου’
647 739 731 784 σὺν
759 739 922 797 μεγάλῃ
952 742 1085 796 χειρί·
1126 739 1387 795 ἀπικόμενος
1415 739 1462 782 δὲ
1491 736 1704 794 timna-25

1044 911 1210 949 reddidit
1240 912 1371 949 valla:
1409 910 1500 947 data
1527 909 1608 960 fide
1633 921 1704 959 pu-

1043 970 1167 1007 ni'emlt
1201 982 1256 1006 eos
1295 971 1388 1005 cetra
1422 970 1574 1004 mortem.
1629 966 1730 1002 Ubi.

1041 1022 1270 1078 ’ὑπεγγυυυς
1298 1038 1376 1061 non
1409 1023 1457 1060 ad
1490 1037 1562 1070 τας
1576 1016 1704 1072 Ἀθή-

1042 1098 1115 1129 νας
1143 1081 1209 1119 sed
1248 1080 1296 1118 ad
1343 1076 1509 1126 τούτους
1546 1084 1702 1130 spectat.

1042 1140 1074 1176 V
1078 1152 1127 1176 ox
1149 1137 1329 1190 ἐχέγγυος
1347 1137 1490 1174 simili
1480 1150 1520 1172 ιιι
1540 1149 1580 1172 re
1601 1134 1703 1185 apud

1043 1194 1225 1246 Sophocl.
1263 1194 1398 1244 Oedip.
1438 1193 1572 1230 Colon.
1608 1192 1702 1237 275,

1042 1253 1108 1289 ubi
1129 1252 1230 1289 conf.
1260 1253 1496 1301 interpretes.

1241 1340 1334 1391 Cap.
1354 1340 1514 1376 LXXII.

1096 1417 1300 1471 ὑπεξέσχε]
1324 1421 1345 1456 i.
1364 1432 1397 1456 e.
1420 1419 1511 1456 clam
1531 1416 1700 1460 discessit,

1040 1489 1075 1513 se
1095 1477 1251 1524 sustulit,
1273 1476 1472 1522 utV1‚74.
1494 1474 1700 1520 Vlll,132-

1039 1534 1161 1569 Paulo
1191 1539 1279 1569 ante
1307 1532 1395 1569 dedi
1424 1530 1602 1582 ἐξέβαλλε
1633 1541 1701 1579 pro

1038 1588 1215 1641 ἔξέβιλε,
1256 1588 1303 1626 de
1335 1602 1411 1641 quo
1436 1588 1511 1625 vid.
1532 1592 1629 1622 nott.
1653 1584 1702 1622 ad

1039 1646 1085 1693 V,
1128 1649 1197 1686 70.
1230 1648 1322 1682 Mox
1351 1646 1494 1682 restitui
1524 1644 1651 1694 ἠσσον
1682 1654 1703 1678 a

1041 1701 1248 1739 Schaefero
1283 1703 1385 1739 libris
1416 1702 1542 1738 insitis
1573 1706 1703 1735 muta-

1039 1766 1124 1796 tum
1145 1760 1183 1795 iu
1206 1758 1333 1807 ἕσσον,
1363 1758 1544 1809 idemque
1564 1756 1637 1792 feci
1657 1755 1704 1801 V,

1041 1818 1107 1856 86.
1142 1819 1233 1856 103.
1263 1817 1326 1863 VI,
1360 1818 1453 1856 123.
1486 1814 1568 1859 vn,
1592 1815 1642 1854 10
1665 1813 1703 1857 §-

1040 1871 1080 1911 4.
1109 1873 1191 1919 VII,
1225 1874 1287 1912 18.
1315 1874 1396 1911 213
1421 1871 1508 1908 coll.
1539 1869 1585 1916 V,
1610 1871 1701 1915 102,

1042 1928 1107 1964 ubi
1154 1930 1193 1964 in
1243 1930 1407 1966 lectione
1459 1922 1700 1976 ἑσσώθησαν

1042 1998 1175 2022 omnes
1196 1987 1413 2036 conspirant
1433 1985 1517 2020 libri
1531 1985 1702 2033 itemque

1041 2042 1086 2087 V,
1122 2044 1212 2082 118.
1247 2045 1338 2082 119.
1374 2042 1436 2087 Vl,
1458 2043 1497 2081 9.
1518 2041 1585 2080 92.
1610 2040 1702 2078 108.

1042 2098 1123 2145 vll,
1149 2100 1240 2139 142.
1261 2100 1354 2139 153.
1378 2097 1469 2139 154.
1494 2098 1583 2136 166.
1605 2096 1702 2135 237.

1042 2155 1092 2191 At
1113 2155 1175 2201 Vl,
1198 2155 1252 2195 52
1274 2168 1293 2190 e
1326 2153 1518 2191 Sancrosti
1539 2153 1635 2189 libro
1657 2163 1700 2188 ac

1042 2212 1260 2248 Florentino
1290 2212 1441 2262 reposui
1476 2204 1603 2260 ἧσσον
1630 2220 1701 2258 pro

1042 2269 1146 2317 vulg.
1168 2267 1297 2316 ἕσσον,
1317 2275 1351 2304 et
1365 2269 1445 2315 vll,
1461 2269 1537 2308 129
1560 2279 1581 2302 e
1597 2266 1701 2303 San-

1041 2326 1152 2362 crot'ti
1191 2325 1286 2361 libro
1331 2331 1367 2362 et
1406 2323 1560 2361 Aldina.
1636 2319 1700 2358 Ad

1040 2382 1155 2418 verba
1181 2383 1316 2433 παρῆν
1345 2381 1384 2427 ἐς
1419 2378 1488 2426 τοὶς
1525 2375 1701 2429 Ἀθήνας

1039 2439 1140 2475 conl'.
1162 2445 1258 2475 nott.
1279 2436 1328 2474 ad
1355 2439 1384 2485 1,
1414 2440 1481 2477 21.
1538 2436 1597 2471 De
1626 2434 1700 2471 Cli-

1039 2495 1156 2532 sthene
1185 2494 1255 2532 Cr.
1287 2496 1512 2532 Ciceronem
1544 2504 1700 2543 quoque

1040 2552 1202 2588 conferri
1223 2552 1316 2588 vult.
1356 2552 1414 2587 De
1433 2550 1621 2599 Legg.11‚
1645 2550 1699 2588 16

1041 2609 1078 2653 §.
1119 2609 1168 2647 41
1209 2578 1701 2676 ibiq.Gorenz.p.165;

1099 2678 1146 2702 ου
1185 2677 1261 2703 συν
1299 2659 1448 2715 μεγάλη
1486 2661 1612 2713 χειρι]
1650 2675 1700 2701 ου

1043 2722 1225 2757 omissum
1245 2719 1346 2771 apud
1367 2719 1475 2757 Suid.
1498 2732 1527 2756 5.
1548 2733 1586 2757 v.
1605 2714 1700 2770 οἷγη-

1042 2779 1125 2815 λατ.
1161 2784 1197 2814 et
1227 2776 1381 2816 ἐπίστια
1416 2777 1485 2825 (Τ.
1506 2777 1523 2812 I
1543 2789 1580 2826 p.
1603 2778 1656 2815 27
1669 2775 1700 2823 ),

1043 2846 1141 2885 quae
1166 2832 1206 2871 h.
1233 2834 1260 2871 l.
1287 2840 1328 2870 ut
1357 2833 1402 2881 V,
1430 2835 1483 2874 73
1523 2831 1702 2871 dicuntur

1878 1431 1896 1619 ’πῖ-Τεῖ-
1880 1404 1884 1426 ⁰*
