1897 3340
109 900 244 927 Aeanthii
264 899 380 927 laudati

107 943 125 961 a.
144 935 243 961 Xerxe
260 933 379 961 honori-

110 968 225 1003 busque
241 968 332 996 aucti.

438 187 521 224 (506

831 184 1287 222 HERODOTI

437 308 532 341 νου,
564 291 804 347 Στάγειρον
833 292 959 336 πόλιν
982 292 1165 336 Ἑλλάδα
1194 291 1585 348 παραμειβόμενος,
1615 294 1690 336 καὶ
1704 300 1747 334 85

439 359 612 404 ἀπίκετο
653 360 695 411 ἐς
725 359 946 404 ’Ἁκανθον
957 377 967 386 ·

1019 360 1107 415 ἅμα
1147 359 1357 416 ἀγόμενος
1396 358 1567 404 τούτων
1599 358 1693 402 ἕκα-

439 439 541 470 στον
571 431 659 470 τῶν
695 427 859 470 ἐθνέων
903 430 975 471 καὶ
1002 432 1089 471 τῶν
1129 428 1224 483 περὶ
1262 427 1310 470 τό
1338 427 1563 483 Πάγγαιον
1589 423 1695 479 ὄρος

439 494 693 545 οἰκεόντων,
722 513 726 516 ·
753 494 910 549 ὁμοίως
956 496 1029 538 καὶ
1079 499 1166 538 τῶν
1214 493 1423 547 πρότερον
1476 493 1694 546 κατέλεξα·

438 563 540 612 τοὺς
570 561 646 616 μὲν
676 562 792 614 παρὰ
822 562 1048 605 θάλασσαν
1078 562 1184 616 ἔχων
1221 563 1476 618 οἰκημένους
1505 561 1552 605 έν
1584 577 1695 615 νηυ-

438 629 480 671 σὶ
518 630 907 684 στρατευομένους,
947 629 1049 680 τούς
1090 628 1126 672 ὁ’
1172 629 1277 683 ὑπὲρ
1307 629 1553 685 θαλάσσης,
1594 633 1753 686 πεζῇ90

408 702 429 736 3
443 694 693 751 ἑπομένους.

753 697 830 753 τήν
860 697 905 740 δὲ
934 694 1043 740 ὁδόν
1072 697 1245 753 ταύτην,
1276 701 1327 754 τῇ
1358 697 1561 753 βασιλεύς
1587 697 1696 752 Ξέρ-

438 764 510 816 ξης
548 762 626 805 τὸν
666 765 852 816 στρατόν
888 763 1044 819 ἤλασε,
1085 764 1183 808 οὔτε
1224 765 1454 821 συγχέουσι
1501 765 1694 822 Θρήϊκες,

439 828 529 873 οὔτ’
581 830 899 884 ἐπισπείρουσι,
949 832 1148 886 σέβονταί
1185 848 1228 875 τε
1269 834 1462 888 μεγάλως
1491 833 1540 877 τὸ
1573 834 1699 889 μέχρι

445 897 560 953 ἐμεῦ.

381 1101 598 1153 λεομένου]
641 1104 769 1154 Syleus
799 1117 954 1155 campus
975 1105 1034 1141 vi-

382 1158 492 1196 detur
509 1159 612 1196 idem
634 1174 711 1197 esse
739 1167 851 1213 atque
873 1160 1035 1212 'Thiwy-

382 1215 477 1253 didis
490 1216 606 1253 Aulon
618 1218 679 1265 lv,
710 1219 799 1265 103,
821 1219 890 1254 nisi
910 1219 1033 1268 potius

380 1273 508 1309 Aulon
529 1274 634 1324 Sylei
658 1275 783 1324 campi
804 1281 951 1324 partem
975 1275 1035 1311 vel

340 1333 343 1337 ’
380 1328 507 1366 fauces
537 1329 743 1384 qnasdam,
765 1343 832 1381 per
848 1344 938 1382 quas
960 1332 1035 1366 Ar-

380 1387 437 1422 nis
458 1387 518 1423 via
544 1386 647 1423 ducit
661 1389 912 1434 Bromiscum,
934 1387 1035 1424 indi-

381 1449 454 1483 cat.
486 1443 596 1480 Conf.
614 1445 797 1481 Gatterer.
817 1445 843 1480 l.
866 1445 890 1480 l.
913 1457 950 1493 p.
967 1445 1033 1484 83.

379 1497 447 1539 84.
519 1499 693 1548 Stagirns
731 1501 838 1548 urbs,
872 1501 909 1537 T
911 1499 1036 1551 hucy-

378 1554 458 1592 did.
484 1555 550 1603 IV,
576 1559 641 1596 88.
674 1556 716 1605 V,
740 1560 778 1597 6.
815 1559 892 1604 18,
952 1557 1036 1592 An-

381 1610 552 1648 driorum
575 1613 645 1649 fuit
669 1614 817 1649 colonia
838 1613 1034 1664 multaque

379 1681 556 1719 perpessa
585 1675 639 1705 est
677 1670 766 1706 belli
797 1670 1036 1719 Peloponne-

379 1726 470 1762 siaci
489 1732 674 1776 tempore,
721 1727 803 1771 Quo
831 1727 952 1776 magis
973 1726 1036 1762 illa

379 1781 555 1818 inclaruit
594 1783 813 1830 Aristotele,
847 1795 962 1834 quem
985 1783 1037 1818 ibi

378 1845 514 1874 natum
534 1838 646 1875 fuisse
662 1852 776 1875 nemo
797 1840 927 1875 nescit.
965 1838 1036 1875 Vi-

377 1907 468 1931 cum
483 1907 513 1931 s.
535 1891 673 1944 κώμην
686 1902 796 1933 vocat
816 1897 888 1932 Dio
911 1893 1036 1947 Chry-

378 1957 465 1987 sost.
488 1951 589 1989 Orat.
603 1952 745 1989 XLVII
761 1966 800 2002 p.
820 1952 912 1993 525.
937 1951 1035 1989 Add.

379 2007 504 2044 Strab.
528 2007 596 2043 vll
617 2009 748 2058 p.5lO
763 2022 842 2060 seq.
862 2021 890 2045 s.
905 2021 940 2059 p.
953 2010 1030 2049 331

377 2065 462 2100 coll.
480 2065 663 2101 Gatterer.
676 2065 698 2100 Ι.
715 2066 737 2101 l.
759 2079 796 2116 p.
811 2067 864 2104 89,
878 2071 913 2101 et
923 2066 1035 2101 Man-

376 2126 473 2156 nert.
507 2120 572 2156 Vll
598 2134 635 2170 p.
658 2119 752 2160 449.
814 2122 1034 2157 Posterioris

378 2177 507 2212 aetatis
544 2178 763 2226 scriptores,
797 2183 839 2213 ut
859 2178 1032 2213 observat

377 2233 514 2268 wasse
550 2231 597 2268 ad
626 2231 846 2283 Thucydid.
870 2233 934 2279 lv,
967 2234 1033 2278 88,

378 2285 509 2324 dicunt
547 2300 699 2338 quoque
737 2285 783 2325 τοὶ
825 2285 1031 2337 Στάγειρα.

377 2364 432 2371 --
461 2345 518 2379 De.
538 2344 698 2380 Acantho
716 2342 794 2379 dixi
815 2343 862 2380 ad
886 2344 946 2391 vl,
964 2343 1031 2383 44.

433 2441 516 2496 ἅμα
546 2439 739 2496 οἷγόμειός
768 2442 919 2483 τούτων
940 2460 976 2483 κ.
997 2461 1030 2483 τ.

376 2501 437 2550 L]
482 2501 592 2538 Cous.
620 2507 713 2537 nott.
741 2501 788 2537 ad
824 2501 903 2549 vll,
940 2504 1030 2541 111.

376 2554 529 2597 τούτων
547 2556 633 2593 dedi
649 2570 714 2607 pro
728 2557 906 2596 τουτέων.
940 2559 1031 2594 Mox

377 2612 525 2664 ὁμοίως
551 2613 617 2651 καὶ
643 2615 724 2652 τῶν
743 2609 936 2664 πρότερον
959 2629 1031 2653 κα-

377 2669 507 2718 τέλεξα
537 2671 697 2707 breviter
717 2668 861 2706 diuum
893 2683 960 2720 pto
990 2666 1031 2710 ὅ·

378 2727 502 2778 μοίως
538 2725 605 2765 καὶ
651 2725 813 2764 ἕκαστον
868 2723 1029 2775 τούτωι,
1081 2726 1350 2776 sreundsclmft.

377 2779 450 2830 οὓς
479 2779 670 2834 πρότερον
689 2781 892 2830 κατέλεξα.

611 896 687 949 Ὡς
715 900 761 942 δὲ
792 899 876 952 ἄρα
907 898 947 949 ές
976 898 1054 955 τὴν
1072 898 1292 944 ’Ἄκανθον
1313 899 1499 953 ἀπίκετο,
1531 902 1692 956 ξεινίην

1148 1102 1238 1144 οὕτε
1273 1102 1504 1156 συγχέουσι]
1560 1105 1586 1141 ἰ.
1619 1118 1651 1142 e.
1679 1118 1747 1143 non

1092 1161 1332 1211 confundunt,
1391 1164 1606 1211 pervertunt.
1691 1163 1747 1198 Ita

1091 1216 1440 1268 Schweighaeuser.
1463 1220 1501 1253 in
1521 1218 1650 1256 Lexic.
1670 1219 1748 1254 He-

1091 1273 1211 1312 rodot.
1234 1276 1351 1311 citans
1372 1273 1541 1323 1V,127.
1561 1273 1641 1322 Vll,
1656 1275 1747 1322 136,

1092 1332 1176 1368 alia.
1206 1331 1376 1368 Perverti
1397 1337 1527 1367 autem
1554 1330 1657 1367 viam
1676 1343 1747 1366 ue-

1091 1401 1193 1425 cesse
1210 1394 1308 1434 erat,
1347 1388 1378 1424 si
1413 1385 1462 1423 ad
1485 1399 1594 1437 agros
1614 1387 1746 1424 colen-

1092 1444 1158 1481 dos
1179 1445 1241 1480 ἰΙΙῑι
1256 1443 1355 1481 terrai
1385 1457 1414 1480 s.
1435 1443 1495 1479 via
1520 1444 1573 1479 uti
1592 1444 1747 1480 vellent.

1090 1503 1223 1553 ltaque
1242 1501 1342 1537 maie
1368 1498 1491 1536 reddit
1520 1501 1704 1536 Gatterer.
1720 1500 1745 1540 Ι,

1092 1558 1117 1594 l.
1145 1571 1182 1608 p.
1218 1560 1292 1598 76:
1329 1558 1379 1594 sie
1404 1557 1610 1607 bepfliigenr,
1649 1557 1747 1593 bene

1091 1614 1308 1665 caeteroqui
1337 1612 1528 1659 adiiciens,
1549 1611 1647 1649 hanc
1666 1619 1746 1650 ter-

1092 1683 1193 1717 ram,
1230 1682 1327 1722 quae
1353 1675 1481 1720 postea
1500 1667 1746 1706 Macedoniae

1092 1727 1372 1772 accensebatur,
1393 1726 1440 1762 ab
1453 1726 1529 1762 Her
1539 1724 1645 1763 ’doto
1657 1724 1746 1762 addi

1093 1782 1294 1821 Thraciae.

1289 1928 1381 1978 Cap.
1414 1924 1549 1963 CXVI.

1148 2051 1299 2102 ξεινίην
1331 2066 1371 2092 τε
1404 2049 1425 2091 ὅ
1465 2050 1623 2102 Πέρσης
1642 2053 1745 2088 τοῖσι

1088 2103 1336 2148 Ἀκανθίοισι
1357 2108 1547 2158 προεῖπε]
1579 2104 1639 2142 Ad
1655 2117 1744 2143 sen-

1087 2177 1172 2201 sum
1202 2170 1301 2200 recte
1331 2163 1516 2200 reddunt:
1560 2161 1744 2200 Persarum

1089 2233 1150 2256 rex
1178 2223 1354 2270 praecepit
1380 2220 1588 2266 Acanthiis,
1619 2223 1658 2256 ut
1680 2219 1744 2256 lno-

1089 2276 1318 2325 spitale‘tatem
1337 2276 1549 2323 exhiberent,
1570 2288 1597 2312 ε.
1610 2276 1743 2313 exerci-

1088 2336 1159 2369 tum
1177 2333 1324 2382 hospitio
1342 2335 1546 2383 exciperent.
1575 2332 1630 2369 Ita
1641 2332 1743 2368 euim

1088 2390 1296 2439 προείρητο
1330 2388 1410 2437 Vn,
1443 2391 1522 2430 120
1556 2389 1642 2426 coll.
1663 2387 1746 2436 VlI,

1087 2447 1153 2485 32.
1181 2448 1268 2485 119.
1299 2446 1424 2483 Minus
1455 2451 1567 2491 recte,
1600 2445 1745 2495 opinor,

1088 2500 1404 2538 Valckenaerius:
1466 2501 1652 2539 Acantlu‘is
1691 2502 1746 2537 ius

1088 2557 1232 2607 hospitii
1261 2558 1407 2605 obtulit,
1451 2569 1568 2609 quem
1596 2564 1745 2594 secutus

1086 2616 1217 2664 Lange
1229 2615 1428 2651 vernacule
1446 2614 1646 2664 expressit:
1663 2625 1745 2650 ver·

1087 2644 1193 2707 hwss(³
1203 2670 1268 2707 den
1298 2671 1513 2708 Acantlu'ern
1529 2671 1618 2706 scine
1633 2670 1744 2706 Gust-

1419 2727 1493 2762 Pro
1527 2724 1549 2765 o‘
1585 2725 1743 2775 Πέρσης

1087 2785 1126 2819 in
1155 2783 1382 2835 quibusdam
1409 2780 1519 2822 codd.
1547 2781 1647 2818 male
1672 2794 1742 2818 ex-

1761 901 1860 969 116!
