1897 3340
432 213 516 253 624

855 210 1312 248 HERODOTI

434 318 603 366 στεινόν
630 317 963 376 πυνθανόμενος
990 317 1116 372 εἶναι,
1161 319 1213 363 δι’
1245 313 1302 362 οὗ
1330 319 1418 374 ῥέει
1444 318 1467 362 ὁ
1501 321 1685 376 Πηνειὸς

435 387 612 432 ἀκούων
639 403 683 431 τε
701 384 812 431 εἶναι
826 385 961 444 ταύτῃ
986 385 1093 431 ὁδὸν
1122 386 1164 438 ἐς
1185 387 1426 444 Θεσσαλίην
1444 387 1682 443 φέρουσαν,

374 560 466 612 λίην
486 558 598 612 φέρει
617 556 727 610 napo?
747 556 921 610 Πηνειόν
955 574 1030 599 πο-

375 614 517 668 ταμὸν,
566 613 709 666 μεταξὺ
736 613 778 654 δὲ
809 612 1030 666 Οὐλύμπου

376 671 518 724 οὔρεος
535 669 652 712 ἐόντα
671 670 739 710 καὶ
751 673 822 721 τῆς
832 668 1027 721 ”Οσσης.“

374 728 486 766 Unde
524 730 609 765 satis
646 726 758 764 credo
792 728 1026 778 intelligitur,

373 786 496 823 verbis
555 780 716 823 αὐλῶνα
764 780 918 822 στεινόν
956 785 1030 829 (ut

374 842 455 888 Vll,
479 843 570 880 129.
595 839 689 890 130)
711 838 868 875 indicari
893 840 1028 890 Tempe,

374 910 473 949 quae
491 909 580 933 saue
599 897 652 933 ibi
669 897 930 946 angustissima
951 909 1029 933 esse

373 953 547 990 feruntur
602 953 796 989 montibus
851 953 1029 1004 utrinque

374 1010 512 1057 cincta,
532 1009 630 1046 saxis
650 1008 859 1059 praeruptis
879 1009 919 1044 in
939 1021 1029 1045 sex-

374 1073 575 1104 centorum
621 1071 685 1102 aut
724 1066 1030 1114 octingentorum

373 1121 516 1174 pedum
536 1120 773 1159 altitudinem
784 1120 885 1158 recta
896 1134 1030 1159 exsur-

372 1179 562 1230 gentibus.
623 1180 730 1215 Bene
748 1178 893 1214 Plinius
913 1179 962 1218 H.
981 1179 1030 1215 N.

372 1236 436 1284 IV,
458 1238 484 1276 8
500 1234 591 1284 (15)
613 1236 650 1280 ξ.
665 1237 718 1275 30
738 1248 817 1286 seq.
848 1234 923 1282 „Et
941 1241 1030 1271 ante

337 1326 340 1330 .
374 1298 530 1328 cunctos
563 1291 730 1328 claritate
755 1292 905 1328 Peneus
926 1297 1030 1329 ortus

372 1348 479 1386 iuxta
490 1346 687 1398 Gomphos
706 1348 879 1399 interque
899 1348 1030 1384 Ossam

374 1412 412 1442 et
451 1405 659 1456 Olympum
695 1416 897 1441 nemorosa
935 1417 1031 1440 con-

372 1461 473 1499 valle
506 1460 674 1497 defluens
701 1461 918 1512 quingentis
951 1467 1028 1498 sta-

374 1516 457 1565 diis,
479 1517 636 1554 dimidio
658 1517 736 1554 eius
752 1517 1030 1568 spatiinaviga-

372 1572 489 1614 bilis.'
527 1575 571 1610 In
603 1587 647 1611 eo
676 1586 787 1610 cursu
821 1573 944 1623 Tempe
958 1586 1030 1610 vo-

373 1637 509 1668 cantur
529 1631 696 1682 quinque
723 1630 819 1666 mill.
848 1643 1028 1680 passuum

369 1685 608 1737 longitudine
641 1693 678 1723 et
704 1686 824 1722 ferme
841 1687 1030 1738 sesquiiu-

371 1744 453 1793 geri
503 1741 722 1790 latitudine,
771 1743 869 1779 ultra
905 1744 1029 1779 visum

371 1798 537 1837 hominis
557 1799 812 1836 attollentibus
822 1812 861 1835 se
874 1797 1030 1836 dextera

370 1857 554 1908 laevaque
568 1857 703 1892 leniter
721 1856 898 1892 convexis
916 1856 1028 1905 iugis.

370 1914 476 1950 Intus
501 1926 592 1949 vero
619 1913 706 1949 luco
728 1910 912 1949 viridante
933 1913 1028 1948 alla-

369 1970 472 2007 bitur
500 1970 664 2015 Peneus,
703 1967 830 2005 viridis
868 1969 1026 2018 calculo,

371 2038 553 2062 amoenus
582 2027 679 2062 circa
715 2026 812 2076 ripas
842 2026 1024 2074 grmnine,

373 2095 532 2119 canorus
552 2084 680 2119 avium
701 2083 929 2118 concentu.“
977 2083 1027 2118 Et

369 2140 560 2186 maxime,
610 2136 713 2190 quod
745 2139 831 2174 satis
871 2145 1027 2185 constat,

370 2195 557 2232 veteribus
592 2194 777 2231 celebrata
805 2192 916 2230 huius
933 2207 1027 2230 con-

371 2250 477 2286 vallis
498 2251 726 2296 amoenitas,
749 2256 790 2285 ut
810 2250 847 2284 in
869 2261 1027 2299 prover—

371 2306 478 2342 bium
512 2306 590 2341 sere
620 2306 750 2341 abierit
782 2311 818 2340 et
845 2306 1025 2355 cuiusque

371 2362 534 2411 regionis
562 2361 847 2397 amoenissimae
879 2361 1025 2410 signifi—

371 2419 560 2455 cationem
626 2417 852 2453 assumserit.
939 2416 1022 2455 vid.

370 2472 597 2511 Tzschucke
627 2472 675 2509 ad
702 2473 789 2508 Mel.
820 2473 865 2518 ll,
887 2475 910 2512 3
939 2474 975 2518 §.
999 2477 1023 2514 2

372 2537 468 2568 nott.
490 2542 624 2579 exegg.
638 2542 724 2580 pag.
750 2531 826 2569 178
848 2541 936 2579 seq„
959 2531 1023 2581 qui

374 2586 476 2624 idem
505 2585 551 2624 ad
586 2587 632 2632 ΙΙ,
662 2589 685 2625 3
710 2586 745 2630 §.
780 2587 797 2623 1
824 2597 910 2634 pag.
946 2587 1024 2626 164

373 2656 478 2696 seqq.
491 2641 629 2680 ibidem
641 2642 803 2690 collegit,
828 2654 1023 2692 quaecun-

372 2714 447 2751 que
468 2698 514 2737 de
537 2698 649 2736 Peneo
669 2697 768 2748 apud
783 2704 924 2734 veteres
946 2705 1024 2734 tra-

372 2756 449 2794 dita
482 2756 731 2807 reperiuntur.
788 2752 887 2791 Add.
918 2755 1025 2790 Dod-

371 2813 471 2850 well.
491 2813 516 2850 l.
533 2813 556 2849 l.
578 2825 616 2863 p.
632 2811 709 2852 195
724 2823 803 2863 seq.
863 2811 935 2855 Qui
951 2812 1024 2848 ssu-

1087 560 1168 597 vius
1190 574 1210 596 e
1230 558 1342 597 Pindi
1361 559 1458 610 iugis
1479 558 1656 598 delabens
1671 573 1740 611 per

1086 618 1270 667 exiguum
1291 618 1587 668 quingentorum
1597 615 1741 654 stadio-

1084 685 1171 709 rum
1199 675 1363 723 spatium
1383 674 1510 710 multis
1526 674 1605 710 aliis
1631 686 1740 711 rece-

1083 730 1156 778 ptis
1185 730 1311 766 rivulis
1340 742 1480 779 magna
1513 743 1560 766 ex
1576 737 1681 780 parte
1701 729 1743 767 fit

1084 785 1318 834 navigabilis,
1341 793 1377 822 et
1391 799 1483 823 mox
1496 787 1594 822 intra
1605 786 1742 837 Olym-

1084 842 1123 891 pi
1158 848 1271 893 atque
1319 841 1431 878 Ossae
1468 843 1608 879 montis
1650 847 1740 880 saxa

1084 909 1163 934 non
1189 898 1303 947 longe
1332 910 1354 934 a
1372 899 1468 934 mari
1489 911 1741 949 perrumpens

1083 953 1125 989 in
1161 952 1201 989 id
1228 954 1353 1004 ipsum
1373 966 1488 1006 aquas
1508 968 1591 992 suas
1612 957 1741 992 mittit.

1086 1008 1197 1047 Conf.
1215 1008 1488 1047 Vaudoncourt
1511 1011 1536 1048 l.
1555 1012 1582 1048 l.
1602 1025 1640 1061 p.
1658 1014 1739 1052 317

1083 1078 1163 1117 seq.
1185 1067 1267 1106 319
1287 1079 1366 1118 seq.
1388 1064 1465 1106 341
1498 1067 1586 1104 coll.
1607 1068 1739 1105 Pouc-

1087 1122 1251 1174 queville
1269 1123 1331 1159 l.l.
1351 1134 1438 1173 pag.
1461 1125 1542 1163 377
1563 1136 1643 1175 seq.
1658 1121 1739 1165 394

1084 1191 1193 1230 seqq.
1213 1179 1402 1216 Mannert.
1422 1179 1491 1216 VH
1505 1192 1545 1230 p.
1567 1178 1648 1220 553
1661 1192 1740 1231 seq.

1084 1235 1196 1271 Nunc
1219 1235 1387 1272 inferiori
1399 1235 1637 1286 potissimum
1652 1248 1741 1287 par-

1083 1297 1134 1340 te,
1164 1292 1230 1329 ubi
1249 1291 1378 1329 rivulis
1410 1292 1579 1342 pluribus
1609 1299 1743 1329 auctus

1083 1348 1305 1398 navigabilis
1340 1347 1395 1396 fit,
1429 1349 1639 1399 appellatur
1669 1348 1740 1386 Sa-

1084 1403 1241 1442 lembrz‘a.
1298 1403 1410 1450 Quod
1439 1404 1488 1442 ad
1509 1406 1660 1456 Tempe
1681 1411 1741 1441 at-

1084 1461 1179 1498 tinet
1208 1473 1439 1513 omnemque
1466 1462 1577 1498 istam
1614 1462 1742 1511 regio-

1082 1530 1174 1553 nem
1186 1546 1195 1563 ,
1235 1516 1466 1554 consulenda
1484 1524 1572 1555 sunt
1591 1518 1742 1568 potissi-

1083 1586 1192 1610 mum
1207 1603 1217 1621 ,
1249 1587 1346 1626 quae
1367 1587 1415 1610 ex
1434 1575 1648 1624 Anglorum
1669 1572 1741 1611 do-

1084 1636 1233 1667 ctorum
1254 1629 1403 1678 Clarke,
1424 1629 1603 1678 Holland,
1624 1631 1741 1668 Wal-

1082 1687 1191 1737 pole,
1221 1685 1418 1734 Hawkins,
1447 1687 1608 1723 aliorum
1625 1687 1741 1724 itine-

1085 1744 1189 1779 rariis
1237 1741 1371 1780 hausta
1416 1743 1595 1793 leguntur
1638 1741 1740 1794 apud

1085 1798 1365 1836 Vaudoncourt.
1385 1799 1411 1836 l.
1432 1800 1457 1836 l.
1478 1812 1563 1850 pag.
1586 1799 1668 1841 295
1683 1821 1739 1828 —

1085 1858 1179 1903 312,
1199 1857 1265 1892 ubi
1295 1855 1342 1892 de
1362 1853 1547 1893 hodIerno
1575 1855 1739 1906 regionis

1084 1918 1183 1948 statu
1212 1919 1385 1949 accurate
1406 1911 1585 1960 traditur,
1627 1910 1739 1949 adhi-

1080 1968 1166 2005 bitis
1178 1982 1330 2021 quoque
1348 1967 1396 2005 ad
1415 1969 1739 2020 comparationem

1082 2031 1254 2062 veterum
1265 2026 1497 2072 testimoniis,
1507 2026 1619 2061 Plinii
1631 2036 1739 2073 prae-

1081 2083 1210 2118 sertim
1230 2082 1254 2118 l.
1275 2082 1301 2118 l.
1321 2081 1469 2118 Aeliani
1491 2082 1536 2118 V.
1557 2082 1606 2117 H.
1625 2080 1690 2127 III,
1714 2081 1733 2119 1

1083 2144 1131 2184 et,
1153 2139 1217 2189 qui
1238 2138 1512 2174 accuratissime
1532 2135 1578 2173 de
1600 2135 1657 2173 his
1668 2149 1738 2172 ex-

1081 2195 1217 2243 posuit,
1247 2194 1344 2229 Livii
1371 2193 1504 2240 XLIV,
1536 2195 1574 2233 G.
1641 2192 1737 2237 Qui-

1081 2249 1150 2285 bus
1170 2247 1256 2286 add.
1288 2247 1474 2287 Dodwell.
1504 2249 1529 2285 l.
1549 2249 1573 2285 l.
1595 2261 1634 2298 p.
1657 2250 1735 2290 198

1081 2317 1185 2356 seqq.
1217 2307 1412 2342 Hammer.
1434 2307 1472 2342 in
1492 2305 1646 2341 Annall.
1665 2304 1736 2342 Vi-

1081 2374 1169 2399 enn.
1210 2363 1376 2398 XXXIV
1405 2375 1442 2412 p.
1477 2360 1545 2402 47.
1602 2363 1735 2413 Neque

1078 2422 1207 2453 tumen
1238 2416 1351 2454 hodie
1372 2419 1522 2469 Tempe
1544 2430 1629 2454 eam
1648 2418 1735 2454 lau-

1081 2472 1169 2510 dem
1207 2476 1344 2511 mereri
1384 2481 1572 2522 asserunt,
1612 2474 1734 2523 magis

1081 2532 1183 2566 enim
1203 2529 1434 2568 horrendam
1456 2544 1498 2567 ac
1526 2530 1734 2567 terribilem

1080 2599 1196 2638 quam
1225 2588 1363 2624 laetam
1394 2594 1506 2637 atque
1525 2584 1732 2624 iucundam

1079 2644 1246 2693 speciem
1275 2644 1338 2680 illa
1369 2644 1569 2694 praebere3
1611 2643 1662 2679 ita
1689 2649 1732 2679 ut

1080 2698 1269 2751 hodieque
1280 2707 1426 2737 montes
1447 2712 1466 2736 a
1478 2699 1732 2750 septentrione

1080 2756 1249 2792 saucium
1278 2757 1365 2793 sitos
1386 2754 1592 2806 transgredi
1614 2767 1731 2806 quam

1079 2812 1149 2849 iter
1176 2826 1245 2864 per
1272 2813 1410 2851 vallem
1430 2812 1553 2850 facere
1582 2812 1731 2848 malint.
