1897 3340
0 2667 12 2822 sus-e*

4 3240 5 3247 τ
4 3230 5 3233 ⁴
0 3132 13 3178 ,ζ’
0 3071 12 3090 2
10 3032 11 3037 Α

424 273 508 313 824
828 265 1290 303 HERODOTI

397 377 574 433 6,,παρά
608 383 708 437 τῇσι
749 377 914 433 θύρῃσι
951 378 1048 430 τῇσι
1093 372 1286 430 αὐλείησι
1316 369 1568 425 ἱδρυμένου,
1607 367 1677 426 (vd
1691 373 1736 408 65

427 447 655 499 ,,καλέουσι
684 442 999 499 Ἀστραβάκου·
1014 450 1028 495 )
1061 446 1189 484 τοῦτο
1222 441 1289 491 ὁὲ,
1331 441 1374 482 οἱ
1405 438 1574 493 μάντιες
1603 434 1681 479 τὸν

398 510 593 566 7,,αύτὸν
623 516 783 555 τοῦτον
813 511 934 566 ἥρωα
965 507 1170 562 ἀναίρεον
1201 506 1324 551 εἶναι

1385 505 1509 548 Οὕτω
1542 502 1680 558 ὸὴ,ὠ

427 584 557 633 ,,παῖ,
602 579 705 634 ἔχεις
734 583 821 621 πᾶν
852 577 960 620 ὅσον
990 593 1031 618 τι
1067 577 1138 618 καὶ
1168 574 1343 631 βούλεαι
1373 573 1606 616 πυθέσθαι.
1654 569 1683 626 ἢ

428 647 538 703 ,,γὰρ
571 646 616 688 ἐκ
645 650 726 688 τοῦ
756 646 902 699 ἥρωος
930 642 1091 685 τούτου
1119 642 1321 697 γέγονας,
1353 644 1425 684 καί
1454 657 1522 683 τοι
1544 635 1682 693 πατήρ

428 715 542 766 ,,ἐστι
569 711 858 766 Ἀστράβακος
889 709 911 752 ὁ
940 709 1074 764 ἥρως,
1116 709 1142 764 ἢ
1177 708 1405 763 Ἀρίστων·

399 784 511 836 8,,τῇ
540 780 663 821 νυκτὶ
703 778 836 834 ταύτῃ
878 776 1143 831 ἀναιρέομαι.

1449 707 1495 749 ἐν
1523 704 1606 760 γάρ
1638 715 1684 746 σε

1206 780 1268 832 Τῇ
1309 777 1354 819 δέ
1394 787 1468 818 σευ
1500 773 1741 828 μάλισταῗῦ

430 845 750 900 »κατάπτονται
780 847 822 887 οἱ
853 844 1021 900 ἐχθροὶ,
1062 843 1254 898 λέγοντες
1285 841 1342 892 ὠς
1364 841 1494 890 αὐτὸς
1524 838 1547 882 ὁ
1572 838 1683 892 Ἀρί-

428 927 589 969 ,,στωυ,
635 911 705 956 ὅτε
750 909 867 967 αὐτῷ
905 912 959 954 σύ
997 910 1206 967 ἠγγέλθης
1243 908 1541 964 γεγενημένος,
1585 908 1710 948 πολ-ν

428 985 547 1034 »λῶν
577 978 831 1023 ἀκουόντων
870 976 924 1020 οὐ
962 977 1108 1033 φήσειέ
1150 990 1196 1020 σε
1231 975 1398 1020 ἑωυτοῦ
1438 973 1572 1025 εἶναι,
1608 971 1687 1015 τὸν

375 1164 432 1202 dri
461 1162 563 1215 apud
595 1159 736 1199 Athen.
769 1159 814 1208 V,
836 1162 860 1200 8
890 1174 928 1212 p.
949 1162 1031 1201 202

373 1223 422 1258 D.
451 1235 489 1271 p.
517 1223 599 1261 287
628 1217 804 1267 Schweig
810 1216 847 1253 h.
881 1230 1032 1253 memo—

375 1284 478 1314 ratur
508 1276 702 1325 στέφανος
728 1270 912 1324 μυστικὸς
940 1288 1034 1324 χρυ-

376 1336 472 1380 σοῦς
499 1353 554 1360 -
585 1333 699 1377 οὗτος
718 1329 760 1369 δὲ
789 1330 1032 1381 περιετίθετο

341 1409 344 1413 *
373 1392 429 1442 τῷ
448 1391 522 1428 τοῦ
543 1388 792 1438 Βερενικείου
812 1382 1033 1439 θυρώματι,

375 1433 443 1483 ubi
473 1444 633 1495 proinde
670 1445 775 1480 etiam
807 1456 929 1480 corona
952 1455 1033 1492 por-

377 1506 434 1539 tae
468 1501 591 1538 sacelli
614 1501 744 1537 heroici
773 1512 802 1536 s.
821 1499 940 1546 aedis,
972 1512 1035 1548 ap-

373 1559 503 1609 plicita
525 1559 710 1606 reperitur.
741 1557 820 1592 Nec
841 1557 1036 1591 alitersso-

377 1626 511 1650 manos
531 1614 605 1649 suis
633 1611 792 1648 Laribus
813 1612 954 1658 fecisse,
976 1617 1036 1646 te-

377 1671 441 1706 stis
472 1676 526 1705 est
544 1669 713 1705 luvenal.
745 1668 825 1704 Sat.
849 1669 918 1714 IX,
957 1669 1033 1706 137

379 1724 464 1774 (ubi
513 1725 657 1761 consul.
706 1725 881 1774 Rupert.)
922 1730 1035 1773 atque

378 1783 507 1818 Plaut.
539 1782 716 1818 Trinum.
738 1781 767 1827 I⁷
788 1783 814 1819 2
835 1782 936 1823 init.,·
975 1777 1037 1814 id-

382 1850 457 1889 que
489 1835 537 1872 ad
569 1843 780 1873 extremam
808 1836 903 1872 adeo
934 1841 1038 1870 aeta-

381 1901 461 1931 tem
476 1894 676 1929 invaluisse
694 1905 713 1927 e
735 1891 829 1929 Cod.
843 1890 1038 1929 Theodos-

381 1950 485 1996 XVI,
514 1950 571 1986 tit.
597 1950 649 1985 X.
683 1947 730 1984 de
770 1950 925 1999 paganis
947 1947 1039 1996 (ubi

382 2005 458 2044 vid.
482 2004 706 2042 Gothofred.
728 2017 816 2054 pag.
837 2006 918 2046 275
939 2004 1038 2055 seq.)

382 2063 615 2112 perspicitur.
675 2060 781 2102 Quod
811 2074 889 2098 vero
928 2062 1039 2110 ipsius

383 2118 506 2154 mariti
531 2118 707 2155 Aristonis
737 2117 862 2154 donum
887 2122 1039 2166 putave-

383 2176 443 2210 rat
461 2185 520 2209 eas
544 2186 683 2210 coronas
699 2172 822 2208 mulier
837 2201 849 2220 ,
888 2171 961 2208 hoc
993 2184 1037 2207 eo

383 2229 558 2279 pertinet,
579 2227 683 2280 quod
701 2241 780 2265 non
801 2229 924 2265 solum
935 2240 1037 2263 ama-

385 2285 528 2321 siorum
550 2286 647 2321 fores
668 2295 711 2320 ac
732 2285 959 2320 vestibulum
971 2296 1039 2319 co-

385 2352 520 2376 ronare
567 2347 838 2377 consueverant
883 2347 1039 2387 veteres,

385 2408 521 2434 verum
560 2397 673 2432 etiam
718 2397 885 2432 muueris
934 2398 1041 2447 quasi

389 2452 509 2502 gratia
529 2453 675 2489 corollis
696 2465 831 2488 ornare
857 2464 931 2498 eas,
952 2453 1040 2502 quj-

388 2509 547 2544 buscum
579 2509 872 2545 concubuerant.
929 2508 1042 2544 Illum

388 2576 537 2600 morem
549 2572 720 2600 accurate
733 2565 901 2613 explorat
914 2564 1042 2600 Clear-

389 2618 483 2656 chus
500 2620 538 2654 in
560 2621 659 2656 libris
681 2621 919 2657 Eroticorum
940 2619 1042 2671 apud

389 2674 530 2712 Athen.
551 2677 635 2722 XV,
659 2679 682 2716 3
704 2689 791 2726 pag.
812 2679 890 2716 070
912 2677 1038 2726 p.441

390 2729 633 2781 Schweigh.;
679 2734 876 2782 praecipue
915 2740 1042 2768 autem

391 2786 467 2824 huc
487 2788 574 2824 facit
592 2787 782 2823 Plutarchi
804 2789 906 2824 locus
929 2788 974 2824 de
996 2791 1042 2825 ls.

392 2850 429 2881 et
449 2844 544 2881 Osir.
572 2857 610 2895 p.
634 2845 715 2885 356
736 2846 782 2881 E.
803 2857 843 2895 p.
861 2845 943 2885 462
962 2858 1042 2896 seq.

1086 1162 1144 1197 W
1145 1160 1289 1211 ytteub.
1308 1160 1441 1211 Itaque
1451 1158 1537 1195 licet
1549 1158 1595 1194 ab
1606 1155 1744 1193 Ionicis

1088 1218 1328 1268 scriptoiibus
1351 1229 1528 1265 στεφανη
1551 1221 1587 1250 et
1598 1211 1744 1261 στέφα-

1090 1289 1159 1320 νος
1188 1274 1401 1324 promiscue
1429 1278 1628 1322 usurpetur
1649 1266 1746 1318 (vid.

1090 1337 1185 1367 nott.
1222 1329 1269 1366 ad
1301 1330 1379 1365 Cic.
1399 1330 1456 1365 De
1476 1335 1554 1363 nat.
1575 1328 1690 1363 Deci.
1714 1326 1745 1373 1,

1095 1390 1141 1426 11
1167 1399 1256 1437 pag.
1271 1385 1341 1435 50)
1364 1392 1493 1421 tamen
1513 1382 1552 1420 h.
1573 1384 1598 1420 l.
1622 1381 1747 1419 credi-

1092 1443 1165 1479 bile
1197 1449 1251 1479 est
1281 1445 1372 1478 serta
1389 1443 1523 1492 florum
1553 1439 1748 1489 cogitanda

1092 1512 1173 1536 esse.
1231 1499 1288 1534 Ac
1309 1499 1442 1535 Noster
1459 1498 1555 1544 ull,
1582 1498 1657 1536 118
1680 1495 1746 1532 fin.

1091 1550 1362 1606 θωρήσασθαι
1390 1553 1532 1606 χρυσέῃ
1557 1549 1748 1605 στεφάνῃ.

1092 1613 1195 1647 Haec
1224 1610 1336 1647 ducta
1366 1624 1386 1646 e
1418 1609 1583 1647 Creuzeri
1608 1607 1746 1659 disput.

1090 1669 1128 1704 in
1152 1668 1383 1704 Commentt.
1417 1664 1585 1702 Herodd.
1606 1678 1644 1715 p.
1666 1663 1749 1705 235

1092 1737 1185 1775 seq.,
1227 1736 1342 1775 quem
1362 1721 1528 1758 eundem
1559 1723 1675 1758 etiam
1708 1721 1749 1756 in

1091 1782 1265 1816 Excursu
1282 1778 1330 1816 ad
1349 1778 1388 1816 h.
1409 1779 1435 1815 l.
1466 1778 1610 1815 consuli
1637 1777 1750 1814 volu·-

1093 1850 1179 1873 ulus
1200 1835 1248 1872 ad
1268 1836 1382 1873 verba
1396 1837 1534 1886 proxi1
1522 1848 1570 1870 ie
1584 1846 1749 1900 sequen-

1096 1895 1147 1930 tia
1179 1891 1221 1931 ἐκ
1257 1895 1327 1931 τοῦ
1357 1890 1509 1943 ’ἡρωΐου
1540 1893 1612 1930 τοῦ
1640 1903 1749 1941 παρα

1094 1952 1185 2004 τῇσι
1206 1945 1358 2000 θύρῃσι
1383 1950 1474 2001 τῇσι
1504 1942 1682 2000 αυλείῃσι
1714 1945 1751 1985 ἷ-

1096 1989 1306 2071 ὄρυμένου.

1153 2057 1196 2100 τὸ
1233 2059 1417 2099 καλέουσι
1452 2054 1750 2110 Ἀστραβάκου]

1093 2119 1152 2153 De
1183 2115 1255 2153 hoc
1294 2117 1378 2152 loco
1413 2128 1510 2167 quae
1547 2116 1751 2167 disputavit

1093 2174 1202 2224 plura
1224 2173 1425 2217 Creuzerus,
1454 2184 1497 2207 ea
1518 2173 1557 2209 in
1576 2175 1751 2210 Excursu

1095 2228 1143 2266 ad
1164 2228 1201 2265 h.
1223 2229 1247 2265 l.
1269 2227 1521 2267 exhibuimus.

1152 2282 1366 2334 α’ναίρεον]
1419 2285 1442 2321 i.
1481 2296 1514 2320 e.
1555 2297 1750 2334 responsum

1095 2341 1296 2387 ediderunt,
1332 2341 1752 2392 quoseusulrequenter

1097 2393 1224 2435 ἀνεῖλε
1237 2396 1283 2433 de
1296 2395 1432 2447 Pythia
1449 2398 1599 2432 oracula
1616 2395 1751 2434 edente

1097 2454 1390 2498 sciscitantibus,
1435 2454 1464 2499 Ι,
1509 2456 1571 2493 13.
1606 2455 1652 2500 11,
1684 2456 1753 2495 52.

1098 2510 1166 2556 ΙΧ,
1190 2512 1253 2549 33.
1276 2531 1329 2536 —
1370 2509 1422 2545 At
1450 2504 1683 2560 ἀναιρέομαι
1711 2511 1753 2546 in

1098 2578 1203 2617 seqq.
1225 2567 1324 2602 valet
1335 2566 1506 2614 concipio,
1537 2578 1645 2603 semen
1657 2569 1752 2603 utero

1098 2624 1245 2671 recipio,
1287 2629 1328 2658 ut
1365 2622 1429 2667 111,
1464 2624 1559 2667 108,
1582 2622 1646 2658 ubi
1676 2621 1751 2660 vid.

1098 2679 1195 2714 Hinc
1215 2679 1337 2727 glossa
1358 2678 1596 2714 Herodotea:
1637 2673 1753 2717 εἰναι-

1100 2731 1310 2784 ρεόμενον·
1353 2731 1394 2774 τὸ
1421 2734 1463 2773 ἐν
1490 2733 1626 2784 γαστρὶ
1662 2737 1751 2772 συλ-

1100 2786 1414 2840 λαμβανόμενον.
1472 2792 1527 2826 De
1558 2791 1752 2841 praeposi-

1101 2847 1203 2882 tione
1225 2846 1267 2885 ἐν
1298 2845 1358 2895 (ἐν
1384 2842 1458 2898 γάρ
1493 2859 1535 2886 σε
1564 2848 1613 2901 τῇ
1640 2843 1752 2885 νυκτὶ

1885 346 1897 665 »ψῃ-..Μ’
1887 333 1892 341 -
