1897 3340
387 240 473 280 278

794 235 1259 274 HERODOTI

58 360 182 391 structis
200 360 331 389 Athenas
390 347 692 404 Χερσόνησον,
726 348 800 392 καὶ
838 348 883 390 οἱ
916 346 1119 396 Φοίνικές
1151 346 1194 389 οῖ
1220 345 1530 399 περιπίπτουσι
1557 347 1711 401 τῇσι30

59 395 188 430 aufugit.
207 396 332 423 illarum

59 439 162 461 unam,
181 430 228 457 cni
246 438 332 464 prac-

59 468 125 492 erat
144 464 224 491 lilius
234 465 300 491 cius

59 501 134 526 natu
159 498 314 531 maxim-na,

59 531 245 565 Menoclnw,
260 532 332 558 l'cr-

59 573 113 592 sac
136 575 168 592 cu
181 566 266 591 minut.

59 599 175 627 Metine
188 608 233 626 ins
248 608 266 625 a
276 598 334 625 Da-

46 700 49 705 1
60 665 192 696 habitus.

389 418 532 472 νηυσί.
579 415 712 466 αὐτὸς
741 414 820 470 μὲν
850 413 902 469 δὴ
933 412 1180 468 Μιλτιάδης
1212 413 1295 456 σὺν
1325 417 1424 469 τῇσι
1452 413 1657 466 τέσσαρσι
1712 414 1795 460 456

395 489 485 528 τῶν
513 488 626 528 νεῶν
655 480 918 538 καταφεύγει
939 482 981 532 ἐς
998 480 1191 537 Ἴμβρον,
1222 482 1302 537 τὴν
1324 481 1369 524 δέ
1393 482 1436 523 οῖ
1461 479 1658 534 πέμπτην

363 556 486 596 ὃτῶν
513 554 837 596 νεῶνκατεῑλον
866 548 1096 600 διώκοντες
1116 551 1157 593 οἱ
1172 551 1383 599 Φοίνικες.
1413 551 1488 603 τῆς
1501 547 1546 590 δὲ
1559 546 1658 598 νεὸς

58 633 106 660 rio
120 632 335 660 humanissime
391 620 553 676 ταύτης
583 620 701 674 ἔτυχε
721 621 811 662 τῶν
839 617 1088 661 Μιλτιάδεω
1108 618 1279 661 παίδων
1309 615 1332 660 ὁ
1361 613 1660 670 πρεσβύτατος

394 688 540 744 ἅρχων
568 689 814 744 Μητίοχος,
852 685 934 728 οὐκ
962 684 1008 728 ἐκ
1036 689 1111 740 τῆς
1134 684 1320 739 Ὀλόρου
1349 687 1432 727 τοῦ
1467 681 1714 738 Θρήϊκος35

392 756 479 800 ἐών
507 754 753 810 θυγατρός,
794 751 890 798 ἄλλ’
930 752 972 806 ἐξ
1003 750 1151 809 ἄλλης·
1198 753 1271 797 καὶ
1299 756 1460 795 τοῦτον
1488 750 1576 805 ἅμα
1605 754 1659 807 τῇ

365 825 476 878 4νηῒ
503 820 622 866 εἶλον
652 824 695 865 οἱ
726 823 939 871 Φοίνικες.
989 823 1062 864 καί
1100 836 1174 876 μιν
1212 819 1460 874 πυθόμενοι
1495 817 1554 869 ὡς
1594 820 1659 874 εἴη

395 890 646 936 ΛῙιλτιάδεω
675 894 799 940 παῖς,
842 887 1064 945 ἀνήγαγον
1093 886 1214 941 παρὰ
1244 886 1445 943 βασιλέα,
1487 884 1659 928 δοκέον-
1704 933 1707 935 .

394 976 463 1010 τες
492 959 646 1015 χάριτα
685 955 874 1013 μεγάλην
902 956 1248 1012 καταθήσεσθαι·
1291 955 1357 998 ὅτι
1388 953 1440 1008 δὴ
1471 950 1659 995 Μιλτιά-

394 1030 472 1084 δης
495 1026 676 1083 γνώμην
697 1023 927 1075 ἀπεδέξατο
958 1024 1004 1067 ἐν
1031 1029 1145 1068 τοῖσι
1162 1022 1300 1075 Ἴωσι,
1330 1023 1563 1066 πείθεσθαι
1591 1035 1659 1063 κε-

393 1095 535 1138 λεύων
564 1100 674 1138 τοῖσι
705 1093 932 1148 Σκύθῃσι,
971 1092 1039 1136 ὅτε
1070 1093 1114 1135 οῖ
1143 1089 1322 1136 Σκύθαι
1351 1086 1655 1144 προσεδέοντο,
1671 1090 1717 1128 4ο

396 1161 612 1213 λύσαντας
651 1161 732 1218 τήν
771 1163 968 1217 σχεδίην,
1007 1159 1239 1203 ἀποπλέειν
1281 1159 1322 1209 ἐς
1363 1157 1441 1212 τὴν
1472 1154 1659 1198 ἑωυτῶν.

366 1235 586 1285 5Λαρεῖος
616 1229 682 1281 δὲ,
713 1227 772 1279 ὥς
807 1229 849 1271 οἱ
881 1229 1084 1279 Φοίνικες
1113 1228 1340 1284 Μητίοχον
1367 1224 1447 1268 τὸν
1475 1221 1661 1267 Manno}-

342 1437 412 1486 Su,
432 1437 560 1476 sinum
570 1450 660 1474 vero
673 1437 719 1474 ab
731 1434 871 1487 oppido
883 1447 1002 1486 prope

341 1496 425 1542 sito,
445 1508 549 1531 nuuc
571 1501 698 1531 autem
719 1492 922 1539 destructo,
941 1492 1004 1528 cui

342 1564 487 1588 nomen
508 1550 643 1598 Saros,
672 1550 877 1586 nominari.
915 1547 1002 1586 Vid.

343 1609 534 1644 Mflnuert.
566 1608 638 1644 VII
674 1619 762 1657 pag.
805 1607 884 1645 198
923 1617 1003 1655 seq.

345 1662 557 1701 Lare-herus
587 1677 607 1699 e
623 1663 777 1699 Meletio
795 1660 932 1708 tradit,
953 1662 1006 1698 si·-

345 1733 444 1757 mnn
489 1721 681 1756 Melanem
732 1731 837 1754 nuno
876 1718 1005 1755 vocari

346 1776 572 1826 DIegarz'sz'on
591 1789 621 1814 s.
642 1775 899 1824 IlIagarision,
927 1773 1004 1810 ssu—

345 1833 454 1871 vium
473 1833 655 1884 appellari
673 1831 840 1871 Larissa.

405 1887 475 1929 καὶ
501 1889 542 1928 οἱ
574 1887 758 1934 Φοίνικές
779 1903 799 1927 o
814 1886 830 1926 ἵ
847 1885 1007 1938 περιπί-

349 1947 512 1994 πτουσι]
535 1947 593 1983 De
615 1944 742 1982 dativo
764 1943 806 1983 οἱ
822 1941 1005 1981 vidmott.

351 2001 401 2039 nd
414 2004 444 2049 Ι,
466 2004 534 2042 31.
592 2003 656 2039 Sic
676 2013 791 2038 mox:
808 1997 888 2050 ’τήν
908 1998 950 2039 δέ
970 1997 1011 2038 οἱ

351 2057 534 2109 πέμπτην
552 2073 588 2097 κ.
608 2073 643 2097 τ.
663 2060 695 2097 λ.
726 2057 882 2104 Imbros,
906 2053 1010 2106 quod

351 2116 439 2153 satis
480 2121 645 2162 constat,
684 2113 814 2163 exigui
847 2113 1011 2149 ambitus

352 2178 407 2207 est
426 2172 548 2208 insula
568 2183 686 2222 prope
720 2167 1009 2215 Samothracen,

352 2227 415 2263 cui
435 2225 538 2263 haud
558 2240 640 2263 raro
653 2232 883 2263 accensetur.
899 2226 1010 2261 Nunc

353 2284 564 2334 appellatur
598 2283 727 2320 Imbro.
797 2283 893 2318 Mox
921 2292 1012 2317 cum

354 2338 494 2376 matth.
520 2353 540 2375 e
580 2339 800 2375 Florentino
840 2344 877 2373 et
911 2336 1012 2373 San—

353 2396 465 2433 orofti
494 2397 591 2432 libro
617 2394 706 2432 dedi
741 2393 924 2441 τέσσαρσι
943 2405 1011 2443 pro

353 2453 459 2502 vulg.
482 2451 678 2501 τέσσερσι,
708 2449 811 2502 quod
833 2450 921 2486 alibi
948 2461 1011 2484 me

353 2509 481 2558 legere
511 2507 615 2545 haud
652 2507 830 2553 memini,
873 2518 1012 2557 quam-

354 2577 472 2616 quam
488 2565 611 2601 existit
631 2563 818 2611 τέσσερες.
848 2563 882 2598 Α
904 2560 1011 2598 Bek-

354 2619 450 2658 kero
470 2619 645 2671 τέσσερσι
665 2628 861 2670 receptum
885 2625 955 2656 est.

413 2677 621 2725 κατεῖλον]
653 2678 678 2713 i.
701 2691 733 2714 e.
757 2678 938 2725 ceperunt,
970 2681 1013 2711 ut

355 2735 419 2781 vl,
440 2737 492 2775 29
514 2735 600 2771 coll.
619 2734 664 2780 V,
685 2735 751 2773 36.
791 2731 914 2776 Quare
935 2744 1014 2768 nou

357 2804 451 2841 opus
468 2789 651 2841 refingere
670 2791 848 2838 κατεῖχον
871 2788 931 2825 vel
942 2802 1013 2838 po-

358 2848 430 2885 tius
446 2849 631 2900 κατῆγον,
662 2843 767 2898 quod
786 2845 826 2881 in
843 2850 1015 2882 mentem

1058 1440 1216 1472 venerat
1250 1430 1549 1480 Valckenaerio,
1588 1432 1641 1469 ita
1677 1438 1721 1470 ut

1059 1490 1237 1529 Miltiadis
1247 1502 1387 1526 navem
1399 1490 1532 1539 opibus
1545 1495 1722 1526 onustam

1060 1550 1101 1586 iu
1140 1560 1253 1585 suum
1283 1547 1539 1582 converterint
1566 1552 1723 1596 portum

1063 1603 1272 1656 (κατῆγον)
1283 1601 1494 1639 Phoenices
1514 1603 1722 1653 insequen-

1062 1668 1143 1708 tes,
1184 1658 1352 1710 indeque
1383 1657 1628 1695 escendentes
1656 1671 1724 1694 ca-

1059 1725 1169 1769 ptum
1186 1715 1424 1753 Metiochum
1444 1714 1492 1752 ad
1507 1728 1640 1765 regem
1653 1713 1724 1751 de-

1061 1774 1241 1811 duxerint
1259 1767 1483 1822 (ἇνήγαγον
1513 1768 1621 1821 παριὶ
1655 1772 1724 1821 βα-

1062 1829 1171 1870 σιλέα
1190 1850 1248 1857 —-
1266 1829 1319 1865 ita
1343 1830 1447 1864 enim
1481 1826 1725 1864 scribendum

1062 1899 1133 1939 pro
1165 1886 1338 1938 βασιλῆα
1353 1885 1382 1934 ).
1442 1882 1618 1922 Metiochi
1649 1896 1726 1921 no-

1063 1956 1155 1981 men
1205 1942 1377 1993 pluribus
1428 1940 1726 1977 Atheniensibus

1064 2001 1178 2038 fuisse
1194 2005 1348 2049 apparet
1364 1998 1477 2045 exiis,
1490 2010 1587 2049 quae
1597 1998 1727 2034 Osann

1065 2068 1191 2106 nuper
1223 2055 1380 2105 protulit
1415 2055 1456 2090 in
1494 2054 1727 2091 Kunstblatt.

1069 2115 1192 2154 1832.
1212 2123 1272 2149 nr.
1292 2109 1346 2152 75
1366 2123 1454 2161 pag.
1476 2113 1556 2151 299
1577 2123 1685 2162 seqq.

1121 2163 1671 2219 χάριτα-καταθήσεσθαι]
1700 2166 1728 2207 i.

1068 2238 1103 2262 e.
1133 2237 1168 2261 se
1191 2226 1348 2271 gratiam
1372 2225 1541 2270 inituros,
1583 2236 1618 2260 se
1640 2235 1729 2272 pro-

1067 2282 1251 2319 merituros
1295 2291 1376 2317 esse.
1462 2280 1729 2326 Locufiouem,

1067 2343 1251 2374 monente
1271 2333 1475 2382 Valcken.‚
1495 2336 1731 2372 illustrarunt

1067 2394 1262 2431 Wetsten.
1331 2391 1379 2428 nd
1431 2393 1533 2430 Actt.
1591 2393 1726 2442 Apost.

1067 2450 1212 2494 xxiv,
1244 2450 1311 2489 27.
1333 2449 1491 2487 Dorvill.
1515 2447 1563 2485 ad
1585 2447 1728 2485 Charit.

1069 2520 1108 2557 p.
1131 2504 1211 2546 448
1235 2507 1337 2556 Lips.
1387 2504 1490 2541 Add.
1511 2503 1730 2542 Blomfield.

1070 2563 1235 2600 Glossar.
1255 2563 1294 2598 in
1323 2560 1501 2613 Aeschyl.
1530 2559 1727 2600 Prometh-

1068 2622 1162 2659 807.
1196 2616 1341 2655 llerod.
1367 2620 1447 2666 Vll,
1480 2620 1561 2659 178
1589 2625 1627 2654 et
1647 2618 1728 2665 VII,

1069 2677 1151 2715 220
1172 2675 1241 2712 fin.
1265 2677 1335 2723 lx,
1350 2677 1418 2721 78,
1438 2675 1505 2710 ubi
1535 2681 1588 2711 est
1617 2671 1728 2720 κλέος

1068 2731 1321 2771 καταθέσθαι
1337 2731 1490 2781 gloriam
1505 2731 1574 2768 sibi
1582 2743 1728 2782 parare,

1070 2790 1242 2838 consequi.

1127 2843 1291 2897 γνώμην
1316 2839 1532 2892 ἐπεδέξατο
1560 2842 1603 2884 ἐν
1628 2845 1730 2884 τοῖσι
