1897 3340
374 257 457 294 660
776 251 1234 289 HERODOTI

348 366 484 412 Ξλους
520 359 840 415 ἐγκεχρημένοι·
884 360 906 402 ὁ
953 360 998 402 δὲ
1029 353 1092 401 ὧν
1122 358 1339 414 μέγιστος,
1368 355 1635 413 Ἀθηναίοισί

376 445 420 473 τε
449 429 522 472 καὶ
554 427 817 483 Αἰγινήτῃσι.
875 427 978 483 μετὰ
1013 428 1085 478 δὲ,
1117 424 1447 480 πυνθανόμενοι
1477 424 1636 478 Ξέρξεα

379 496 460 540 σὺν
475 499 534 548 τῷ
564 498 730 549 στρατῷ
762 492 872 536 εἶναι
899 496 945 538 ἐν
974 495 1174 548 Σάρδισι,
1206 492 1524 548 ἐβουλεύσαντο
1555 508 1636 535 κα-

378 563 626 611 τασκόπους
656 560 836 615 πέμπειν
863 561 905 612 ἐς
935 562 1014 617 τήν
1040 561 1188 616 Ἀσίην
1216 564 1301 603 τῶν
1320 561 1518 614 βασιλέος
1533 575 1637 615 πρη-

380 633 575 689 γμάτων·
619 629 660 679 ἐς
688 628 844 683 ’Ἄργος
886 646 930 672 τε
962 629 1179 684 ἀγγέλους,
1212 627 1445 683 ὁμαιχμίην
1476 631 1694 682 συνθη-65

383 699 595 754 σομένους
624 696 734 748 πρὸς
763 696 840 738 τὸν
859 696 1045 749 Πέρσην,
1077 697 1148 738 καὶ
1182 696 1223 745 ἐς
1243 698 1449 751 Σικελίην
1480 694 1640 745 ἄλλους

383 768 565 821 πέμπειν
593 763 710 816 παρὰ
744 763 921 806 Γέλωνα
950 764 1028 806 τόν
1059 763 1355 818 Δεινομένεος,
1387 764 1428 813 ἔς
1456 779 1500 805 τε
1530 762 1641 815 Κέρ-
1676 779 1681 781 ’

381 849 542 886 κυραν,
598 829 881 880 κελεύσοντας
919 830 1121 886 βοηθέειν
1149 834 1200 886 τῇ
1224 828 1426 880 Ἑλλάδι,
1479 831 1553 874 καὶ
1597 830 1639 880 ἐς

381 899 559 955 Κρήτην
598 898 780 949 ἄλλους·
821 897 1121 953 φρονήσαντες
1150 898 1190 940 εἴ
1212 913 1297 947 κως
1327 897 1373 939 ἕν
1394 913 1437 940 τε
1469 898 1640 954 γένοιτο

379 967 429 1011 τὸ
453 965 724 1022 “Ελληνικόν,
755 966 827 1008 καὶ
849 966 885 1007 εἰ
916 963 1214 1020 συγκύψαντες
1242 962 1383 1007 τωύτὸ
1405 965 1641 1020 πρήσσοιεν
1652 971 1697 1006 70

350 1033 564 1087 3πάντες,
602 1031 660 1084 ὦς
701 1033 856 1075 δεινῶν
891 1032 1100 1076 ἐπιόντων
1131 1030 1291 1087 ὁμοίως
1321 1035 1424 1075 πᾶσι
1442 1031 1641 1088 ‘'EM-mn.
1698 1032 1777 1073 571

312 1247 396 1278 -νος
410 1244 495 1267 eam
506 1231 544 1267 in
555 1229 794 1276 senteutiam,
816 1229 853 1265 in
868 1241 984 1281 quam

326 1289 522 1338 vulgatam
549 1285 834 1338 ‘e’ynszomts'voc
874 1299 984 1322 acce-

327 1351 433 1396 perat
461 1345 597 1380 Portus
628 1343 668 1379 de
696 1343 807 1389 bellis,
839 1355 926 1391 quae
949 1344 985 1378 in

327 1401 489 1438 manibus
512 1400 711 1446 habuerint,
734 1412 853 1450 quum
870 1398 986 1450 ἐγχει-

331 1461 493 1511 ρεῖσθαι
524 1458 564 1492 iu
592 1456 738 1507 passivo
761 1455 906 1492 dicatur
927 1454 984 1498 id,

328 1515 389 1551 cui
424 1526 545 1550 manus
584 1512 849 1559 admoveamus,
898 1510 987 1561 qaod

327 1569 581 1619 aggrediamur
617 1575 730 1619 alque
759 1569 799 1604 in
829 1567 987 1604 manibus

327 1626 530 1663 habeamus.
590 1626 684 1674 Legi
706 1637 858 1676 quoque
879 1636 986 1673 posse

327 1680 578 1734 ἔγηγερμένοι
627 1680 731 1717 addit
774 1679 986 1716 Bekkerus.

326 1737 536 1775 Larcherus
557 1750 646 1774 cum
665 1738 781 1774 Porto
802 1735 863 1773 hic
879 1737 987 1785 cogi-

327 1801 411 1832 tans
432 1793 478 1831 de
497 1795 612 1831 verbo
625 1789 786 1845 ε’γχράω,
809 1806 885 1844 quo
906 1793 987 1842 ipso

329 1853 465 1888 Noster
493 1863 582 1887 usus
613 1851 658 1886 sit
696 1850 746 1887 VI
760 1879 769 1897 ‚
810 1848 863 1889 75
904 1849 987 1897 (ubi

331 1903 528 1960 ἓγχραύω)
552 1905 712 1957 feriendi
729 1918 771 1942 ac
792 1905 991 1954 stringendi

298 1958 300 1961 ’
329 1965 501 2011 notione,
516 1963 676 2013 intelligi
696 1962 778 2000 vult
799 1961 888 1999 bella
912 1973 988 1998 cum

330 2020 414 2057 aliis
454 2023 611 2057 conserta
654 2018 814 2069 populi-³,
862 2018 988 2069 prouti

330 2075 432 2127 apud
451 2077 605 2112 Homer.
626 2075 668 2112 11.
686 2076 786 2121 XVI,
803 2074 884 2114 352
905 2073 992 2113 ἐπι-

331 2127 441 2183 χράω
472 2144 548 2169 cum
586 2133 713 2181 impetu
733 2130 854 2168 hostili
886 2132 990 2167 iuva-

334 2188 388 2234 do,
411 2190 550 2236 ingruo.
609 2188 692 2232 Quo
715 2185 851 2224 eodem
870 2185 988 2223 modo

331 2244 563 2293 interpretati
582 2250 669 2279 suut
687 2245 840 2279 Dauum.
861 2243 899 2277 in
912 2244 989 2278 Le-

331 2299 406 2336 xic.
420 2301 575 2335 Homer.
594 2312 631 2349 p.
654 2300 760 2337 1262
774 2304 810 2333 et
831 2296 989 2333 Schult-

333 2355 427 2395 zius,
503 2352 884 2402 Sclnveighaeuserus
948 2354 988 2389 in

332 2412 426 2448 Lex,
449 2411 603 2448 Homer.
633 2410 826 2458 vulgatam
857 2409 990 2444 lectio-

334 2479 425 2503 nem
445 2462 718 2518 ἐγκεχρημένοι
734 2465 850 2514 repeti
870 2466 949 2501 vult
966 2478 987 2501 a

334 2523 450 2561 verbo
471 2520 686 2574 ἐγχειρέειν,
708 2522 813 2557 cuius
832 2522 878 2556 sit
898 2534 988 2572 par-

333 2580 505 2629 ticipium
555 2577 711 2629 perfecti
750 2578 883 2627 passivi
922 2592 990 2628 per

333 2648 527 2687 syncopen
551 2641 676 2671 ortum
705 2646 752 2668 ex
772 2632 990 2685 {ynsxupfq-

332 2689 446 2743 μένοι
461 2721 471 2740 ,
491 2690 593 2728 unde
612 2691 779 2741 primum
809 2691 989 2727 exstiterit

335 2746 629 2801 έγκεχερημένοι
651 2759 693 2782 ac
721 2744 877 2793 deinde,
900 2747 987 2783 elisa

335 2804 441 2842 brevi
496 2804 637 2850 vocali,
698 2801 986 2854 ἐγκεχρημένοι.

337 2859 447 2906 Quod
474 2858 570 2897 mihi
598 2857 753 2912 quidem
774 2857 875 2895 haud
895 2872 984 2910 per-

1044 1229 1171 1276 suasit,
1194 1229 1379 1266 auxilium
1401 1241 1422 1265 a
1433 1226 1624 1265 codicibus
1636 1226 1699 1265 hic

1041 1288 1285 1335 exspectanti.
1360 1284 1542 1322 Matthiae
1592 1283 1701 1337 ἔγκε-

1040 1341 1227 1393 χρημένοι
1272 1341 1320 1378 ad
1357 1337 1508 1393 ἒγχράω
1537 1354 1634 1377 num
1653 1342 1701 1378 sit

1042 1398 1287 1435 referendum
1319 1397 1518 1445 dubitans,
1556 1398 1701 1434 iutelli-

1043 1457 1116 1505 git:
1170 1455 1262 1492 bella
1297 1455 1477 1492 nonnullis
1508 1467 1585 1492 cum
1616 1454 1701 1492 aliis

1043 1510 1195 1560 gerenda
1219 1513 1375 1562 impacta
1398 1514 1511 1557 erant,
1540 1511 1566 1548 i.
1588 1523 1622 1547 e.
1643 1512 1704 1547 in-

1043 1571 1225 1616 gruerant.
1259 1589 1315 1594 —
1358 1569 1402 1604 Iu
1428 1580 1534 1619 seqq.
1557 1565 1702 1617 Ξέρξεα

1043 1625 1203 1671 retinui,
1259 1625 1365 1661 cuius
1414 1625 1499 1661 loco
1540 1630 1702 1675 quatuor

1043 1679 1155 1716 codd.
1195 1678 1357 1731 Ξέρξην.
1379 1701 1434 1707 —
1468 1677 1532 1716 Ad
1560 1679 1701 1717 verba:

1044 1735 1260 1787 ὁμαιχμίην
1374 1734 1703 1787 συνθησομένους

1043 1789 1143 1843 πρός
1182 1789 1251 1831 τόν
1301 1790 1462 1845 Πέρσην
1511 1792 1703 1830 subintell.

1043 1852 1126 1894 τοῖς
1144 1844 1358 1900 Ἀργείοις;
1400 1855 1453 1885 est
1479 1849 1582 1884 enim
1611 1861 1703 1886 seu-

1044 1906 1182 1942 tentia:
1218 1907 1279 1955 qui
1298 1905 1555 1942 Atheniensium
1575 1908 1609 1941 et
1628 1904 1704 1942 Ar-

1044 1964 1203 2010 givorum
1233 1961 1362 2011 foedas
1405 1965 1526 1998 contra
1560 1959 1704 1998 Persam

1039 2021 1308 2120 gacz‘scerentar.
1378 2015 1465 2055 Vid.
1493 2017 1592 2065 VIII,
1622 2014 1701 2056 140

1072 2104 1079 2111 .
1104 2077 1139 2115 1.

1102 2182 1374 2235 φρονήσαντες
1414 2182 1453 2222 εἷ’
1480 2198 1559 2230 κως
1589 2181 1632 2222 ἕν
1659 2197 1701 2223 τε

1045 2240 1194 2293 γένοιτο
1216 2237 1259 2278 τό
1278 2237 1544 2290 ΓΕλληνικοίν]
1575 2240 1702 2276 Parti-

1045 2298 1185 2346 cipium
1197 2293 1471 2348 φρονήσαντες
1494 2297 1590 2333 bene
1612 2294 1701 2333 red-

1046 2351 1140 2388 dunt
1170 2353 1230 2389 hoc
1258 2353 1417 2399 consilio,
1471 2352 1562 2390 hunc
1582 2355 1620 2390 in
1642 2353 1702 2403 fi-

1043 2421 1131 2455 nem,
1170 2416 1233 2456 ut,
1269 2410 1298 2445 si
1326 2408 1408 2444 fieri
1427 2415 1572 2459 posset,
1602 2409 1701 2445 iuter

1045 2477 1176 2501 omnes
1191 2466 1355 2501 Graecos
1367 2466 1593 2502 coalesceret
1605 2477 1701 2501 con-

1043 2520 1183 2568 cordia,
1208 2522 1424 2573 mutuisque
1443 2522 1584 2559 viribus
1603 2522 1701 2557 Per-

1043 2591 1124 2614 sam
1153 2579 1389 2628 repellerent.
1422 2600 1473 2604 —
1532 2579 1592 2614 Ex
1621 2589 1699 2614 uuo

1046 2635 1234 2671 Sancrofti
1254 2633 1338 2671 cod.
1360 2632 1585 2671 Schaeferus
1600 2646 1698 2670 uuus

1045 2690 1199 2727 dederat
1219 2690 1409 2742 γενοίατο.
1464 2689 1526 2726 Ad
1562 2690 1609 2728 ἓν
1632 2687 1698 2742 γε’-

1044 2761 1151 2785 νοιτο
1190 2747 1290 2787 conf.
1322 2747 1436 2782 etiam
1463 2746 1507 2793 V,
1537 2748 1561 2786 3
1593 2751 1630 2782 et
1655 2746 1696 2781 iu

1042 2816 1147 2854 seqq.
1168 2802 1216 2839 ad
1236 2803 1395 2840 verbum
1424 2797 1697 2854 συγκύψαντες

1041 2866 1136 2897 nott.
1157 2858 1205 2896 ad
1227 2861 1292 2907 III,
1314 2860 1380 2899 82-
