1897 3340
289 695 355 741 70
409 695 635 756 Ἀρσάμης.

84 758 262 820 Αριὶιίριρξιῗε
274 761 312 787 As

105 800 125 818 1.
281 802 318 820 no
334 801 358 820 ts

83 826 122 852 ab
143 826 303 863 Aethiopib

86 858 164 887 Afris
179 859 333 889 differant.

415 253 501 293 554

816 251 1277 290 HERODOTI

415 358 463 403 δὲ
501 359 576 404 καὶ
617 360 848 404 Αἰθιόπων
887 365 976 404 τῶν
1020 359 1130 416 ὑπὲρ
1176 360 1401 416 Αἰγύπτου
1440 360 1681 416 οἰκημένων

415 422 519 484 ἦρχε
543 425 772 485 Ἀρσάμης,
804 427 828 472 ὁ
864 429 1057 482 Δαρείου
1087 427 1158 471 καὶ
1174 427 1464 485 Ἀρτυστώνης
1491 432 1568 484 τῆς
1587 427 1680 472 Kv'-

418 511 504 550 ρου
533 497 776 552 θυγατρός·
808 495 891 552 τήν
919 496 1102 551 μάλιστα
1135 497 1309 551 στέρξας
1337 500 1426 539 τῶν
1453 499 1679 552 γυναικῶν

415 567 626 617 Δαρεῖος,
657 565 756 608 εἰκώ
785 563 972 620 χρυσέην
1001 564 1283 620 σφυρήλατον
1312 563 1556 619 ἐποιήσατο.
1589 566 1678 606 τῶν
1690 570 1735 605 80

414 631 493 686 μὲν
521 631 574 687 δὴ
602 630 713 686 ’ὑπὲρ
728 631 956 687 Αἰγύπτου
985 630 1215 675 Αἰθιόπων
1236 632 1308 675 καὶ
1336 630 1546 688 Ἀραβίων
1575 627 1677 688 ἦρχε

316 759 360 800 ia-

358 883 563 934 Aethiopum
610 883 863 935 appellatione
901 883 1018 934 vulgo

356 939 586 990 designetur,
608 941 724 977 altera
742 940 916 978 Arabicae
934 942 1019 978 stir-

355 997 412 1047 pis
432 997 550 1034 tribus
570 998 740 1047 palantes
761 1010 804 1033 ac
830 996 1015 1035 nomades

357 1054 646 1104 complectatur.
712 1052 827 1090 Unde
860 1054 1017 1102 factum,

356 1116 400 1146 ut
427 1108 467 1147 h.
495 1110 523 1146 l.
551 1110 694 1147 Arabes
723 1116 837 1161 atque
857 1109 1020 1147 Aethio-

356 1179 423 1218 pes
457 1179 571 1216 supra
601 1168 824 1218 Aegyptum
843 1165 1020 1204 habitan-

358 1229 413 1260 tes
445 1224 681 1260 coniunctim
711 1236 1020 1260 commemoren-

340 1286 420 1333 *tur
452 1293 652 1331 unumque
681 1279 923 1332 eundemque
957 1294 1020 1318 se·-

357 1343 524 1387 quantur
553 1335 705 1381 ducem.
764 1336 887 1374 Affert
915 1336 1019 1374 idem

356 1394 521 1430 Heeren.
538 1393 599 1430 1.l.
619 1394 736 1430 Iubae
756 1395 1019 1430 testimonium

356 1448 459 1500 apud
480 1450 577 1488 Plin.
596 1452 642 1487 H.
664 1451 711 1487 N.
731 1450 783 1488 VI
805 1450 895 1500 (34)
918 1451 1017 1496 29§.

359 1509 451 1554 177,
473 1508 730 1543 recentiorum
756 1508 1020 1558 peregrinato-

356 1562 451 1598 rum‘
495 1563 756 1600 observatione
801 1564 1017 1614 probatum,

355 1620 431 1655 Nili
453 1621 598 1656 accolas
618 1619 708 1656 inde
722 1620 768 1656 ab
782 1620 876 1657 urbe
890 1621 1018 1670 Syene

354 1674 556 1712 meridiem
566 1690 694 1713 versus
713 1689 792 1713 non
812 1675 1018 1727 Aethiopes

355 1745 436 1769 esse
455 1731 521 1769 sed
540 1733 683 1769 Arabes
704 1732 753 1769 ad
772 1734 931 1770 Meroen
951 1746 1017 1770 us-

356 1801 431 1840 que
466 1796 670 1839 porrectos.
728 1790 909 1840 Aegyptii
946 1790 1017 1840 ipsi

354 1845 454 1881 inter
499 1846 653 1882 navales
693 1852 843 1882 tantum
886 1847 1017 1896 copias

356 1909 601 1938 recensentur
620 1902 699 1950 Vll,
731 1903 797 1950 89,
826 1901 1018 1953 pedestres

356 1959 483 2009 copias
504 1959 626 1995 nullas
645 1958 860 2009 praebuisse
879 1958 1019 1996 viden-

354 2021 427 2062 tur,
458 2015 529 2051 nisi
557 2016 596 2051 in
633 2014 850 2052 Herodotea
880 2029 1017 2052 recen-

353 2072 649 2108 sionelacunam
665 2085 744 2109 esse
753 2079 904 2110 statuas.
935 2073 1017 2109 Po-

353 2128 425 2164 tuit
445 2141 598 2180 quoque
627 2128 719 2176 fieri,
740 2135 782 2165 ut
801 2129 1017 2179 Aegyptio-

353 2196 453 2231 rum,
474 2185 540 2235 qui
558 2184 675 2221 modo
696 2185 854 2222 rebelles
883 2186 1017 2235 proxi-

353 2253 417 2275 me
430 2247 517 2276 ante
531 2239 630 2277 hanc
652 2242 690 2277 in
702 2242 867 2278 Graecos
886 2254 1015 2278 susce-

353 2303 460 2346 ptam
511 2296 796 2346 expeditionem
856 2296 1014 2334 demum

352 2353 476 2403 pacati
506 2360 631 2397 erant,
669 2354 805 2389 animis
832 2366 901 2389 rex
934 2353 1014 2390 for-

351 2409 448 2446 sitan
495 2408 669 2446 nondum
715 2422 867 2460 prorsus
896 2409 1015 2446 const-

353 2463 470 2504 deret.

408 2517 642 2573 Ἀρσάμης]
678 2522 735 2557 Ita
756 2535 776 2557 e
797 2522 1015 2559 Florentino

353 2578 510 2630 aliisque
519 2591 622 2614 nunc
636 2576 884 2626 editum‚cum
896 2580 1017 2616 inMe-

353 2633 462 2671 diceo
484 2636 639 2686 aliisque
660 2642 781 2671 exstet
801 2630 1014 2686 'Apodeygz

353 2690 434 2729 Sed
453 2692 609 2729 Anamis
637 2692 955 2729 nomencrebrins
976 2694 1012 2729 in

352 2749 554 2786 Persarum
566 2747 677 2785 rebus
687 2760 697 2796 ς
707 2747 808 2799 apud
819 2748 1011 2786 Plutarch.

353 2805 428 2843 vit.
449 2806 582 2843 Artax.
602 2817 685 2855 cap.
709 2807 762 2845 30
795 2818 880 2855 pag·
905 2809 1011 2846 1026

355 2861 420 2900 fin.
441 2863 625 2914 Antigon.
645 2862 775 2898 Carist.
811 2864 901 2904 128.
931 2863 1010 2899 Ρο-

704 701 760 745 Ol
792 700 841 744 δὲ
879 699 962 745 α’πὸ
1000 698 1130 757 ἡλίου
1166 697 1413 744 ἀνατολέων
1451 701 1676 751 Αἰθίοπες,

1073 883 1201 934 lyaen.
1230 884 1318 928 VII,
1338 885 1391 924 28
1422 890 1458 921 et
1486 882 1588 934 apud
1608 883 1733 933 ipsum

1074 939 1314 976 Herodotum
1341 941 1423 987 VII,
1463 940 1559 981 224.
1628 940 1734 984 Quae

1075 997 1199 1034 attulit
1227 996 1453 1047 Wesseling.
1511 994 1628 1046 Apud
1658 997 1736 1031 Ae-

1074 1051 1251 1104 schylum
1269 1054 1310 1089 in
1321 1054 1424 1090 Pers.
1446 1054 1515 1093 37.
1527 1055 1618 1098 308,
1640 1059 1734 1089 teste

1074 1108 1370 1155 Valckenaerio‚
1409 1110 1572 1146 Arsames
1598 1109 1738 1146 Persa-

1076 1180 1164 1202 rum
1186 1165 1278 1203 dUX.
1338 1165 1512 1216 Gobryas,
1534 1177 1738 1215 germanus

1075 1224 1244 1260 Arsamis
1265 1223 1391 1270 frater,
1431 1224 1610 1274 Dariique
1639 1223 1738 1260 filius

1076 1294 1125 1316 ex
1153 1281 1358 1330 Artystone
1379 1279 1446 1327 (cf.
1471 1285 1568 1315 nott.
1601 1277 1650 1315 ad
1669 1279 1737 1328 111,

1075 1338 1147 1385 88)
1169 1343 1491 1373 commemoratur
1511 1336 1590 1381 Vll,
1603 1338 1629 1375 7
1633 1338 1736 1375 2.—

1073 1394 1118 1429 In
1145 1406 1251 1444 seqq.
1283 1391 1330 1429 de
1359 1393 1482 1429 forma
1518 1388 1610 1431 εἰκώ
1641 1391 1736 1430 dixit

1073 1448 1209 1486 Matth.
1230 1450 1296 1489 Gr.
1319 1450 1384 1488 Gr.
1407 1451 1446 1495 ξ.
1472 1451 1524 1490 89
1544 1461 1632 1500 pag·
1657 1451 1736 1490 192

1075 1513 1111 1544 et
1142 1505 1308 1544 Fischer.
1341 1505 1389 1543 ad
1409 1506 1571 1544 Weller.
1591 1507 1626 1542 11
1645 1518 1734 1556 pag.

1076 1561 1170 1603 174.
1222 1563 1347 1608 Quare
1367 1564 1448 1599 sine
1468 1563 1547 1599 ulla
1568 1563 1736 1600 necessi-

1073 1626 1149 1656 tate
1159 1619 1383 1667 Larcherus,
1405 1621 1564 1669 Gregor.
1579 1618 1626 1656 de
1635 1619 1734 1656 Dial.

1071 1678 1153 1714 Ion.
1185 1677 1222 1722 §.
1252 1677 1306 1717 35
1335 1689 1374 1726 p.
1412 1675 1493 1716 427
1514 1678 1736 1713 auctoritate

1075 1739 1302 1780 commotus,
1324 1733 1476 1769 rescribi
1495 1733 1577 1768 vult
1598 1733 1735 1772 εἰκοῦν

1074 1791 1262 1839 χρυσοῦν.
1292 1810 1349 1815 -—
1381 1787 1444 1825 Ad
1472 1801 1608 1825 vocem
1629 1802 1735 1837 σφυ-

1075 1840 1246 1897 ρήλατος
1275 1845 1368 1881 conf
1383 1851 1466 1881 nott
1486 1843 1534 1881 ad
1553 1847 1582 1892 Ι,
1606 1846 1673 1887 50.
1694 1844 1736 1885 ἐ-

1074 1898 1268 1952 ποιήσατο
1290 1908 1365 1938 est:
1397 1901 1606 1952 faciendum
1624 1915 1734 1940 cura-

1074 1960 1137 2007 vit,
1159 1965 1201 1996 ut
1219 1959 1381 2009 saepius.

1279 2048 1371 2100 Cap.
1392 2049 1517 2085 LXX.

1129 2125 1171 2166 οῖ
1197 2124 1240 2166 δὲ
1273 2123 1355 2166 dno*
1374 2125 1491 2178 ἡλίου
1509 2122 1734 2165 ἀνατολέων

1074 2183 1272 2229 Αἰθίοπες
1293 2199 1329 2222 κ.
1346 2198 1380 2221 τ.
1400 2185 1454 2232 λ.]
1487 2181 1590 2230 διξοὶ
1611 2183 1733 2233 pluri-
1788 2204 1791 2205 ν

1070 2240 1140 2276 bus
1178 2240 1269 2276 locis
1298 2241 1433 2276 Noster
1465 2238 1561 2276 dixit
1594 2241 1733 2276 Ionum

1069 2308 1196 2342 more,
1238 2296 1461 2334 observante
1490 2294 1656 2337 Fischer.
1685 2294 1734 2332 ad

1070 2353 1231 2391 VVeller.
1261 2354 1277 2387 I
1299 2366 1386 2403 pag.
1411 2353 1506 2393 204.
1552 2352 1615 2390 Ad
1627 2353 1735 2404 plus-

1071 2410 1346 2460 quamperfecti
1376 2410 1516 2446 formas
1547 2422 1736 2461 προσετε-

1072 2461 1217 2515 τάχατο
1250 2473 1285 2502 et
1322 2462 1531 2516 ἐσεσάχατο
1561 2467 1601 2502 in
1628 2479 1734 2518 seqq.

1073 2522 1175 2560 cons.
1198 2523 1309 2559 allata
1338 2522 1386 2560 ad
1417 2524 1498 2567 Vn,
1530 2525 1584 2563 62
1622 2529 1659 2559 et
1686 2521 1735 2559 de

1072 2579 1189 2617 verbo
1199 2575 1427 2618 ὁιαλάσσειν
1445 2579 1608 2628 (differre
1622 2578 1735 2616 inde—

1073 2649 1148 2687 que
1187 2637 1374 2684 excellere)
1407 2635 1563 2672 Diodor.
1594 2636 1670 2672 Sic.
1703 2638 1732 2683 l,

1072 2692 1124 2732 35
1166 2694 1293 2744 ibique
1331 2694 1559 2742 VVesseling.
1599 2694 1629 2739 l,
1665 2693 1734 2734 64.

1069 2750 1190 2796 xvn,
1221 2752 1289 2790 90.
1347 2748 1457 2794 Quod
1487 2748 1535 2785 ad
1564 2749 1637 2786 loci
1670 2760 1732 2785 ar·-

1067 2812 1318 2856 gumentum,
1377 2807 1484 2842 binos
1519 2806 1595 2842 iam
1626 2806 1731 2844 novit

1068 2864 1257 2900 Homerus
1273 2860 1500 2914 Aethiopes:
