1897 3340
401 219 1059 261 TERPSICHORE.
1117 219 1162 255 V.

160 333 325 390 ταύτην
364 332 444 390 τήν
471 329 660 387 ἡμέρην,
699 327 1022 385 ὑπερεβάλοντο
1053 327 1158 378 τούς
1190 329 1425 380 Φοίνικας·

161 402 236 445 καὶ
267 400 436 444 τούτων
463 399 627 452 Σάμιοι
663 394 945 453 ἠρίστευσαν·

133 474 270 526 δῆλθε
299 467 351 511 τὰ
382 464 672 520 στρατόπεδα,
714 463 993 519 συμπεσόντα
1035 464 1260 521 ἐμάχοντο.

164 540 210 582 δὲ
239 536 343 587 τούς
382 533 653 589 στρατηγούς
682 531 962 588 ἀμφοτέρους
1000 533 1102 576 τάδε
1132 533 1310 588 ἐγίνετο.

1343 221 1425 260 217

991 399 1092 452 πεζῇ
1125 395 1192 447 δὲ,
1233 395 1290 448 ὡς
1322 408 1428 440 συν-

1319 463 1430 508 κατὰ

1371 533 1430 583 ὦς

1485 435 1519 452 (Ἀ

162 603 454 659 προσεφέρετο
492 601 602 654 πρὸς
640 601 718 644 τὸν
754 599 988 656 Ὀνήσιλον
1033 600 1057 644 6
1091 600 1320 656 Ἀρτύβιος
1360 601 1430 643 ἐπὶ

161 675 245 715 τοῦ
273 672 408 714 ἵππου
438 667 698 724 κατήμενος,
744 666 768 712 ὁ

796 668 1044 724 Ὀνήσιλος,
1084 669 1195 712 κατὰ
1224 667 1277 712 τοὶ
1308 675 1487 711 συνε-35

159 737 330 795 θήκατο
360 741 422 797 τῷ
451 737 718 794 ὑπασπιστῇ,
749 738 867 779 παίει
897 738 1263 794 προσφερόμενον
1294 735 1432 780 αὐτὸν

161 806 240 851 τὸν
266 805 518 862 Ἀρτύβιον·
549 804 835 861 ἐπιβαλόντος
867 806 912 848 δὲ
939 808 1191 850 τοῦ-ἰ’ππου
1221 806 1327 856 τοὺς
1356 804 1431 848 πό-

158 875 237 925 δας
275 873 344 917 ἐπὶ
383 873 463 930 τήν
501 872 733 930 Ὀνησίλου
771 873 957 925 ἀσπίδα,
1024 874 1219 917 ἐνθαῦτα
1268 874 1290 918 ὁ
1332 873 1431 928 Καρ

157 941 357 1000 δρεπάνῳ
387 941 566 998 πλήξας,
599 940 846 996 απαρασσει
870 946 951 985 τοῦ
979 943 1117 986 ι’ππου
1146 941 1251 993 τούς
1279 941 1430 993 πόδας.

129 1008 384 1066 4Ἀρτύβιος
411 1011 491 1066 μὲν
521 1010 574 1066 δὴ
614 1010 638 1054 6
677 1009 917 1090 στρατηγός
954 1015 1044 1054 τῶν
1083 996 1288 1066 Περσέων
1320 1011 1435 1065 ὁμοῦ

0 1068 93 1114 113
160 1094 218 1131 τῳ
248 1079 365 1135 ιππῳ
396 1080 540 1122 πίπτει
571 1077 711 1122 αυτοῦ
748 1096 899 1136 ταυτῃ.

162 1150 252 1190 τῶν
292 1147 437 1191 ἄλλων
446 1178 458 1200 ,
497 1146 742 1203 Στησήνωρ
753 1180 764 1198 ,

815 1146 1034 1202 τύραννος
1078 1149 1163 1192 ἐών
1212 1148 1429 1200 Κουρίου,

160 1215 371 1268 προδιδοῖ
390 1215 497 1271 ἔχων
513 1213 702 1271 δύναμιν
728 1213 906 1270 ἀνδρῶν
935 1217 1036 1270 περὶ
1057 1216 1223 1260 ἑωυτόν
1254 1215 1309 1259 οὐ
1341 1227 1430 1270 σμι-

161 1281 290 1338 κρήν·
321 1284 366 1326 οἷ
394 1283 442 1326 δὲ
472 1284 683 1338 Κουριέες
713 1278 838 1327 οὗτοι
857 1283 1059 1338 λέγονται
1090 1282 1203 1328 εἶναι
1229 1283 1431 1339 Ἀργείων

133 1348 357 1394 Ξόἱποικοι.
387 1350 646 1406 προδόντων
682 1352 729 1396 δὲ
757 1356 847 1395 τῶν
878 1351 1132 1407 Κουριέων,
1173 1350 1329 1395 αὐτίκα
1359 1351 1433 1395 καὶ

161 1419 216 1462 τοὶ
254 1421 540 1476 Σαλαμινίων
577 1420 891 1478 πολεμιστήρια
923 1420 1093 1477 ἅρματα
1141 1417 1283 1463 τώυτὸ
1320 1422 1489 1463 τοῖσι45

104 1591 204 1632 τέων
225 1600 262 1630 et
272 1596 448 1644 συνῆλθε
458 1607 526 1645 pro
545 1596 765 1646 συνῆλθον,

105 1649 209 1702 quod
231 1650 307 1687 duo
329 1650 442 1687 codd.
463 1651 640 1688 afferunt.

161 1704 259 1745 κατοῖ
290 1704 337 1746 τοὶ
360 1705 641 1759 συνεθήκατο]
684 1709 764 1745 Vo-

104 1765 231 1801 culam
252 1761 322 1812 τοέ,
353 1778 472 1817 quam
503 1772 666 1818 quatuor
699 1773 764 1802 tu-

104 1828 217 1858 entur
249 1822 335 1858 libri
364 1823 514 1873 scripti,
557 1824 641 1859 eiici
681 1823 764 1859 vult

105 1878 244 1920 Struve
266 1880 380 1929 Spec.
402 1880 420 1914 I
440 1893 478 1929 p.
501 1882 569 1920 36.
628 1880 694 1915 Tu
714 1879 764 1916 cf.

104 1935 150 1979 V,
175 1938 239 1975 11.
261 1936 327 1975 89.
386 1937 431 1971 In
452 1936 672 1972 Florentino
695 1950 766 1973 ex-

104 1998 176 2028 stat
188 1989 316 2030 nard*
332 1993 437 2042 (sic).
450 2015 506 2019 —
525 1995 570 2029 In
587 2006 692 2045 seqq.
704 2006 768 2029 re-

104 2049 200 2100 liqui
235 2047 259 2088 6
285 2046 396 2101 Καρ,
428 2051 534 2086 cuius
555 2051 640 2086 loco
664 2049 769 2102 quod

106 2104 183 2142 duo
199 2104 312 2143 codd.
343 2105 485 2143 habeut
516 2102 718 2155 ὁόποὲων,
750 2121 770 2143 e

105 2164 361 2213 superioribus
400 2165 502 2200 male
543 2166 771 2201 translatum

104 2218 274 2257 credam.

155 2271 414 2327 ἀπαράσσει]
458 2278 483 2314 i.
515 2291 549 2317 e.
575 2278 769 2328 praecidit,

106 2337 282 2383 amputat.
352 2335 455 2371 Facit
494 2333 570 2371 huc
611 2335 771 2372 Homeri

109 2390 214 2427 locus
244 2391 287 2427 ΙΙ.
316 2392 423 2435 xvl,
458 2394 535 2431 116
567 2398 603 2427 et
631 2393 768 2443 Synes.

107 2445 263 2483 Provid.
284 2461 321 2498 p.
337 2449 414 2487 118
429 2449 477 2484 Β.
499 2461 520 2484 a
534 2449 770 2500 Wesseling.

109 2502 158 2540 ad
172 2504 235 2552 IV,
258 2506 311 2544 62
333 2505 479 2540 allatus.
539 2506 666 2557 Atque
687 2508 771 2543 Ho—

110 2572 236 2597 merus
284 2561 482 2612 aliquoties
532 2560 605 2598 hoc
654 2564 771 2599 verbo

111 2617 248 2664 utitur,
281 2630 357 2669 quo
387 2624 532 2655 veteres
565 2620 773 2656 Glamma-

112 2672 175 2708 tici
197 2671 333 2710 docent
354 2674 514 2710 indicali
525 2671 603 2726 τήν
627 2675 772 2730 ῤἀδίαν

112 2725 180 2765 καὶ
216 2725 370 2769 ἄπονον
412 2727 638 2782 α’ποκοπήν.
690 2734 773 2770 Erit

113 2785 228 2834 igitur
257 2787 460 2824 abscmdere
489 2789 677 2837 vzzolenter
709 2791 772 2826 ab·

116 2853 278 2891 rumpere.
336 2842 423 2882 vid.
453 2846 497 2882 Il.
536 2847 640 2894 XIII,
677 2846 771 2887 577.

824 1594 927 1641 XIV,
949 1592 1045 1634 497.
1066 1593 1169 1639 XVI,
1193 1591 1380 1635 116.324
1402 1594 1489 1630 coll.

821 1653 857 1687 II
889 1651 1061 1688 Samuel.
1093 1650 1196 1698 XVI,
1230 1653 1268 1691 9.
1327 1650 1390 1687 Ad
1412 1645 1488 1690 αύ-

821 1709 895 1748 τοῦ
914 1702 1040 1762 ταύτῃ
1063 1708 1164 1746 cons.
1186 1708 1250 1755 IV,
1276 1708 1368 1749 135.

1029 1810 1122 1861 cap.
1145 1810 1282 1847 cxm.

879 1874 1076 1930 τύραννος
1096 1875 1172 1917 ἒών
1185 1877 1386 1929 Κουρίου]
1411 1878 1491 1928 Op-

824 1935 961 1987 pidum
991 1934 1065 1972 hoc
1096 1937 1136 1971 iu
1168 1936 1286 1972 latere
1305 1934 1492 1972 meridio-

825 1994 902 2029 nali
923 1999 1065 2029 tractus
1087 1993 1278 2028 orientalis
1296 1993 1412 2042 Cypri
1439 1993 1491 2029 si-

826 2057 911 2086 tum
933 2057 1012 2086 erat
1033 2050 1079 2085 ab
1097 2051 1241 2086 oriente
1262 2056 1492 2100 promonto-

829 2109 875 2143 rii
895 2106 1061 2144 Phrurii.
1085 2108 1121 2143 A
1142 2107 1268 2143 Plinio
1298 2108 1347 2143 Η.
1368 2108 1414 2142 Ν.
1445 2106 1492 2153 V,

828 2167 878 2205 31
914 2164 1007 2213 (35)
1054 2164 1091 2208 ξ.
1117 2166 1195 2204 130
1225 2171 1385 2200 vocatur
1417 2161 1494 2200 Cu-

827 2224 917 2266 rias,
951 2219 1149 2271 Stephano
1171 2222 1267 2272 Byz.
1290 2235 1319 2258 s.
1340 2235 1377 2257 v.
1399 2233 1492 2271 pag.

826 2277 907 2318 474
925 2273 1107 2328 Κούριον
1125 2274 1239 2325 πόλις
1257 2275 1427 2328 Κύπρου
1449 2291 1493 2315 ac

828 2334 916 2372 dein
939 2349 987 2371 ex
1003 2334 1199 2372 Herodoto
1221 2337 1310 2372 citat
1330 2332 1373 2374 τὸ
1386 2335 1493 2374 ἐθνι-

810 2388 901 2433 adv
941 2389 1142 2443 Κουριεύς
1174 2399 1211 2429 et
1246 2390 1291 2432 τό
1311 2389 1493 2442 θηλυκὸν

831 2445 1025 2499 Κουριοὲς.
1077 2451 1190 2486 Nunc
1210 2451 1339 2486 vocari
1361 2448 1494 2486 dicunt

831 2505 1001 2556 Piscopia
1022 2513 1058 2542 et
1084 2508 1393 2557 promontorium
1424 2505 1494 2542 ad-

829 2564 957 2600 iacens
1011 2563 1150 2600 Gavatz·
1187 2577 1217 2600 s.

832 2620 959 2657 Gatte.
1007 2620 1064 2658 Cf.
1096 2619 1278 2658 Larcher.
1308 2623 1348 2656 in
1392 2620 1493 2657 Tab.

831 2678 973 2727 Geogr.
997 2684 1033 2714 et
1052 2679 1244 2714 Mannert.
1275 2679 1339 2725 vl,
1365 2680 1383 2716 1
1408 2690 1496 2728 pag.

830 2733 913 2774 582
933 2747 1012 2785 seq.

886 2785 1172 2842 πολεμιστήρια
1187 2786 1360 2841 ἅρματα]
1385 2789 1496 2835 „EX-

828 2847 971 2896 plicaut
984 2848 1102 2884 critici
1118 2846 1165 2883 aid
1186 2843 1379 2895 Aristoph.
1396 2845 1430 2880 N
1435 2843 1496 2880 ub.

1485 327 1533 352 ειίιι
1516 335 1573 353 ιιιιῐι
1581 327 1659 385 ivinc
1664 333 1725 363 unt,

1488 360 1586 394 (¹3pri
1619 367 1692 387 at·
1698 371 1759 421 ιιι-ο»

1484 370 1599 419 stril‘:

1526 433 1685 460 itip
1679 404 1744 454 oiii-

1488 469 1536 494 ga
1531 464 1607 486 ιιιιιι-
1646 461 1737 488 cadit

1489 499 1520 521 et
1542 493 1697 528 Ambitus,

1486 934 1568 976 434

965 1080 1245 1134 Μαχομένων
1284 1079 1330 1122 δὲ
1359 1078 1433 1121 καὶ
1445 1077 1688 1119 40⁰t0nesi1us,

1271 2563 1368 2613 Capo
1406 2563 1495 2600 delle
1518 2551 1525 2555 Ρ

1882 1458 1897 1510 ,ι

1884 1516 1897 1561 ι

1881 1573 1897 1664 ’ἱ

1878 1809 1879 1813 Α
1876 1762 1885 1778 x

1889 1697 1897 1808 ᾼὲὶτᾼᾼ
