1897 3340
440 255 524 296 614

839 254 1298 293 HERODOTI

438 376 575 418 κρην,
603 363 892 418 παραμείβετο
917 364 1167 420 Ἑλληνίδας
1195 361 1325 406 τάσδε
1353 361 1507 415 πόλις,
1535 362 1582 407 ἐκ
1610 366 1698 407 τῶν

438 430 538 480 νέας
573 444 618 472 τε
654 429 728 471 καὶ
758 430 962 487 στρατιὴν
990 427 1320 486 παρελάμβανε,
1355 429 1577 486 Τορώνην,
1608 432 1697 473 Γα-

439 496 601 553 ληψόν,
632 495 891 554 Σερμύλην,
920 498 1248 554 Μηκύβερναν,
1267 498 1504 541 Ὄλυνθον.
1559 495 1587 553 ἡ
1619 497 1699 553 μέν

383 715 533 753 nesiaco
549 714 751 767 aliquoties
764 713 805 749 fit
816 714 961 749 mentio
983 720 1042 749 at-

384 785 459 824 que
481 772 596 807 etiam
625 777 755 822 postea
784 768 1042 806 Macedonum

381 830 423 865 in
443 828 569 865 rebus.
618 826 707 865 Vid.
742 824 963 878 Thucydid.
977 824 1042 873 IV,
1064 861 1067 865 ⁴

385 886 470 923 110.
495 897 602 936 seqq.
630 885 675 931 V,
697 885 724 923 2
752 895 830 935 seq.
852 890 888 920 et
909 883 1044 932 Poppo

382 938 565 992 Thucyd.
595 940 624 989 1,
655 943 681 980 2
711 951 798 989 pag.
823 939 916 986 369,
946 940 1041 978 370.

382 994 613 1033 Tzschucke
635 994 783 1034 adMel.
805 995 831 1031 l.
851 995 877 1032 1.
899 1008 938 1045 p.
962 996 1038 1034 161

382 1058 478 1091 nott.
501 1064 638 1102 exegg.
677 1053 765 1088 Nou
784 1051 899 1102 longe
920 1063 942 1087 a
957 1051 1044 1087 To·-

383 1121 476 1145 rone
496 1110 651 1159 ponitur
670 1106 863 1158 Lecythus
879 1120 959 1155 arx,
983 1113 1043 1143 te-

382 1171 438 1201 ste
459 1163 691 1216 Thucydide
711 1165 774 1210 IV,
800 1166 898 1211 1133
927 1175 1044 1215 quam

381 1219 598 1258 Herodotus
617 1223 796 1271 ignorans
822 1227 934 1257 vocat
963 1220 1043 1258 Ga·-

334 1322 337 1325 ‚
384 1278 526 1327 lepsum,
548 1279 655 1315 cuius
673 1278 780 1314 nulla
805 1276 908 1328 apud
927 1275 1044 1314 Thu-

383 1333 573 1386 cydidem*
591 1335 760 1382 mentior,
802 1347 899 1386 quae
940 1334 1044 1370 enim

383 1390 487 1441 apud
526 1404 616 1427 eum
653 1392 718 1439 IV,
761 1393 840 1430 107
882 1390 1044 1427 occurrit

383 1446 574 1497 Gapselus‚
594 1447 713 1498 probe
734 1445 896 1484 discerni
917 1445 1042 1483 debet.

384 1503 494 1542 Conf.
516 1505 651 1554 Poppo
662 1504 687 1541 Ι.
703 1504 777 1554 1.Ρ.
802 1505 897 1544 368.
925 1501 1043 1554 Apud

382 1568 506 1596 unum
535 1561 739 1611 Scylacem
779 1560 816 1605 ξ.
849 1561 901 1599 68
944 1561 1044 1596 iuter

383 1614 574 1653 Thraciae
590 1617 702 1653 urbes
720 1622 1043 1653 commemoratur

386 1673 425 1710 Γ
419 1669 597 1722 αληψός;
648 1685 765 1724 quam
803 1673 926 1722 ipsam
963 1684 1042 1708 non

383 1728 498 1778 longe
513 1735 702 1765 remotam
720 1729 833 1765 fuisse
852 1729 1041 1764 aToroue

383 1786 464 1821 veri
485 1791 538 1821 est
557 1785 694 1822 simile.
725 1783 901 1834 Sermyla,
924 1797 1042 1835 quam

385 1839 434 1876 ad
463 1841 761 1891 septentrionem
794 1841 969 1877 Tot-oues
990 1842 1040 1877 si-

384 1903 465 1933 tam
485 1897 598 1934 fuisse
607 1898 796 1944 coniicias,
818 1896 920 1947 apud
929 1895 1045 1934 Thu-

383 1951 564 2004 cydidem
584 1955 613 2001 Ι,
645 1953 698 1994 65
720 1954 805 1991 0011.
826 1954 871 1999 V,
897 1955 946 1994 18
972 1965 1044 1990 vo·-

385 2015 492 2046 catur
520 2009 754 2061 Σερμυλίων
792 2004 929 2056 πόλις,
976 2010 1044 2047 ubi

385 2064 585 2102 Scholium
596 2064 710 2103 habet
722 2064 930 2117 Σερμυλὶς,
953 2065 1044 2102 Ste-

383 2120 501 2171 phan.
530 2123 691 2173 Byzant.
722 2135 751 2160 s.
783 2136 820 2159 v.
840 2134 927 2172 pag.
961 2121 1042 2162 665

385 2178 614 2226 Σερμυλίατ
659 2176 764 2230 quod
795 2177 900 2214 idem
921 2183 1043 2213 exstat

385 2231 486 2282 apud
506 2233 656 2283 Scylac.
678 2235 716 2279 §.
737 2236 791 2274 67
805 2235 909 2283 p.26
922 2231 1040 2268 Huds.

384 2301 422 2338 p.
444 2289 526 2327 278
544 2289 641 2325 Gaii.
669 2288 753 2334 (ubi
780 2287 931 2324 additur
953 2283 1041 2326 κόλ-

384 2357 459 2388 πος
479 2340 749 2394 Σερμυλικός)
782 2350 818 2380 et
838 2345 878 2379 iu
906 2344 1041 2379 inscri-

384 2399 515 2449 ptione
544 2400 698 2451 antiqua
728 2398 829 2450 apud
867 2398 1040 2436 Boeokh.

384 2456 401 2491 Ι
422 2467 508 2505 pag.
539 2453 630 2495 304.
688 2456 753 2492 Tu
781 2454 858 2492 vid.
892 2454 1038 2494 Duker.

386 2509 434 2547 ad
461 2509 679 2561 Thucydid.
703 2512 733 2557 Ι,
764 2511 817 2552 65
848 2518 883 2547 et
903 2513 1040 2548 Wasse

385 2565 434 2603 ad
455 2565 634 2617 Thucyd.
657 2567 700 2614 V,
720 2570 784 2608 18.
843 2567 951 2604 Unde
980 2583 1042 2604 sa-

386 2624 431 2659 tis
451 2629 566 2672 patet,
589 2622 679 2674 quid
697 2622 744 2659 de
759 2624 837 2659 eius
859 2624 1041 2660 emenda-

385 2679 488 2715 tione
509 2680 553 2716 sit
564 2678 819 2727 statuendum,
832 2682 896 2730 qui
908 2682 945 2715 in
962 2682 1042 2716 He-

386 2733 521 2771 rodoto
559 2748 627 2786 pro
655 2730 866 2786 Σερμύλην
909 2739 1042 2786 reponi

385 2792 555 2827 voluerat
581 2788 773 2843 Οἰσιῖμην.
831 2791 1042 2842 Illecyberna

388 2845 670 2900 (Μηκυβέρνα,
701 2845 803 2900 quod
825 2847 926 2898 apud
947 2850 1040 2886 Dio-

1100 712 1181 749 dor.
1201 714 1287 762 XII,
1309 717 1362 755 77
1384 713 1450 750 fin.
1462 713 1564 761 XVI,
1581 711 1634 754 54
1651 726 1754 750 nunc

1098 768 1339 820 restitutum)
1386 771 1521 821 viginti
1549 768 1676 807 stadiis
1707 770 1754 806 ab

1101 824 1268 876 Olyntho
1288 826 1360 863 fuit
1379 833 1526 864 remota
1538 856 1548 875 ‚
1569 828 1676 863 cuius
1695 824 1755 863 di-

1100 881 1195 918 tioni
1241 894 1335 922 mox
1374 882 1500 920 addita
1540 896 1583 920 ac
1614 882 1703 919 dein
1733 895 1755 918 a

1100 936 1277 988 Philippo
1320 947 1535 990 expugnata
1573 940 1757 976 interiisse

1097 992 1267 1042 videtur,
1296 995 1327 1030 si
1357 995 1512 1046 quidem
1541 996 1645 1032 nulla
1676 1008 1757 1032 am-

1098 1051 1195 1101 plius
1217 1051 1295 1087 eius
1315 1051 1357 1087 fit
1382 1054 1541 1089 mentio.
1599 1051 1757 1102 Olynthi

1098 1107 1225 1144 navale
1237 1113 1375 1143 vocant
1387 1108 1538 1155 Strabo,
1550 1108 1625 1148 alii.
1647 1108 1757 1145 Unde

1098 1164 1212 1199 maris
1243 1164 1366 1210 sinus,
1398 1167 1464 1216 qui
1494 1165 1611 1214 vulgo
1643 1163 1759 1201 Toro-

1098 1233 1206 1257 naeus
1247 1227 1424 1269 vocatur,
1483 1220 1759 1271 ,Mecybernaem

1100 1289 1254 1328 quoque
1274 1284 1530 1328 nuncupatur.
1589 1278 1656 1314 Tu
1682 1275 1759 1315 vid.

1098 1331 1280 1383 Thucyd.
1302 1333 1347 1381 V,
1380 1336 1445 1374 18.
1467 1336 1532 1375 39.
1555 1334 1704 1386 Scylac.
1731 1333 1758 1370 1.

1099 1390 1125 1426 1.
1147 1391 1248 1426 Mela
1274 1390 1300 1426 l.
1320 1390 1342 1427 l.
1378 1391 1508 1443 ibique
1529 1388 1759 1428 Tzschucke

1099 1453 1195 1483 nott.
1218 1458 1354 1496 exegg.
1368 1460 1405 1497 p.
1424 1447 1516 1488 159.
1532 1451 1626 1489 162-
1645 1448 1759 1483 Man·

1099 1509 1196 1539 nert.
1218 1501 1287 1539 VII
1315 1516 1354 1553 p.
1385 1502 1480 1543 456.
1500 1502 1595 1545 459.
1637 1503 1758 1540 Klau-

1097 1572 1177 1597 sen.
1201 1557 1249 1595 ad
1264 1560 1444 1596 Hecataei
1470 1559 1649 1610 fragmm.
1669 1572 1759 1611 pag.

1098 1617 1167 1655 77.
1205 1615 1384 1665 Olynthus
1404 1616 1491 1652 urbs
1513 1619 1688 1654 omnium
1709 1614 1758 1653 ad

1097 1670 1346 1710 Macedoniae
1367 1685 1409 1708 ac
1441 1670 1631 1710 Thraciae
1651 1685 1759 1710 oram

1098 1726 1339 1764 conditarum
1366 1729 1536 1765 maxime
1573 1730 1757 1776 eminens,

1097 1783 1146 1820 ad
1161 1785 1288 1820 sinum
1307 1785 1555 1822 Toronaeiun
1577 1793 1683 1822 extra
1694 1786 1759 1823 Si—

1098 1840 1253 1877 thoniae
1273 1841 1494 1892 peninsulae
1507 1840 1758 1879 isthmumia-

1100 1898 1178 1933 cuit
1198 1898 1395 1947 sexaginta
1407 1897 1528 1935 ferme
1542 1898 1670 1936 stadiis
1679 1900 1759 1936 sive

1099 1954 1218 1990 tribus
1239 1951 1353 2000 horis,
1373 1961 1416 1990 ut
1434 1966 1503 1992 nos
1524 1953 1683 1992 dicimus
1696 1984 1706 2002 ‚
1736 1967 1758 1990 a

1100 2008 1284 2046 Potidaea
1314 2017 1472 2047 remota.
1531 2012 1636 2056 Quae
1666 2023 1756 2047 cum

1099 2067 1138 2101 in
1159 2066 1258 2103 bello
1271 2067 1595 2116 Peloponnesiaco
1606 2067 1733 2118 aliquo
1746 2087 1753 2095 ·

1100 2123 1166 2158 ties
1179 2129 1511 2169 commemoretur,
1529 2130 1657 2172 postea
1672 2135 1758 2159 ma-

1097 2189 1266 2226 gnopere
1287 2176 1396 2213 auctir
1418 2176 1494 2224 diu,
1522 2185 1563 2215 ut
1582 2180 1669 2215 satis
1689 2192 1757 2216 co-

1097 2233 1247 2281 gnitum
1268 2240 1342 2279 est,
1374 2235 1505 2270 restitit
1536 2242 1571 2271 et
1591 2237 1757 2272 Laconi-

1098 2288 1167 2324 bus
1196 2295 1233 2324 et
1260 2288 1551 2338 Macedonibus,
1584 2289 1705 2328 donec
1734 2305 1756 2328 a

1098 2342 1275 2395 Philippo
1314 2352 1424 2396 capta
1455 2358 1498 2383 ac
1536 2346 1660 2384 diruta
1689 2355 1758 2396 est,

1096 2401 1227 2438 incolis
1267 2402 1326 2438 vel
1355 2400 1523 2440 abductis
1556 2405 1617 2440 vel
1661 2417 1758 2441 ven-

1099 2455 1195 2495 ditis.
1227 2458 1283 2493 Ac
1299 2459 1366 2494 vix
1385 2459 1462 2495 ulla
1482 2461 1644 2510 amplius
1663 2460 1755 2497 iude

1099 2513 1198 2550 urbis
1218 2515 1375 2551 mentio.
1433 2515 1498 2552 Tu
1538 2515 1615 2553 vid.
1647 2517 1755 2553 Man-

1098 2576 1194 2606 nert.
1215 2570 1283 2606 VH
1303 2584 1341 2620 p.
1363 2569 1442 2611 456
1451 2584 1558 2623 seqq.
1578 2571 1756 2610 Tzschu-

1099 2624 1171 2661 cke.
1192 2625 1239 2662 ad
1259 2627 1349 2663 Mel.
1370 2627 1417 2673 11,
1439 2630 1465 2668 2
1494 2629 1531 2673 §.
1553 2630 1578 2669 9
1606 2642 1644 2679 p.
1675 2629 1752 2669 141

1099 2689 1193 2719 nott.
1207 2695 1342 2733 exegg.
1357 2689 1392 2719 et
1404 2684 1643 2733 potissimum
1653 2685 1686 2721 V
1687 2697 1756 2721 oe-

1098 2739 1187 2775 mel.
1219 2738 1267 2775 ad
1296 2738 1542 2778 Demostheu.
1577 2741 1638 2778 Or.
1660 2739 1756 2778 Phi-

1097 2795 1188 2845 lipp.
1212 2809 1250 2845 p.
1274 2798 1324 2836 12
1343 2808 1450 2847 seqq.
1470 2797 1523 2836 23
1544 2809 1650 2850 seqq.
1676 2800 1751 2839 101
