1897 3340
139 426 203 471 18

508 179 1161 217 TERPSIGIIORE.
1223 179 1265 213 V.

1467 180 1521 218 27

263 292 364 344 ρίου
403 287 661 343 Ἀλεξάνδρῳ
708 285 867 342 ἡμέρης
906 286 1089 342 ἑκάστης
1118 286 1295 341 ἐφοίτα·
1339 285 1442 339 μετοὶ
1477 286 1522 328 δὲ

263 358 311 402 τὸ
345 357 566 412 μέταλλον,
595 354 815 409 Δύσωρον
843 354 1108 408 καλεόμενον
1140 349 1275 407 οὖρος
1306 351 1523 408 ὑπερβάν-

262 444 313 469 τα
341 423 450 468 εἶναι
483 424 530 468 έν
561 425 827 479 Μακεδονίῃ-

891 424 945 465 Oi
964 417 1025 465 ὦν
1046 422 1213 475 Πέρσαι
1242 423 1284 464 οἱ
1303 421 1521 476 πεμφθέν-

1582 419 1724 450 Amy-tas
1744 420 1835 448 Dario

1581 460 1614 477 se
1634 452 1715 479 dedit
1739 453 1820 487 lega*

262 510 328 542 τες
359 488 482 535 οὗτοι
511 490 630 544 παροὶ
661 491 739 534 τὸν
765 489 978 546 Ἀμύντην
1010 489 1068 541 ὥς
1097 489 1327 539 ἀπίκοντο,
1361 488 1840 535 αἴτεον,15ῑ””“ῐὶ““Μ’·ἱίῐίο

261 561 459 609 ἐλθόντες
490 559 531 610 ές
562 558 666 607 ὄψιν
690 559 768 615 τὴν
786 558 1010 615 Ἀμύντεω,
1043 559 1218 615 Δαρείῳ
1247 557 1415 613 βασιλέϊ
1439 560 1521 611 γῆν

245 635 310 669 Pte
340 627 413 669 καὶ
441 626 577 680 ὕδωρ.
616 626 640 671 ὁ
671 627 723 670 δὲ.
746 625 882 670 ταῦτά
913 643 955 670 τε
986 626 1155 672 ἐδίδου,
1186 627 1260 668 καί
1290 638 1425 680 σφεας
1456 625 1522 667 ἐπὶ

260 697 393 747 ξείνια
424 696 584 739 καλέει·
635 693 1078 750 παρασκευασάμενος
1117 695 1162 737 δὲ
1192 696 1369 737 δεῖπνον
1398 709 1521 748 μεγα-

232 765 495 818 3λοπρεπὲς,
526 764 691 807 ἐδέκετο
721 763 826 814 τούς
849 765 1022 817 Πέρσας
1045 762 1344 819 φιλοφρόνως.
1384 761 1442 811 ὠς
1476 760 1521 803 δὲ

263 830 349 875 ἀπὸ
383 834 561 876 δείπνου
596 831 818 887 ἐγένοντο,
869 834 1141 883 διαπίνοντες
1178 829 1303 873 εἶπαν
1344 831 1387 872 οἱ
1415 828 1523 880 Πέρ-

1579 519 1746 545 latur-‚imo
1776 521 1850 546 excit

261 911 330 942 σαι
362 899 485 944 τάδε·
532 902 686 954 ,,Ξεῖνε
718 900 959 944 Μακεδών.
996 900 1102 956 ἡμῖν
1131 898 1269 954 νόμος
1299 898 1386 940 ἐστὶ
1414 900 1581 939 wimer]

261 966 512 1023 ,,Πέρσῃσι,
554 968 684 1012 ἐπεάν
714 969 892 1012 δεῖπνον
920 967 1235 1023 προτιθώμεθα
1265 966 1391 1022 μέγα,
1431 963 1524 1007 τότε

209 1142 370 1192 Argenti
391 1149 461 1179 etc.
491 1143 633 1178 Metall.
659 1155 747 1193 pag.
769 1144 863 1183 76.“

214 1197 442 1236 IVesselin
455 1211 491 1248 g.
512 1200 577 1235 Tu
598 1198 685 1236 add.
707 1199 864 1236 Diodor.

208 1257 310 1303 XVI,
333 1258 371 1296 8.
409 1257 596 1292 Maunert.
627 1258 692 1292 Vll
715 1270 738 1306 p
772 1259 866 1296 232.

211 1311 304 1352 495.
372 1313 541 1349 Verbum
577 1315 723 1361 φοιτᾶν
761 1313 868 1362 attigi

209 1368 257 1404 ad
284 1370 358 1416 III,
388 1371 454 1409 90.
531 1371 608 1405 Nec
645 1370 751 1405 aliter
788 1370 867 1405 fere

208 1425 496 1477 προσέρχεσθαι
538 1427 619 1473 ΥΠ,
660 1424 738 1466 144
777 1426 863 1462 coll.

209 1481 415 1533 προσιέναι
439 1483 503 1528 ΙΙΙ,
526 1484 591 1522 91.
613 1484 680 1522 96·
701 1483 763 1529 VI,
794 1481 862 1522 46·

263 1546 460 1598 Δύσωρον
473 1570 523 1576 -
537 1546 640 1588 εἶναι
660 1548 701 1588 ἐν
719 1551 862 1588 Μακε-

208 1605 340 1659 δονίῃ]
373 1607 472 1643 Ante
490 1606 722 1643 infinitivum
735 1613 864 1643 mente

208 1662 407 1699 subaudias
428 1664 515 1700 licet
528 1659 638 1702 ὥστε.
667 1665 761 1700 Loci
775 1677 864 1700 seu-

207 1721 324 1756 tentia
356 1720 516 1756 minime
555 1718 690 1757 dubia:
749 1722 865 1767 „Post

208 1777 405 1812 metallum
463 1778 632 1828 sequitur
696 1778 865 1828 Dysorus

209 1847 332 1877 mons,
358 1835 423 1885 qui
446 1833 593 1882 dicitur,
611 1847 687 1886 quo
703 1838 866 1884 superato

209 1892 246 1927 in
267 1889 484 1928 Macedonia
505 1893 596 1936 eri-55
636 1892 762 1941 ipsum
783 1891 865 1942 Dy-

209 1960 323 1984 sorum
358 1955 531 1984 montem
567 1961 588 1984 a
624 1949 746 1984 Bolbe
788 1950 866 1985 sive

209 2003 386 2041 Prasiade
407 2006 491 2041 lacu
520 2004 758 2042 occidentem
778 2019 868 2042 ver-

210 2074 271 2098 sus
289 2061 611 2111 proficiscentibus
622 2063 779 2099 obvium
789 2075 866 2099 esse

211 2120 337 2154 statuit
366 2120 550 2156 Gatterer.
579 2120 603 2155 l.
625 2120 649 2156 l.
680 2132 768 2170 pag.
800 2122 866 2159 29.

213 2173 421 2212 Laroherus
442 2178 632 2227 Dysorum
664 2189 732 2227 pro
762 2183 868 2226 parte

212 2233 350 2268 montis
370 2234 539 2283 Pangaei
565 2232 680 2269 habet
710 2240 774 2269 aut
795 2234 868 2270 alio

214 2301 289 2339 quo
311 2290 406 2325 colle
436 2298 626 2340 separato,
656 2289 870 2327 cuiusmodi

215 2346 339 2395 plures
373 2348 413 2382 in
441 2348 512 2383 illis
542 2348 758 2398 regionibus
798 2361 869 2383 ex-

214 2408 324 2439 stent.
341 2403 398 2440 Cf.
419 2405 606 2441 Mannert.
627 2405 696 2441 VII
716 2418 753 2455 p.
773 2403 868 2445 495.

420 2493 512 2544 Cap.
527 2495 665 2531 XVIII.

274 2569 338 2610 ἐπὶ
359 2572 511 2620 ξείνια]
553 2574 652 2609 Male
683 2575 776 2611 olim
808 2572 872 2613 ἐπὶ

220 2627 365 2681 ξεινίςι,
407 2629 509 2680 quod
543 2629 675 2667 matth.
706 2632 871 2668 retinuit.

223 2682 271 2718 At
292 2692 390 2721 certe
411 2685 571 2722 debebat
601 2701 679 2724 esse
707 2687 771 2726 ἐπὶ
795 2689 867 2734 ξει-

224 2739 301 2790 νίῃ.
340 2741 417 2778 Sed
438 2742 513 2779 vid.
535 2745 582 2790 11,
607 2746 699 2784 107.
718 2745 782 2791 VI,
804 2743 870 2784 34.

225 2795 287 2840 lV,
321 2796 395 2837 154
420 2799 512 2851 ibiq.
539 2799 679 2838 laudat.
700 2801 870 2838 Voemel.

921 1154 1009 1193 pag.
1034 1144 1098 1181 12.
1156 1141 1206 1176 Et
1225 1138 1303 1177 vid.
1326 1152 1479 1192 quoque
1500 1140 1579 1174 He-

922 1198 1005 1235 rod.
1026 1199 1115 1247 VII,
1143 1201 1210 1239 27.
1233 1200 1298 1238 29.
1324 1198 1400 1238 135
1424 1197 1506 1241 (ubi
1528 1203 1580 1232 est

923 1256 942 1303 ξ
958 1270 973 1293 ε
988 1255 1032 1293 ίν
1046 1271 1058 1294 ι
1072 1271 1095 1293 α
1115 1253 1397 1305 προθέμενος).
1419 1256 1460 1289 111
1475 1266 1579 1304 seqq.

924 1312 972 1348 ad
992 1313 1225 1349 locutionem
1246 1306 1324 1349 cino*
1339 1311 1502 1349 δείπνου
1522 1324 1581 1361 γε·

923 1367 1067 1408 νέσθαι
1090 1368 1167 1405 vid.
1189 1368 1257 1413 VI,
1281 1369 1358 1407 129
1380 1367 1471 1418 ibiq.
1485 1373 1579 1402 nott.

921 1425 984 1462 Ad
1013 1426 1090 1462 loci
1121 1430 1390 1474 argumentum
1423 1425 1583 1459 wesse-

919 1483 1012 1531 ling.
1044 1482 1189 1518 confert
1225 1480 1344 1516 Cicer.
1365 1481 1404 1515 in
1426 1481 1532 1516 Verr.
1554 1482 1581 1526 I,

921 1541 988 1584 26,
1017 1539 1084 1574 ubi
1112 1539 1221 1588 plura
1248 1536 1472 1573 Herodoteis
1501 1550 1578 1571 non

921 1596 1119 1632 absimilia.
1151 1595 1216 1630 Tu
1244 1593 1322 1630 vid.
1344 1594 1477 1630 lustin.
1499 1594 1580 1641 Vll,

922 1655 960 1699 3,
983 1653 1047 1704 qui
1079 1664 1249 1698 omnem,
1280 1663 1377 1702 quae
1398 1652 1580 1702 sequitur,

920 1710 1180 1745 narrationem
1226 1709 1365 1744 retulit.
1405 1708 1426 1746 δ
1441 1723 1453 1746 ι
1468 1723 1491 1745 α
1504 1708 1580 1745 πί-

922 1781 945 1804 v
959 1780 974 1804 ε
989 1782 1034 1805 ιν
1053 1767 1091 1801 111
1113 1778 1218 1817 seqq.
1240 1765 1341 1801 valet
1351 1764 1492 1801 bibendo
1505 1777 1579 1801 cer-

923 1826 1022 1869 tare,
1061 1825 1188 1873 prouti
1222 1823 1338 1858 moris
1379 1821 1449 1858 fuit
1479 1820 1580 1871 apud

921 1881 1076 1926 Persas,
1098 1886 1191 1916 teste
1207 1880 1359 1914 Dinone
1381 1878 1482 1928 apud
1502 1879 1582 1913 Ae-

921 1938 1011 1973 liau.
1032 1937 1078 1973 V.
1109 1938 1158 1973 H.
1185 1937 1272 1983 XII,
1305 1938 1324 1974 1
1341 1965 1350 1982 ,
1372 1936 1458 1972 coll.
1480 1937 1586 1971 Bris-

923 2007 1005 2030 son.
1054 1992 1100 2030 de
1148 2006 1228 2043 reg.
1274 1993 1378 2029 Pers.
1424 1993 1584 2043 princip.

922 2052 970 2098 II,
995 2052 1088 2098 126,
1110 2063 1186 2102 quo
1207 2051 1285 2086 iam
1305 2051 1363 2086 usi
1384 2063 1514 2086 sumus
1535 2048 1583 2086 ad

923 2110 953 2154 I,
978 2110 1071 2147 133.
1102 2109 1158 2143 Ac
1186 2108 1295 2158 plura
1317 2106 1365 2143 ad
1393 2105 1432 2143 h.
1454 2107 1478 2143 l.
1503 2107 1583 2143 col-

925 2166 1019 2215 legit
1039 2163 1289 2201 Valckenaer.
1323 2163 1369 2200 de
1390 2165 1587 2214 praeposi-

927 2223 1031 2258 tione
1054 2218 1120 2260 διοέ
1148 2222 1277 2257 multis
1297 2221 1420 2257 verbis
1440 2222 1490 2257 ita
1512 2220 1581 2257 ad-

926 2278 1026 2326 dita,
1057 2286 1099 2315 ut
1129 2278 1288 2316 certandi
1317 2277 1454 2314 habeat
1488 2279 1582 2324 vim,

926 2335 973 2372 de
996 2335 1070 2387 qut
1080 2334 1157 2372 vid.
1174 2337 1385 2372 Hermann.
1397 2334 1444 2372 ad
1454 2336 1580 2385 Viget·¹

923 2406 1012 2444 pag.
1035 2393 1130 2433 856.

983 2458 1081 2510 ἡμῖν
1100 2456 1223 2511 νόμος
1248 2458 1327 2499 ἐστὶ
1346 2463 1448 2499 τοῖσι
1475 2458 1580 2510 Πέρ-

930 2529 1021 2571 σῃσι
1051 2532 1088 2555 κ.
1114 2532 1145 2556 τ.
1178 2517 1239 2565 λ.]
1292 2519 1348 2553 De
1385 2515 1459 2553 hoo
1488 2518 1583 2553 Per—

928 2587 1055 2611 sarum
1083 2587 1190 2610 more
1216 2574 1401 2610 nonnulla
1437 2568 1582 2610 exstant

929 2630 1031 2681 apud
1057 2632 1223 2668 Brisson.
1254 2632 1279 2668 l.
1306 2632 1331 2667 1.
1362 2633 1408 2677 II,
1442 2633 1581 2670 127—-

932 2690 1022 2727 129.
1063 2689 1136 2724 Vix
1156 2689 1218 2723 isse
1239 2686 1287 2723 ad
1307 2689 1468 2738 priscam
1487 2688 1581 2722 Per-

927 2757 1056 2780 sarum
1086 2751 1247 2780 aetatem
1276 2745 1495 2794 pertinuisse
1522 2743 1581 2777 vi—

928 2800 1059 2849 detur,
1088 2800 1154 2838 sed
1182 2802 1310 2838 seriori
1339 2800 1450 2837 aetati
1477 2796 1580 2835 haud

1580 552 1632 586 pit.
1669 552 1727 585 Qui
1753 561 1821 580 cum

1580 586 1682 620 adpoti
1703 586 1830 613 seminas

1581 624 1686 646 contra
1713 619 1850 646 Macedo

1581 661 1649 679 num
1670 662 1793 687 morem,
1809 654 1851 681 sae

1581 687 1630 713 rili
1648 690 1749 714 tamen
1770 689 1804 714 A*

1582 729 1622 754 111)
1634 725 1699 753 uta,
1719 721 1754 747 ad
1771 730 1835 748 coe*

1581 762 1648 781 nam
1663 754 1853 793 depoposcis-

1579 791 1658 821 sent,
1678 796 1709 814 111
1725 797 1837 824 casque

1581 831 1594 846 q

1582 842 1590 848 .
1599 830 1614 847 e
1635 823 1819 856 petulantius

1580 859 1736 890 gererent,
