1897 3340
408 221 465 261 92
802 216 1265 256 HERODOTI

384 326 486 371 3ἐπ’
513 325 744 382 Ἀθηνέων.
797 325 1023 381 Ἀθηναῖοι
1054 325 1100 369 δέ
1131 336 1266 380 σφεας
1296 323 1364 368 ἐπὶ
1388 324 1557 379 ῥητοῖσι
1585 323 1726 367 εἶδέ-90

415 397 545 447 ξαντο
575 395 723 450 σφέων
753 392 896 435 αὐτῶν
937 390 1048 435 εἶναι
1076 392 1306 448 πολιήτας,
1346 396 1521 435 πολλῶν
1561 393 1671 434 τέων

288 464 355 509 58
413 463 487 507 καὶ
518 461 600 506 οὐκ
631 460 932 516 ἀξιαπηγήτων
959 458 1231 511 ἐπιτάξαντες
1261 461 1476 515 ἔργεσθαι.
1541 460 1595 501 Οἱ
1622 459 1669 501 δὲ

81 529 359 593 ξζζξξιῑῑξὺᾞθώ
419 532 620 580 Φοίνικες
666 523 791 571 οὗτοι
829 527 872 568 οἷ
920 526 1004 570 σὺν
1049 526 1208 585 Κάδμῳ
1249 525 1530 583 ἀπικόμενοι,
1580 529 1669 568 τῶν

79 607 147 660 3¹}ss
163 597 355 659 ffljgfflfflf’
413 593 527 655 ἦσαν
568 598 611 639 οἱ
647 598 909 650 Γεφυραῖοι,
958 592 1067 636 ἄλλα
1113 610 1158 636 τε
1205 594 1366 646 πολλοὶ,
1415 593 1666 649 οἰκήσαντες
1680 600 1724 634 95

410 664 572 719 ταύτην
607 661 687 718 τὴν
723 661 891 718 χώρην,
929 660 1145 717 ἐσήγαγον
1184 661 1441 705 διδασκάλια
1482 662 1524 712 ἐς
1566 659 1670 712 τοὺς

399 731 628 786 ““Ἐλληνας,
665 729 740 772 καὶ
779 728 831 785 δὴ
870 729 944 772 καὶ
980 727 1231 784 γράμματα·
1283 728 1366 771 οὐκ
1400 727 1528 772 ἐόντα
1562 729 1668 782 πρὶν

81 674 192 726 ἱᾙῗᾶ·
203 665 335 727 εέξῖὓὲὶῐ.

400 799 597 854 ’Έλλησι,
639 796 698 847 ὥς
736 795 831 852 ἐμοὶ
866 795 1057 840 δοκέειν·
1098 798 1251 850 πρῶτα
1291 795 1392 850 μὲν,
1441 800 1554 839 τοῖσι
1592 796 1666 840 καὶ

81 732 152 761 dum
171 741 250 761 usus.

357 966 430 996 tur.
460 959 612 1011 Reliqui
630 959 716 996 libri
735 959 796 996 vel
815 953 874 998 ἐπ’
891 953 1007 1009 Ἀθη-

355 1016 485 1061 ναίων
500 1016 561 1053 vel
581 1011 639 1055 ἐπ’
657 1011 872 1065 Ἀθηνέων,
894 1013 1010 1066 idque

354 1078 468 1109 recte.
525 1073 625 1108 Nam
649 1070 818 1108 Athenas
850 1084 890 1108 se
917 1084 1011 1108 con—

354 1135 561 1176 verterunt,
582 1130 623 1165 in
644 1141 760 1180 quam
780 1128 930 1176 urbem,
950 1128 1011 1166 vel

355 1192 457 1222 certe
485 1186 527 1222 in
558 1187 664 1223 cuius
686 1184 882 1231 ditionem,
912 1185 1010 1220 reci-

354 1248 555 1292 perentur,
613 1242 831 1292 civiumque
868 1241 1011 1277 iuribus

354 1298 582 1335 fruerentur.
603 1319 658 1324 —
677 1298 930 1334 Locutionem
947 1295 1012 1336 ἐπὶ

355 1354 511 1405 ρἠοῖσι
538 1356 583 1402 (i.
613 1367 646 1391 e.
673 1356 778 1391 certis
804 1353 1012 1404 quibusdam

355 1412 419 1448 sub
439 1410 708 1460 conditionibus)
734 1411 926 1460 attigimus
946 1422 1012 1446 su-

351 1461 424 1518 ‘pra
442 1469 482 1503 in
502 1474 583 1504 not.
613 1465 662 1503 ad
680 1468 709 1514 Ι,
732 1466 786 1506 59
806 1478 893 1516 pag.
919 1465 1011 1506 146.

355 1522 457 1560 Add.
478 1524 606 1573 Viger.
626 1535 715 1573 pag.
747 1525 826 1562 617
859 1535 939 1573 seq.
975 1528 1012 1558 et

355 1580 422 1631 qui
451 1579 560 1630 plura
581 1578 702 1626 dabit,
732 1576 1011 1629 VVyttenbach.

355 1634 405 1672 ad
431 1634 625 1672 Plutarch.
652 1635 750 1672 Mor.
770 1635 787 1670 1
806 1647 893 1684 pag.
915 1636 1010 1674 366.

354 1693 454 1728 Nam
474 1693 582 1729 certis
600 1698 751 1729 tantum
777 1691 846 1728 sub
877 1688 1012 1727 condi-

354 1749 519 1786 tionibus
552 1749 592 1785 in
632 1749 822 1785 civitatem
852 1745 1011 1797 Gephy—

354 1818 461 1842 raeos
496 1811 721 1856 receperunt
748 1801 1010 1850 Athenienses,

355 1862 645 1899 communicatis
657 1858 813 1913 quidem
821 1860 1011 1911 plerisque

353 1919 517 1967 iuribus,
548 1925 585 1955 et
610 1918 739 1969 paucis
768 1923 918 1954 tantum
945 1917 1011 1952 ils-

355 1988 431 2027 que
459 1976 526 2013 vix
546 1980 761 2012 memoratu
781 1971 904 2024 dignis
940 1986 1011 2010 ex-

354 2032 483 2083 ceptis.

555 2087 648 2138 Cap.
677 2087 810 2124 LVIII.

411 2138 606 2195 ἐσήγαγον
648 2139 916 2189 διδασκοὶλια]
966 2141 1010 2178 Iu

356 2199 548 2237 Sancrosti
592 2200 687 2237 libro
733 2200 1011 2245 διδασκαλεῖα;

355 2257 465 2294 male.
523 2257 589 2294 Tu
617 2256 719 2293 conf.
747 2254 907 2293 suidam
935 2255 952 2290 I
971 2268 1011 2304 p.

356 2313 437 2354 573
459 2307 736 2352 διδασκάλων·
760 2307 854 2351 αὐτὸ
875 2307 918 2350 τό
935 2307 1011 2360 μα’-

356 2372 483 2420 θημα.
540 2368 623 2414 Ωηΐι
644 2367 778 2405 eadem
805 2367 1012 2417 disciplinae

356 2440 385 2463 s.
411 2427 645 2474 cognitionis,
668 2425 848 2462 doctrinae
863 2424 1008 2474 signifi-

356 2483 504 2519 catione
524 2481 629 2518 idem
647 2482 877 2519 vocabulum
892 2510 901 2528 ,
921 2494 1010 2516 mo-

356 2545 471 2575 nente
487 2537 708 2585 Abreschio,
735 2539 890 2575 obvium
909 2535 1010 2587 apud

355 2596 468 2632 Basil.
496 2596 637 2632 Homil.
665 2595 719 2630 111
756 2596 795 2630 in
825 2596 1011 2629 llexa'e'm.

356 2666 393 2702 p.
422 2654 474 2693 28
505 2652 547 2689 C.
570 2659 606 2688 et
627 2651 768 2688 Homil.
797 2651 829 2687 V
849 2663 936 2700 pag.
956 2650 1009 2690 43

357 2710 403 2744 E.
460 2710 557 2745 Hinc
598 2709 756 2744 minime
789 2720 883 2757 opus
923 2719 1011 2742 cum

356 2763 557 2816 Ludolpho
588 2765 787 2801 rescribere
823 2763 1012 2802 διδασκα-

356 2821 455 2869 λίας.

1125 954 1178 1004 ω’ς·
1209 954 1297 1007 ἐμοὶ
1328 954 1508 1005 δοκέειν]
1551 955 1726 1008 Reliqui-

1066 1026 1151 1050 mus
1182 1011 1352 1061 δοκέειν,
1383 1014 1489 1049 cuius
1517 1013 1602 1050 loco
1623 1013 1726 1050 San-

1068 1070 1177 1107 crosti
1203 1071 1298 1106 liber
1327 1068 1437 1106 offert
1478 1068 1619 1108 δοκέει.
1675 1070 1728 1106 At

1067 1125 1144 1164 vid.
1154 1127 1199 1173 V,
1218 1126 1269 1166 65
1286 1126 1339 1161 in.
1357 1128 1423 1166 69.
1442 1126 1525 1163 init.
1538 1125 1604 1173 95,
1625 1125 1727 1162 alibi.

1068 1183 1168 1220 Sunt
1197 1194 1287 1219 vero
1320 1180 1415 1218 haec
1445 1182 1559 1219 verba
1581 1180 1726 1218 adiecta

1068 1251 1090 1275 a
1109 1246 1214 1289 patre
1233 1237 1421 1285 historiae,
1443 1251 1563 1290 quum
1583 1239 1644 1275 vel
1655 1249 1726 1274 an—

1067 1296 1224 1346 tiquitus
1244 1307 1322 1330 non
1344 1293 1535 1341 deessent,
1563 1296 1629 1346 qui
1649 1295 1726 1330 Pe—

1067 1352 1180 1401 lasgis
1208 1351 1365 1402 aliisque
1396 1351 1579 1387 Graeciae
1598 1351 1725 1400 genti—

1068 1409 1138 1445 bus
1178 1407 1374 1443 literarum
1419 1405 1627 1457 primordia
1664 1407 1726 1445 vel

1069 1471 1157 1501 ante
1188 1462 1323 1500 Cadmi
1352 1465 1393 1499 in
1426 1464 1626 1500 Graeciam
1655 1462 1725 1500 ad·-

1068 1527 1227 1557 ventum
1247 1520 1399 1569 cognita
1418 1520 1531 1556 fuisse
1542 1519 1724 1557 dicerent.

1065 1575 1254 1613 Diodorus
1273 1577 1327 1611 ΠΙ
1329 1603 1345 1620 ,
1366 1577 1419 1615 66
1432 1604 1442 1624 ‚
1472 1589 1521 1612 ex
1542 1576 1725 1626 Dionysio

1068 1633 1193 1680 refert,
1216 1632 1360 1668 Linum
1379 1632 1504 1669 literas
1524 1645 1546 1668 a
1579 1631 1724 1668 Cadmo

1069 1702 1090 1725 e
1109 1687 1318 1725 Phoenicia
1337 1689 1466 1725 allatas
1487 1687 1536 1725 ad
1556 1689 1725 1725 Graeco-

1067 1758 1154 1782 rtun
1193 1744 1398 1782 dialectum
1441 1744 1726 1782 transformasse

1068 1800 1143 1854 (sig
1154 1798 1202 1852 my*
1207 1817 1228 1840 ν
1243 1797 1477 1852 Ἑλληνικὴν
1494 1804 1727 1852 μεταθεῖναι

1068 1856 1298 1909 διάλεκτον)
1343 1870 1532 1910 suumque
1570 1857 1726 1908 siugulis

1068 1916 1301 1953 constituisse
1311 1927 1454 1951 nomen
1467 1912 1726 1951 characteres-

1067 1985 1143 2024 que
1183 1972 1373 2008 affluxisse
1403 1970 1717 2020 (διατυπῶσαι);

1067 2027 1171 2065 unde
1192 2029 1316 2065 literas
1337 2028 1534 2065 communi
1568 2026 1725 2079 quidem

1069 2085 1334 2122 Plaeoem'ct‘arum
1343 2085 1594 2135 appellatione
1621 2096 1725 2120 com-

1067 2140 1271 2191 prehendi,
1304 2140 1408 2192 quod
1435 2140 1483 2177 ad
1510 2141 1674 2177 Graecos
1703 2153 1724 2176 e

1067 2196 1274 2234 Phoenicia
1303 2198 1442 2234 fuerint
1471 2198 1629 2244 allatae,
1658 2196 1724 2233 sed

1067 2261 1196 2305 postea
1226 2255 1406 2305 peculiari
1445 2252 1723 2302 Pelasgicarum,

1068 2324 1158 2347 cum
1178 2309 1280 2347 hisce
1299 2309 1579 2347 characteribus
1600 2316 1725 2346 trans-

1067 2368 1234 2404 formatis
1255 2368 1364 2418 primi
1385 2368 1458 2404 sint
1488 2367 1543 2403 usi
1563 2366 1725 2414 Pelasgi.

1064 2425 1107 2460 In
1140 2425 1274 2475 quibus
1313 2424 1427 2461 verba
1456 2421 1574 2459 modo
1612 2422 1723 2457 allata

1067 2479 1124 2526 εἰς
1144 2478 1216 2530 τήν
1235 2476 1470 2530 Ἑλληνικὴν
1491 2481 1722 2528 μεταθεῖναι

1068 2532 1283 2583 διάλεκτον,
1306 2538 1355 2573 ita
1375 2535 1533 2584 intelligi
1553 2534 1633 2571 vult
1647 2534 1722 2569 Pe—

1070 2594 1187 2629 rizon.
1209 2592 1256 2629 ad
1276 2593 1424 2629 Aelian.
1446 2592 1491 2628 V.
1509 2592 1556 2627 H.
1578 2591 1641 2635 111,
1656 2592 1722 2638 32,

1068 2656 1109 2685 ut
1129 2650 1245 2686 Linus
1265 2650 1387 2686 literas
1396 2646 1551 2685 Punicas
1564 2649 1601 2683 in
1611 2642 1724 2684 Grae:

1068 2719 1143 2742 aun
1173 2706 1333 2754 linguam
1368 2704 1547 2740 contulerit
1568 2701 1723 2754 aptando

1070 2765 1114 2798 iis
1127 2764 1289 2812 figuram
1309 2765 1338 2797 et
1364 2761 1650 2811 appellationem:
1670 2760 1722 2795 ita

1070 2826 1108 2855 ut
1131 2817 1286 2855 Diodori
1299 2819 1472 2862 narratio,
1495 2818 1523 2854 si
1541 2814 1632 2869 quid
1652 2814 1723 2852 ha·-
