1897 3340
405 240 490 280 688
802 237 1265 277 HERODOTI

406 351 634 400 ,,σκεσθαι,
671 347 702 404 ἢ
741 346 914 393 ἀπιέναι
943 347 1179 403 συμμάχων
1207 347 1388 390 τοιῶνδε
1423 345 1657 402 ἐρήμους.“

243 418 340 463 161
400 416 546 460 Γέλων
577 415 654 470 μὲν
683 414 736 471 δὴ
768 420 904 460 ταῦτα
932 418 1211 470 προετείνετο.
1247 413 1431 464 Φθάσας
1469 414 1514 457 δὲ
1551 411 1575 457 ὁ
1600 411 1660 456 ’A-
1669 421 1715 455 60

76 481 130 542 {1¹¹ss
125 481 351 555 5q2'g‘ssemnf'ss
407 483 602 539 θηναίων
632 481 809 537 ἅγγελος
839 483 918 526 τόν
947 484 1327 537 Λακεδαιμονίων,
1359 480 1555 536 ἀμείβετό
1584 497 1659 535 μιν

74 545 719 612 {gggfflefla'bguusst-2105668·„552
757 553 935 604 βασιλεῦ
963 552 1310 606 Συρηκουσίων,
1339 547 1422 592 οὐκ
1449 546 1661 603 ἡγεμόνος

402 618 616 673 ,,δεομένη
644 616 672 672 ἡ
697 616 853 668 Ελλάς
883 616 1129 674 ἀπέπεμψεν
1159 618 1292 674 ἡμέας
1322 616 1431 672 πρὸς
1461 616 1521 666 σὲ,
1551 613 1659 658 omo}

402 688 643 741 ,,στρατιῆς.
701 683 755 727 σύ
799 685 870 738 δὲ,
910 685 1024 737 ὅκως
1052 687 1130 740 μὲν
1160 685 1363 740 στρατιήν
1391 685 1571 739 πέμψεις
1601 681 1659 738 μὴ
1671 687 1715 724 65

401 750 663 809 ,,ἡγευ’μενος
701 755 776 808 τῆς
811 752 1035 804 Ἑλλάδος,
1078 751 1132 796 οὐ
1170 755 1446 808 προφαίνεις·
1508 751 1567 801 ὦς
1610 750 1675 793 δὲ

373 817 734 874 3,,στρατηγήσεις
764 817 910 876 αὐτῆς,
939 822 1120 876 γλίχεαι·
1152 819 1258 863 ὅσον
1286 821 1364 873 μέν
1393 834 1476 861 νυν
1496 816 1657 868 παντὸς

403 890 507 940 ,,τοῦ
531 885 750 942 Ἑλλήνων
779 892 966 941 στρατοῦ
995 888 1120 931 ἐδέου
1149 886 1374 942 ἡγέεσθαι,
1408 885 1572 941 ἐξήρκει
1600 883 1656 941 ἡ-

402 959 507 1010 ,,μῖν
535 957 647 996 τοῖσι
670 952 945 1010 Ἀθηναίοισι
973 954 1155 1010 ἡσυχίην
1174 953 1309 1008 ἄγειν,
1341 952 1658 1008 ἐπισταμένοισι

402 1020 491 1076 „059
530 1020 553 1064 ὁ
594 1020 753 1064 Λάκων
793 1021 943 1072 ἱκανός
971 1039 1038 1065 τοι
1068 1022 1211 1078 ἔμελλε
1241 1021 1415 1064 ἔσεσθαι
1452 1022 1524 1064 καὶ
1553 1021 1714 1076 ὖπὲρῗΟ

402 1087 690 1146 ,,ἅμφοτέρων
719 1089 1079 1147 ἀπολογεύμενος·
1111 1090 1262 1134 ἐπείτε
1293 1087 1339 1132 δὲ
1369 1086 1537 1144 ἁπάσης
1557 1087 1659 1132 ἄπε-

308 1263 311 1267 ’
346 1263 364 1299 1
387 1276 427 1313 p.
450 1264 501 1302 1O
519 1262 658 1313 Gaisf.)
680 1270 816 1300 notans
835 1262 1003 1300 Valcke-

345 1320 495 1356 naerius
528 1318 654 1355 addit:
704 1324 897 1357 contentum
927 1323 1001 1358 suis

345 1376 446 1413 rebus
464 1388 533 1412 esse
553 1376 668 1426 vulgo
690 1376 763 1413 dici
792 1372 1003 1428 ἀρκεῖσθαι

346 1436 434 1480 τοῖς
451 1434 647 1482 παροῦσι,
677 1440 719 1469 ut
748 1434 788 1469 in
815 1435 936 1484 Epist.
954 1432 1003 1470 ad

345 1490 462 1528 Hebr.
484 1490 589 1535 XIII,
611 1489 649 1535 5,
678 1490 745 1526 ubi
764 1490 1003 1540 pluraWet-

347 1552 444 1583 sten.
464 1573 474 1594 ‚
529 1540 711 1597 idemque
742 1559 821 1583 esse
845 1547 999 1583 Isocrati

346 1601 518 1669 στέργειν
539 1604 621 1647 τοῖς
639 1605 835 1654 παροῦσι,
864 1604 1001 1655 Lysiae

345 1653 507 1726 ἀγαπᾶν
536 1661 618 1703 τοῖς
643 1655 889 1709 ὑπάρχουσι,
921 1660 1001 1696 aliis

346 1709 433 1766 ἆρε
417 1713 672 1754 ἐσκεσθαι
735 1718 847 1761 τοῖς
907 1731 1003 1754 πα-

346 1785 436 1822 ρου
452 1782 498 1808 σι
536 1769 652 1821 idque
692 1772 805 1808 etiam
844 1769 916 1808 hac
961 1773 1002 1808 in

344 1824 531 1863 structura
587 1827 709 1863 multo
767 1828 1002 1879 frequentius

346 1896 425 1920 esse
447 1895 563 1935 quam
584 1877 812 1934 αρκεῐσθαι,
843 1897 919 1936 quo
940 1885 1003 1920 in-

346 1941 552 1976 clinaverat
561 1939 618 1976 W
620 1940 838 1990 esselingius
861 1941 908 1978 ob
921 1942 1002 1977 He-

345 1995 470 2033 rodot.
490 1997 558 2043 IX,
589 1998 642 2035 32
677 1996 856 2048 quodque
887 1998 1003 2034 etiam

347 2051 542 2090 Schaefer.
565 2058 601 2088 et
620 2051 821 2090 Bekkerus
841 2054 880 2089 in
915 2060 1004 2090 tex-

344 2115 429 2146 tum
445 2115 680 2159 receperunt.
720 2112 771 2146 At
797 2110 895 2146 bene
908 2123 1004 2147 con-

346 2165 435 2201 ferri
455 2166 559 2201 iubet
577 2163 847 2203 Valckeuaer.:
890 2165 1004 2202 Thu-

345 2221 432 2272 cyd-
452 2223 501 2267 II,
524 2223 588 2261 68.
610 2222 708 2269 VIII,
741 2221 806 2262 84.
843 2223 1003 2258 Luciau.

346 2278 421 2326 lp.
452 2276 547 2316 648.
580 2278 615 2311 II
645 2291 683 2327 p.
714 2280 808 2317 639.
838 2279 1002 2327 Longin.

346 2334 412 2378 33,
435 2332 472 2372 5.
504 2331 646 2368 Herod.
676 2333 739 2379 1V,
761 2335 825 2372 78.
847 2333 913 2379 111,
935 2332 1001 2372 34.

346 2389 414 2435 IX,
451 2389 518 2428 66.
576 2388 708 2438 Itaque
737 2388 873 2423 retinui
911 2383 1005 2438 οἷρὲ-

347 2447 516 2483 σκεσθαι
572 2455 662 2479 cum
702 2442 920 2494 Schweigh.
966 2450 1003 2480 et

347 2498 574 2538 Gffl'sfordIO.

402 2555 675 2603 προετείνετο]
708 2556 733 2592 i.
755 2569 788 2592 e.
810 2555 910 2593 Haec
926 2558 1003 2605 igi-

346 2617 406 2650 tur
426 2612 512 2649 Gelo
526 2625 613 2662 prae
629 2624 663 2648 se
686 2612 780 2658 tulit,
808 2615 1002 2663 proposuit.

345 2670 515 2707 Verbum
563 2669 843 2718 προτείνεσθαι
877 2683 1002 2718 propo-

345 2726 465 2772 nendi,
495 2723 667 2774 offerendi
711 2725 921 2774 significatu
956 2727 1001 2773 V,

346 2781 399 2822 24
431 2782 516 2820 coll.
550 2782 649 2828 VIII,
684 2779 762 2821 140
793 2782 829 2826 ξ.
867 2785 905 2827 2,
936 2783 1002 2818 ubi

347 2839 516 2876 activum
533 2835 769 2891 προτείνειν.
801 2835 1002 2890 Schweig-

1058 1263 1234 1301 haeuser.
1265 1263 1487 1315 προτείνειν
1517 1263 1558 1298 ἰιι
1587 1262 1716 1299 activo

1061 1335 1139 1358 esse
1172 1321 1254 1358 vult
1287 1320 1436 1370 offerre,
1473 1320 1590 1356 citans
1618 1320 1714 1355 Lex.

1059 1378 1194 1428 Polyb.
1235 1390 1322 1427 pag.
1366 1375 1460 1421 541,
1489 1377 1530 1412 in
1558 1373 1714 1412 medio:

1053 1448 1120 1485 pro
1147 1446 1251 1484 opera
1276 1434 1385 1470 alteri
1405 1433 1525 1470 oblata
1563 1433 1716 1469 vicissim

1059 1494 1155 1528 certa
1176 1492 1258 1527 iura
1281 1493 1345 1527 aut
1363 1489 1546 1527 mercedem
1570 1489 1639 1525 sibi
1649 1501 1716 1538 po-

1058 1547 1208 1592 stulare,
1237 1553 1280 1583 ut
1308 1547 1376 1593 IX,
1399 1547 1466 1587 34.
1495 1543 1598 1582 Add.
1615 1545 1717 1581 Bor-

1060 1616 1243 1642 nemauu.
1274 1601 1402 1640 Schol.
1442 1603 1484 1639 in
1521 1601 1710 1652 Evangel.

1058 1662 1151 1697 Luc.
1167 1673 1208 1711 p.
1234 1660 1327 1700 181.

1265 1749 1357 1800 Cap.
1380 1747 1513 1785 CLXI.

1119 1823 1290 1875 Φθασας
1308 1825 1368 1875 δὲ]
1392 1825 1479 1864 Vid.
1498 1824 1635 1864 Matth.
1646 1827 1714 1864 Gr.

1059 1885 1126 1922 Gr.
1149 1885 1182 1929 §-
1206 1885 1301 1931 553,
1322 1887 1442 1924 3not
1459 1904 1513 1910 —-
1541 1885 1587 1920 In
1606 1896 1715 1950 seqq.

1060 1938 1109 1980 συ
1141 1937 1218 1979 δὲ
1210 1937 1310 1986 ὅκως
1332 1937 1404 1991 μὲν
1433 1955 1470 1978 κ.
1493 1955 1526 1978 τ.
1546 1943 1579 1978 λ.
1609 1935 1715 1986 όκως

1059 1996 1163 2033 idem
1194 1997 1319 2034 valere
1346 1994 1495 2033 videtur
1524 2003 1637 2048 atque
1656 1991 1715 2034 ’ὅτι

1057 2054 1139 2101 Vll,
1161 2056 1255 2101 237,
1276 2053 1342 2089 ubi
1362 2052 1439 2090 vid.
1500 2051 1563 2088 Ad
1598 2051 1714 2088 verba

1062 2108 1114 2156 ὥς
1130 2108 1172 2148 δὲ
1193 2105 1471 2160 στρατηγήσεις
1488 2103 1624 2158 αὕτῆς,
1635 2107 1715 2158 γλί-

1060 2181 1144 2216 χεαι
1175 2164 1269 2200 conf
1294 2162 1428 2200 Matth.
1464 2164 1531 2200 Gr.
1579 2164 1645 2200 Gr.
1677 2164 1713 2209 §-

1061 2222 1136 2262 531
1157 2227 1236 2258 not.
1259 2223 1285 2260 2
1305 2233 1343 2269 p.
1368 2221 1488 2259 1037.

1117 2275 1201 2314 ἐπεί
1219 2289 1258 2313 τε
1281 2273 1323 2314 δὲ
1353 2271 1511 2324 ἁπάσης
1540 2270 1716 2314 οἷπελαυ-

1060 2326 1257 2381 νόμενος]
1308 2330 1370 2368 Ad
1399 2328 1558 2381 ἁπάσης
1588 2331 1713 2382 suppl.

1062 2390 1261 2437 στρατιῆς.
1326 2386 1388 2424 Ad
1430 2400 1583 2425 sensum
1611 2393 1714 2424 recte

1061 2442 1279 2494 Schweigh.
1323 2444 1366 2481 cle
1396 2446 1552 2482 universi
1577 2445 1718 2494 imperii

1060 2513 1194 2537 summa
1236 2500 1441 2545 concedens;
1503 2499 1551 2537 ad
1597 2500 1715 2538 verba

1059 2558 1236 2608 proprie:
1269 2556 1548 2607 quandoquidem
1570 2559 1610 2594 tu
1629 2559 1715 2594 ato-

1060 2616 1133 2650 tius
1145 2615 1319 2650 exercitus
1347 2615 1487 2663 imperio
1513 2616 1662 2650 remotus
1682 2625 1713 2649 s.

1060 2671 1236 2717 deiectus,
1285 2670 1409 2706 classis
1434 2671 1616 2719 imperium
1629 2670 1714 2719 fla-

1059 2729 1169 2775 giras.
1200 2726 1308 2762 Conf.
1330 2724 1471 2762 Herod.
1493 2724 1538 2773 V,
1560 2724 1626 2765 94.
1647 2722 1711 2762 Ad

1058 2784 1174 2820 verba
1186 2796 1292 2834 seqq.
1315 2778 1419 2821 οὕτω
1433 2780 1508 2832 ἔχει
1517 2796 1577 2820 τοι
1587 2781 1711 2832 suppl.

1058 2836 1101 2879 τὸ
1131 2841 1318 2892 πρῆγμαε
1348 2851 1402 2876 res
1425 2839 1476 2876 sic
1504 2850 1539 2876 se
1559 2837 1661 2875 habet
1679 2849 1712 2874 s.

1839 2836 1843 2918 1
