1897 3340
475 207 568 244 ET
627 205 1146 244 CORRIGENDA.
1481 210 1566 251 823

289 316 427 361 scripsit
452 315 601 360 Negris:
630 313 873 359 ἀπατώμενος
897 310 974 348 α’πὸ
1002 312 1045 349 τὸ
1073 312 1202 358 δέλεαρ
1228 316 1293 350 τοῦ
1328 313 1386 352 ὅτι
1420 318 1483 354 ὁὲν
1508 320 1568 356 εὑ·

288 364 424 408 ρίσκεις
448 360 639 402 ἐναντίους
667 361 728 396 καὶ
753 358 956 395 λανθάνων
982 359 1142 395 σεαυτὸν
1167 359 1227 395 ὅτι
1251 368 1465 407 προχωρεῖς,

66 422 117 455 Ad
144 421 219 464 VII,
243 423 289 458 57
318 433 394 466 pag.
419 422 498 456 533.
550 420 598 453 Ad
624 419 824 452 locutionem
848 416 932 461 περὶ
957 418 1080 461 ψυχῆς
1104 415 1243 461 τρέχειν
1266 421 1352 452 conf.
1379 422 1479 455 etiam
1494 423 1569 457 Ho-

286 468 443 548 pgnggssell.
484 466 707 507 xx11,1oo:
745 463 830 509 περὶ
862 463 987 509 ψυχῆς
1017 462 1134 507 θέον,
1166 464 1225 498 ubi
1262 466 1427 510 quaedam
1462 469 1567 503 affert

66 570 119 605 Ad
144 570 222 614 V11,
245 572 290 607 58
314 582 394 616 pag.
418 571 486 606 535
510 569 568 604 lin.
592 569 627 602 4.
674 569 831 613 Agoram
856 566 899 600 ad
926 566 1121 601 orientalem
1145 566 1239 602 sinus
1272 567 1372 601 finem
1410 570 1501 601 laeta
1532 570 1568 604 in

283 618 434 661 regione,
459 617 526 659 qua
550 614 659 648 Melas
681 614 715 646 in
738 625 828 646 mare
862 613 994 655 influit,
1034 614 1134 647 sitam
1166 615 1274 647 fuisse
1309 614 1445 648 coniicit
1481 615 1568 649 Prc-

289 664 404 697 keseh.
433 661 560 694 Annall.
589 660 707 693 Vir-nn.
737 659 864 692 LXIII.
891 661 975 692 Anz.
1000 660 1050 693 BI.
1075 671 1108 704 p.
1132 660 1191 694 31.

66 718 117 754 Ad
144 720 221 766 Vll,
246 722 288 757 61
313 731 393 765 pag.
418 717 498 752 541.
549 717 650 758 Quod
685 719 762 760 post
791 716 982 755 ποικίλους
1015 716 1093 749 addi
1131 717 1252 750 volunt
1285 715 1347 750 καὶ
1372 715 1567 760 θώρηκας,

285 767 321 800 id
346 764 457 798 reiicit
483 763 612 806 Negris
636 769 795 806 tanquam
820 773 1078 807 supervacuum,
1103 765 1162 796 sed
1187 775 1314 796 comma
1340 769 1417 808 post
1448 765 1571 797 ποικί-

289 813 375 850 λους
399 809 503 843 inseri
529 810 675 850 solitum,
697 807 844 841 sustulit.
892 808 1053 851 SchoeII.‚
1070 809 1128 853 qui
1154 809 1334 842 vernacule
1352 810 1436 842 haec
1461 811 1569 844 verba

288 857 337 891 sic
363 856 530 890 reddidit:
568 857 663 898 „auf
686 855 761 887 dem
794 854 873 886 Lcib
899 855 1001 888 bunte
1029 857 1260 888 Aermelrockc
1285 857 1479 890 anzusehen
1504 858 1570 889 wie

287 905 361 938 eine
385 902 654 946 Schuppenhaut
677 912 744 933 von
768 900 884 940 stam,
910 901 970 933 cler
995 901 1187 936 Fischhant
1225 903 1403 939 iihnh'chf‘
1442 903 1570 946 optime

287 951 342 984 hic
366 948 509 991 intelligi
533 958 632 992 posse
654 951 755 991 putat
780 946 1017 980 vestimentum
1053 947 1222 981 coloribus
1254 947 1428 981 inductum
1462 960 1571 991 squa-

286 1007 360 1030 mas
385 995 522 1037 glaucas
546 992 766 1026 imitantibus.
791 1012 837 1017 --
862 991 961 1032 Quae
987 1004 1063 1026 mox
1086 999 1316 1027 memorantur
1336 991 1571 1038 ἀναξυρίδες,

289 1054 349 1075 eas
382 1040 482 1073 hodie
517 1038 636 1073 vocari
675 1038 902 1072 'l'schakschir
941 1039 1060 1072 scribit
1087 1040 1259 1072 Hammer.
1286 1041 1420 1075 AnnalI.
1447 1041 1570 1076 Vienn.

287 1087 401 1122 LXIII
430 1097 464 1131 p.
492 1086 545 1125 15,
568 1090 606 1118 et
629 1096 717 1129 quae
741 1084 917 1117 Herodoto
941 1084 1010 1119 sint
1034 1082 1242 1130 ἐγχειρίδια,
1268 1087 1359 1131 apud
1385 1087 1571 1122 Homerum

287 1134 327 1168 II.
354 1133 416 1174 III,
439 1134 504 1167 271
530 1131 714 1175 μαχαίρας
736 1133 852 1163 vocari
877 1131 1005 1165 volunt.

66 1188 120 1222 Ad
146 1188 222 1233 Vll,
238 1191 284 1226 62
308 1202 388 1236 pag.
412 1187 491 1224 544.
541 1188 592 1222 De
617 1189 777 1223 Ariorum
801 1187 933 1222 nomine
956 1188 1111 1233 pluribus
1130 1188 1270 1222 disserit
1292 1189 1384 1224 Pott.
1404 1190 1571 1234 Etymoll.

287 1237 522 1279 Forschungg.
548 1246 624 1279 pag.
650 1234 747 1268 LXX
772 1246 867 1278 seqq.
916 1235 1005 1269 Add.
1041 1235 1085 1268 de
1113 1237 1203 1269 Ariis
1228 1236 1458 1281 diSputautem
1483 1237 1573 1270 Hal-

286 1283 365 1328 Iing.
400 1282 434 1315 in
466 1281 596 1315 Annali.
622 1280 740 1314 Vienn.
775 1281 889 1314 LXIII
923 1292 958 1327 p.
988 1282 1054 1317 182
1077 1293 1161 1326 seqq
1184 1308 1194 1324 ‚
1218 1293 1285 1326 quo
1319 1287 1458 1316 auctore
1482 1285 1572 1317 Aria

287 1328 430 1374 propria
467 1333 620 1361 veterum
651 1327 685 1360 in
708 1332 822 1367 terra,
840 1339 929 1372 quae
953 1339 1041 1361 nunc
1065 1334 1209 1361 vocatur
1234 1330 1437 1373 Kaschmyn
1462 1341 1568 1374 quae-

288 1376 394 1409 renda
421 1379 486 1408 est.
534 1373 586 1407 De
609 1384 694 1406 voce
720 1375 849 1407 Ermarz
876 1373 947 1407 sive
972 1375 1087 1407 Irman
1122 1375 1206 1418 (quil
1231 1376 1376 1419 utreque
1400 1387 1483 1409 voce
1508 1388 1570 1410 ve·-

287 1425 343 1455 tus
368 1423 613 1455 Germanorum
639 1431 758 1452 nomen
787 1419 952 1453 contineri
974 1420 1108 1457 volunt)
1134 1420 1201 1455 vid.
1231 1432 1365 1465 quoque
1394 1422 1569 1455 Hammer.

288 1467 421 1502 Annall.
447 1466 565 1501 Vienn.
590 1465 705 1499 XLIX
738 1465 878 1510 Anzeig.
904 1466 956 1499 BI.
984 1478 1064 1511 pag.
1088 1468 1145 1507 22,
1180 1466 1238 1510 qui
1262 1467 1353 1499 idem
1378 1479 1411 1512 p.
1442 1470 1481 1502 15
1523 1468 1570 1501 de

288 1514 429 1548 Atracis
463 1511 620 1555 (Herod.
663 1511 741 1554 VII,
776 1513 819 1548 61
844 1524 880 1557 p.
906 1513 990 1555 523)
1017 1512 1164 1546 conferri
1187 1513 1302 1556 debet,
1328 1524 1469 1558 quorum
1494 1514 1570 1548 scil.

286 1571 407 1593 nomen
433 1570 453 1592 a
480 1558 618 1592 Persica
635 1569 723 1592 voce
749 1559 823 1592 Ard
840 1558 1036 1592 descendat.

69 1613 121 1648 Ad
146 1614 222 1658 VII,
244 1616 291 1653 64
316 1629 394 1661 pag.
418 1614 500 1652 543.
547 1615 732 1661 Amyrgios
769 1626 832 1661 pro
863 1616 1005 1650 Tataris
1037 1615 1111 1649 sive
1153 1617 1273 1650 Turcis
1304 1627 1439 1661 quoque
1464 1616 1572 1650 habet

288 1663 438 1706 Hauing.
463 1661 496 1696 in
520 1661 653 1695 Annali.
681 1661 799 1696 Vienn.
823 1662 938 1695 LXIII
956 1675 990 1706 p.
1018 1664 1096 1698 131.
1147 1662 1243 1702 Quos
1268 1663 1378 1696 Sacas
1414 1662 1573 1696 Herodo-

285 1714 340 1743 tus
364 1713 532 1749 memoret,
558 1719 616 1741 eos
643 1707 686 1741 ad
711 1712 856 1742 montem
880 1709 1054 1755 Belurtag
1076 1707 1268 1750 habitasse,
1284 1720 1326 1742 ex
1349 1709 1432 1754 ipsis
1458 1709 1573 1743 Hero-

286 1755 360 1789 doti
383 1755 495 1789 verbis
519 1754 653 1788 elucere
676 1753 764 1787 idem
789 1754 974 1788 contendit.

68 1809 119 1844 Ad
136 1811 212 1856 VII,
235 1813 281 1849 72
307 1824 384 1857 pag.
409 1813 476 1847 557
499 1811 559 1845 lin.
583 1813 617 1846 9.
638 1813 693 1846 10.
728 1810 765 1846 οὶ
789 1808 829 1845 δὲ
855 1809 976 1854 Σύροι
1001 1804 1110 1845 οὗτοι
1143 1807 1218 1845 ὑπὸ
1255 1809 1429 1855 Περσέων
1463 1812 1570 1845 Καπ-

286 1855 453 1893 παδόκαι
463 1856 671 1891 καλέονται.
700 1858 848 1892 Vocibus
857 1857 1132 1898 Καππαδοκίας
1143 1863 1178 1891 et
1190 1858 1470 1899 Καππαδοκῶν,
1484 1870 1573 1903 quas

287 1905 446 1939 Persicas
472 1915 546 1937 esse
558 1915 600 1937 ex
625 1904 657 1936 h.
669 1903 692 1937 l.
704 1910 881 1948 appareat,
905 1905 1099 1948 suspicatur
1125 1905 1214 1938 Pott.
1241 1904 1402 1948 Etymoll.
1421 1904 1571 1938 Forsch.

286 1963 320 1996 p.
347 1950 526 1989 XXXVII,
543 1951 685 1982 subesse
718 1961 835 1983 vocem
867 1950 1054 1984 Zendicam
1090 1951 1249 1995 dalclzyu,
1273 1962 1362 1995 quae
1386 1956 1572 1993 terramfl.

286 1997 505 2042 provinciam
530 1995 678 2029 denotet.

69 2050 119 2086 Ad
144 2053 222 2096 vll,
246 2054 292 2090 76
315 2064 396 2098 pag.
434 2054 499 2088 551
533 2052 590 2086 lin.
625 2053 661 2087 2.
693 2053 728 2086 3.
776 2052 815 2085 In
851 2053 1074 2087 monumentis
1109 2053 1378 2098 Persepolitanis
1409 2054 1574 2088 observat

288 2100 459 2133 Hammer.
488 2102 572 2131 Anu.
597 2098 717 2132 Vienn.
746 2097 862 2131 LXIII
887 2110 920 2143 p.
949 2102 991 2134 16
1016 2100 1166 2144 conspici
1191 2101 1323 2137 virum.
1355 2101 1412 2145 qui
1440 2101 1572 2146 galeam

288 2146 446 2178 cornibus
471 2145 671 2178 instructam
695 2145 798 2184 ferat,
823 2150 862 2178 ut
886 2156 966 2178 sane
986 2157 1047 2190 pro
1064 2146 1254 2180 huiusmodi
1289 2147 1452 2190 Thrace,
1486 2158 1572 2192 qua-

288 2192 354 2224 lem
379 2192 410 2225 h.
437 2191 458 2224 I.
483 2190 610 2224 indicet
634 2190 843 2233 Herodotus,
869 2191 986 2224 haberi
1010 2191 1130 2236 possit.

70 2242 120 2281 Ad
144 2247 226 2291 VII,
250 2248 296 2284 77
319 2258 399 2292 pag.
423 2248 491 2282 562
515 2247 573 2282 lin.
599 2248 632 2282 3.
682 2237 811 2292 Milyas
834 2247 935 2292 plane
965 2247 1026 2289 ita,
1060 2254 1100 2282 ut
1136 2248 1332 2284 Herodotus
1367 2251 1494 2291 refert,
1516 2253 1577 2284 δι’-ἰ

288 2299 399 2373 113νέξοί
416 2292 671 2382 ἲῗῗαείεὸεἶηῐοτί
694 2293 728 2327 in
753 2293 977 2328 monumentis
1011 2295 1276 2340 Persepolitanis
1307 2296 1427 2331 scribit
1463 2297 1573 2331 Ham-

71 2395 124 2430 Ad
148 2395 225 2441 Vn,
249 2397 294 2432 85
319 2407 398 2440 pag.
421 2396 487 2430 567
515 2394 570 2428 lin.
594 2396 630 2430 5.
653 2396 684 2429 6.
734 2396 844 2430 Voces
868 2393 907 2430 ἐν
941 2393 1059 2441 ἕρκεσι
1094 2394 1413 2443 ἐμπαλασσόμενοι
1438 2397 1573 2443 Negris

291 2442 540 2486 interpretatur
566 2437 716 2485 βρόχοις
740 2437 1012 2484 ἐμπλεκόμενοι.

71 2499 122 2534 Ad
148 2499 228 2544 VII,
251 2501 296 2536 86
321 2510 400 2544 pag.
428 2498 495 2532 568
519 2496 574 2530 lin.
604 2498 634 2530 1.
682 2497 734 2530 Ad
768 2497 869 2530 hosce
893 2498 995 2532 Indos
1027 2499 1151 2534 referri
1185 2502 1258 2535 vult
1298 2502 1472 2534 Hammer.
1496 2500 1518 2532 I.
1546 2499 1569 2532 I.

290 2557 324 2590 p.
339 2549 381 2579 lo
404 2544 534 2587 legatos
557 2542 644 2581 illos,
667 2542 783 2593 (ΝΞ-ῥυ
808 2549 1093 2579 monumentorum
1105 2547 1436 2589 Persepolitanorum
1451 2545 1572 2589 quinta

292 2591 382 2624 serie
406 2588 656 2634 conspiciantur
681 2591 797 2622 au'r'um
822 2592 853 2621 in
879 2589 1032 2624 lancibus
1056 2592 1203 2636 positum
1220 2593 1404 2626 offerentes
1422 2591 1570 2624 asinum-

293 2648 361 2682 que
385 2637 493 2669 ferum
515 2634 658 2668 eximiae
682 2633 919 2679 pulcritudinis
941 2647 1053 2670 secum
1071 2639 1243 2674 ducentes.

73 2705 124 2740 Ad
148 2704 226 2746 vn,
250 2705 294 2740 88
319 2715 398 2748 pag.
423 2704 490 2738 569
506 2702 564 2736 lin.
591 2703 625 2737 8.
671 2703 738 2736 Pro
767 2702 927 2743 Τίθαιος
951 2705 1067 2748 reponi
1092 2706 1165 2746 vult
1189 2705 1297 2738 Lehrs
1322 2703 1393 2742 (De
1417 2702 1570 2736 Aristar-

293 2749 460 2830 ZIIiaJtud‘
487 2760 566 2794 pag.
589 2749 675 2790 308)
704 2749 875 2793 Τιθαῖοεῧ
899 2756 939 2784 ¹¹⁸
957 2749 1343 2826 Bayazoffi‘Mff‘le,
1369 2748 1570 2792 Σαγγαῖος»

1319 2912 1355 2986 ἕ
