1897 3340
299 574 665 627 ADDENDA
700 589 764 623 ΕΤ
803 573 1345 626 CORRIGENDA.

82 857 132 892 Ad
159 857 199 901 V,
226 859 242 894 1
268 868 303 903 p.
332 858 362 891 1.
408 857 461 891 De
487 856 680 890 Paeonibus
713 855 804 890 conf.
837 854 929 889 infra
964 851 1007 889 ad
1039 855 1083 897 V,
1109 856 1152 891 12
1177 858 1213 890 et
1236 856 1313 892 add.
1341 858 1379 891 C.
1406 858 1451 892 Ο.
1479 858 1570 893 Mfil-

300 904 378 937 ler.:
422 903 539 935 Ueber
563 903 619 936 die
644 901 826 935 Makedon.
850 913 930 947 pag.
956 902 1000 936 36
1023 913 1096 947 seq.
1120 903 1176 937 38.
1203 902 1395 948 Cousinery
1421 905 1568 949 (Voyag.

298 961 342 983 en
368 949 500 982 Maced.
524 948 541 981 I
566 960 598 992 p.
621 949 701 990 177)
725 948 879 982 Paeones
902 948 1093 991 Strymonis
1121 948 1215 993 ripas
1239 950 1397 995 utrinque
1420 952 1571 985 tenuisse

298 994 393 1039 ponit
417 994 494 1027 inde
520 1005 540 1027 a
564 995 725 1037 Pangaeo
749 998 863 1027 monte
890 1005 1000 1038 usque
1024 993 1065 1027 ad
1091 995 1284 1038 Strymonis
1310 998 1433 1030 sontes.
1498 997 1569 1038 Qui

298 1052 374 1084 cap.
402 1042 443 1075 13
468 1044 697 1074 memorantur
721 1040 886 1080 Paeones,
912 1050 970 1073 eos
1002 1040 1184 1073 Homerum
1208 1041 1249 1074 ΙΙ.
1274 1042 1322 1083 ΙΙ,
1347 1043 1414 1078 848
1448 1043 1571 1077 intelli-

298 1098 380 1131 gere
411 1086 521 1119 Bothe
553 1086 628 1120 vult
651 1086 694 1120 ad
718 1085 751 1120 h.
776 1086 800 1121 l.
848 1085 921 1119 Hos
955 1089 1065 1119 autem
1091 1087 1244 1121 Paeones
1276 1089 1425 1123 Paeanis
1448 1091 1572 1122 clamo-

297 1143 368 1166 rem
393 1132 435 1166 ad
461 1143 556 1166 suum
578 1143 713 1176 quoque
732 1143 852 1165 nomen
879 1131 1038 1166 retulisse
1061 1132 1104 1166 ad
1128 1143 1224 1178 seqq.
1251 1134 1393 1169 adnotat
1422 1135 1571 1169 Schoell.

297 1178 330 1212 in
356 1189 443 1212 vers.
468 1177 639 1212 vernacul.
662 1177 843 1211 Herodoti.

80 1222 134 1257 Ad
159 1223 201 1266 V,
226 1225 244 1260 1
271 1236 304 1270 p.
330 1225 364 1259 3.
412 1224 463 1257 Ad
487 1224 589 1257 hosce
614 1224 808 1258 Pei-inthius
830 1223 863 1258 in
876 1224 941 1258 hac
957 1235 1071 1268 pugna
1086 1235 1205 1258 caesos
1229 1226 1362 1268 multos,
1387 1226 1572 1260 Prokesch.

299 1271 333 1304 in
368 1269 499 1304 Annall.
534 1270 734 1309 Viennenss.
761 1269 833 1304 Vol.
858 1270 976 1303 LXIII
1009 1271 1093 1304 Anz.
1118 1271 1170 1304 Bl.
1198 1283 1231 1315 p.
1256 1274 1301 1306 40
1325 1273 1447 1306 referri
1471 1284 1572 1318 posse

299 1320 400 1362 putat
439 1316 552 1361 plnres
577 1316 721 1349 tumulos
745 1315 857 1350 adhuc
879 1317 912 1349 in
938 1328 979 1350 ea
1003 1318 1097 1349 terra
1120 1317 1329 1361 conspicuos.

11 1367 16 1391 ἰ
82 1361 133 1396 Ad
156 1362 199 1406 V,
223 1360 246 1398 4
269 1373 302 1408 p.
328 1365 360 1398 6.
384 1363 418 1396 7.
469 1362 567 1402 Quae
585 1362 780 1395 Herodotus
805 1362 862 1395 hic
886 1362 1004 1396 scribit
1027 1362 1071 1396 de
1084 1363 1224 1396 Transis
1247 1375 1365 1397 recens
1399 1367 1497 1397 natos
1520 1363 1573 1397 lu-

300 1408 469 1453 gentibus,
495 1407 538 1440 da
564 1407 697 1441 feminis
721 1408 756 1440 in
780 1407 893 1442 mariti
917 1408 1045 1442 tumulo
1068 1410 1226 1443 mactatis
1251 1410 1344 1454 (cap.
1373 1410 1438 1451 5),
1463 1421 1503 1443 ea
1528 1409 1573 1443 ad

299 1453 476 1498 opiniones
500 1453 647 1488 Graecis
671 1453 806 1497 quidem
831 1455 959 1488 alienas
986 1454 1047 1487 sed
1074 1466 1136 1498 per
1159 1455 1322 1489 orientem
1346 1467 1484 1500 sparsas
1517 1467 1574 1488 re-

302 1499 389 1534 ferri
427 1500 499 1532 vult
530 1500 570 1533 C.
592 1500 638 1533 O.
665 1500 801 1533 Miiller.
829 1499 851 1533 l.
877 1500 898 1534 l.
925 1512 958 1545 p.
983 1501 1040 1535 58.
1067 1502 1132 1539 59,
1157 1501 1215 1534 ubi
1238 1502 1324 1535 idem
1350 1501 1574 1546 polygamiam

300 1545 372 1579 illic
405 1545 634 1586 obtinentem,
663 1557 788 1579 uxores
813 1550 921 1579 emtas
945 1546 1179 1580 hereditateve
1203 1548 1368 1588 traditas,
1417 1553 1516 1581 natos
1540 1547 1575 1581 in

300 1590 499 1625 servitutem
524 1591 690 1634 venditos,
714 1592 757 1625 ad
780 1591 922 1626 indolem
948 1593 1129 1625 barbaram
1157 1593 1403 1627 Macedonibus
1435 1605 1575 1638 prorsus

300 1636 507 1681 incognitam
530 1639 649 1671 refert.
697 1638 799 1678 Quod
823 1638 866 1671 ad
890 1638 982 1672 illum
1007 1649 1146 1682 morem,
1171 1651 1237 1684 quo
1261 1639 1296 1672 in
1321 1640 1428 1673 lucem
1466 1639 1576 1672 editos

299 1683 418 1727 lugent
441 1688 658 1728 mortuosque
682 1684 868 1727 celebrant,
895 1695 1013 1729 parum
1038 1689 1131 1718 recte
1171 1685 1222 1719 sic
1247 1686 1370 1719 statuit
1404 1685 1574 1719 choisenh

301 1729 463 1763 Gouffier
488 1730 650 1774 (voyage
674 1734 738 1763 etc.
762 1730 806 1764 T.
832 1730 866 1763 Π
891 1742 924 1775 p.
952 1731 1047 1774 101),
1072 1731 1281 1765 Herodotum
1297 1743 1350 1772 ea,
1374 1744 1461 1776 quae
1474 1730 1574 1776 pauci

301 1775 450 1820 quidam,
474 1775 518 1808 de
541 1787 604 1809 sua
627 1776 786 1809 libertate
811 1776 1045 1820 desperantes,
1070 1789 1146 1810 cum
1169 1777 1286 1811 duram
1306 1777 1472 1811 subierint
1500 1787 1574 1809 ser-

302 1821 459 1862 vitutem,
482 1822 603 1854 fecisse
627 1821 837 1864 viderentur,
862 1823 904 1855 ad
918 1833 1033 1855 omnes
1057 1823 1370 1866 referretotiusque
1387 1823 1499 1866 gentis
1523 1823 1575 1855 in-

301 1866 418 1900 dicare
442 1867 731 1901 consuetudinem.
756 1890 802 1894 —
825 1867 865 1901 In
888 1868 962 1912 ipso
988 1868 1157 1903 Herodoti
1180 1874 1277 1903 textu
1310 1870 1491 1903 Bekkerus
1515 1880 1577 1913 pro

305 1909 546 1955 ἀνηγεόμενοι
570 1913 612 1946 de
637 1925 695 1947 suo
721 1913 816 1947 dedit
841 1911 1107 1957 ἀπηγεόμενοι.

86 1957 136 1991 Ad
160 1957 202 2000 V,
226 1959 249 1993 6
273 1970 351 2004 pag.
376 1961 408 1991 9.
455 1958 569 1992 Locus
600 1959 634 1992 in
669 1959 874 2003 Cousineryi
905 1960 1081 1994 itinerario
1105 1960 1230 2006 legitur
1261 1961 1361 1995 Tom.
1386 1960 1403 1994 I
1427 1972 1506 2006 pag.
1531 1960 1578 1995 93

87 2050 136 2083 Ad
164 2050 203 2091 V,
228 2051 249 2084 8
272 2061 351 2095 pag.
381 2051 432 2084 13.
482 2050 598 2083 Verba
627 2048 674 2082 τὰ
697 2047 848 2093 μέγιστα
873 2046 994 2085 ἄεθλα
1017 2052 1165 2086 τίθεται
1188 2048 1284 2086 κατά
1308 2051 1418 2096 λόγον
1441 2062 1576 2094 μουνο-

305 2095 439 2139 μαχίης
462 2095 513 2129 ita
530 2095 674 2139 intelligi
692 2097 764 2130 vult
788 2096 915 2140 Negris
937 2097 971 2130 in
997 2098 1158 2139 editione,
1181 2110 1270 2142 quae
1292 2098 1420 2143 prodiit
1448 2097 1577 2131 Edinb.

308 2143 397 2176 1833
422 2141 552 2174 duobus
578 2141 822 2183 Voluminfflus,
846 2143 990 2176 Scholiis
1015 2144 1159 2177 Graecis
1183 2144 1372 2178 instructa:
1409 2142 1456 2177 τὰ
1480 2141 1579 2187 μέγι-

307 2197 374 2220 στα
399 2183 520 2221 ἄεθλα
544 2187 691 2220 τίθεται
714 2189 759 2233 τῇ
785 2189 1014 2233 μουνομαχίη
1038 2186 1132 2223 κατα)
1157 2188 1266 2233 λόγον
1290 2186 1419 2234 αὐτῆς.

90 2230 140 2265 Ad
164 2230 208 2272 V,
232 2231 255 2265 9
280 2243 359 2275 pag.
387 2235 439 2268 13.
486 2234 553 2267 Pro
580 2229 733 2276 ἄπειρος
746 2235 894 2268 Bekker.
920 2235 1063 2268 coniecit
1087 2231 1242 2278 ἄπορος.
1268 2236 1353 2269 Mihi
1378 2235 1447 2269 h.1.
1472 2232 1581 2268 ἄπει-

308 2288 372 2320 ρος
393 2284 464 2311 est.
489 2280 638 2321 infinita,
663 2281 759 2314 haud
781 2282 970 2315 terminata
994 2283 1104 2326 regio.
1153 2283 1273 2326 Itaque
1293 2282 1371 2315 nihil
1396 2281 1545 2326 requiro.

88 2322 139 2357 Ad
169 2321 212 2366 V,
238 2323 279 2357 ll
307 2334 385 2366 pag.
413 2323 467 2356 17.
515 2324 586 2366 lis,
622 2338 710 2369 quae
744 2326 786 2360 de
821 2329 976 2372 Myr-cino
1002 2327 1164 2370 diximus,
1191 2328 1267 2362 add.
1297 2328 1486 2371 Cousinery
1511 2328 1532 2361 1.
1559 2327 1581 2360 Ι.

307 2369 406 2402 Tom.
432 2368 467 2400 11
485 2379 519 2412 p.
544 2370 578 2409 3,
605 2371 664 2412 qui
703 2372 894 2415 Myrcinum
916 2374 1032 2406 urbem
1066 2373 1167 2407 sitam
1192 2374 1296 2407 fuisse
1320 2374 1492 2407 contendit
1517 2384 1582 2406 non

308 2415 408 2457 longe
432 2414 474 2447 ab
500 2414 697 2448 recentioris
721 2418 845 2450 aetatis
869 2419 993 2463 oppido
1021 2420 1171 2465 Zighma
1194 2420 1302 2465 (quod
1326 2420 1434 2465 ipsum
1460 2419 1582 2461 exiguo

310 2459 422 2504 spatio
447 2459 554 2492 distat
579 2460 621 2493 ab
645 2461 730 2493 urbe
754 2463 862 2496 Sirios
886 2474 913 2495 S.
938 2466 1068 2505 Scrrcs,
1093 2471 1131 2498 ut
1155 2477 1242 2499 nunc
1267 2467 1421 2507 vocant),
1446 2469 1482 2496 et
1505 2463 1582 2507 qui-

310 2506 386 2558 dem
422 2505 463 2558 ad
499 2505 601 2558 colles
625 2506 809 2550 quosdam,
848 2508 906 2542 ubi
934 2509 1044 2542 adhuc
1068 2510 1201 2544 aedium
1227 2516 1287 2545 aut
1310 2510 1475 2544 moenium
1501 2508 1580 2541 reli-

312 2563 413 2596 quiae
430 2557 659 2585 inveniuntur.

93 2596 143 2632 Ad
170 2597 213 2640 V,
238 2598 281 2633 12
305 2609 382 2641 pag.
410 2598 462 2631 18.
495 2596 548 2629 Ad
567 2609 619 2637 ea,
644 2597 856 2642 quaeverbis
877 2594 1279 2644 α’δελφεὴνμεγοέληντε
1290 2600 1352 2634 καὶ
1363 2597 1508 2633 εὐειδέα
1520 2598 1580 2632 ad-

311 2642 520 2686 scripsimuS,
545 2642 625 2675 addi
648 2644 812 2685 volumus,
834 2655 923 2688 quae
947 2645 980 2678 in
1002 2646 1142 2680 eandem
1153 2658 1222 2680 rem
1247 2645 1444 2680 observavit
1469 2646 1583 2678 Blom-

311 2687 458 2721 fie1d.in
484 2688 639 2722 Giossar.
665 2689 708 2722 ad
732 2689 999 2733 AeschyLPerS.
1025 2693 1090 2727 189
1115 2696 1150 2727 et
1176 2694 1214 2726 A.
1240 2693 1284 2725 G.
1312 2691 1583 2724 Winckelmann.

314 2734 356 2768 ad
374 2734 503 2767 Platon.
529 2734 728 2776 Euthydem.
754 2747 787 2778 p.
814 2736 846 2768 5.

97 2778 145 2812 Ad
173 2780 214 2823 V,
240 2781 283 2815 12
299 2792 376 2824 pag.
405 2781 456 2814 19.
505 2779 556 2812 Ad
590 2781 727 2813 verbum
761 2776 888 2823 ἄρδειν
923 2781 1156 2817 illustrandum
1192 2782 1281 2815 conf.
1313 2792 1448 2826 quoque
1473 2780 1584 2813 Bion)-

312 2825 404 2861 field.
428 2824 586 2859 Giossar.
610 2825 653 2859 ad
680 2826 841 2869 Aeschyl.
866 2828 964 2862 Pers.
989 2831 1068 2864 811.
1098 2848 1133 2853 -
1184 2827 1223 2861 In
1248 2838 1320 2871 seq.
1346 2839 1420 2871 cap.
1447 2828 1502 2869 13,
1528 2826 1584 2860 ubi
