<?xml version="1.0" encoding="UTF-8"?>
<!DOCTYPE html PUBLIC "-//W3C//DTD XHTML 1.0 Transitional//EN"
    "http://www.w3.org/TR/xhtml1/DTD/xhtml1-transitional.dtd">
<html xmlns="http://www.w3.org/1999/xhtml" xml:lang="en" lang="en">
 <head>
  <title>
</title>
<meta http-equiv="Content-Type" content="text/html;charset=utf-8" />
  <meta name='ocr-system' content='tesseract 3.04.00' />
  <meta name='ocr-capabilities' content='ocr_page ocr_carea ocr_par ocr_line ocrx_word'/>
</head>
<body>
  <div class='ocr_page' id='page_1' title='image "./musaeher03hero_0750.png"; bbox 0 0 1897 3340; ppageno 0'>
   <div class='ocr_carea' id='block_1_1' title="bbox 435 190 1290 231">
    <p class='ocr_par' dir='ltr' id='par_1_1' title="bbox 435 190 1290 231">
     <span class='ocr_line' id='line_1_1' title="bbox 435 190 1290 231; baseline -0.004 0"><span class='ocrx_word' id='word_1_1' title='bbox 435 190 518 231; x_wconf 73' lang='lat'><strong>736</strong></span> <span class='ocrx_word' id='word_1_2' title='bbox 831 191 1290 229; x_wconf 86' lang='lat' dir='ltr'><strong>HERODOTI</strong></span> 
     </span>
    </p>
   </div>
   <div class='ocr_carea' id='block_1_2' title="bbox 112 297 1857 693">
    <p class='ocr_par' dir='ltr' id='par_1_2' title="bbox 112 297 1857 693">
     <span class='ocr_line' id='line_1_2' title="bbox 439 297 1684 356; baseline 0.002 -16"><span class='ocrx_word' id='word_1_3' title='bbox 439 297 611 355; x_wconf 80' lang='grc' dir='ltr'><strong><em>Πηλίῳ,</em></strong></span> <span class='ocrx_word' id='word_1_4' title='bbox 653 297 731 350; x_wconf 76' lang='grc' dir='ltr'><em>τοὶς</em></span> <span class='ocrx_word' id='word_1_5' title='bbox 759 299 805 343; x_wconf 79' lang='grc' dir='ltr'><strong>δὲ</strong></span> <span class='ocrx_word' id='word_1_6' title='bbox 834 299 876 350; x_wconf 79' lang='grc' dir='ltr'><strong>ἐς</strong></span> <span class='ocrx_word' id='word_1_7' title='bbox 895 298 973 342; x_wconf 79' lang='grc' dir='ltr'><strong>τόν</strong></span> <span class='ocrx_word' id='word_1_8' title='bbox 1007 298 1224 354; x_wconf 83' lang='grc' dir='ltr'><em>αἰγιαλόν·</em></span> <span class='ocrx_word' id='word_1_9' title='bbox 1263 300 1308 342; x_wconf 81' lang='grc' dir='ltr'><strong>αἱ</strong></span> <span class='ocrx_word' id='word_1_10' title='bbox 1337 299 1383 343; x_wconf 81' lang='grc' dir='ltr'><strong>δὲ</strong></span> <span class='ocrx_word' id='word_1_11' title='bbox 1412 300 1511 354; x_wconf 89' lang='grc' dir='ltr'><em>περὶ</em></span> <span class='ocrx_word' id='word_1_12' title='bbox 1547 299 1684 356; x_wconf 76' lang='grc' dir='ltr'><em>αὐτὴν</em></span> 
     </span>
     <span class='ocr_line' id='line_1_3' title="bbox 438 364 1857 426; baseline 0.002 -19"><span class='ocrx_word' id='word_1_13' title='bbox 438 364 517 421; x_wconf 86' lang='grc' dir='ltr'><strong>τὴν</strong></span> <span class='ocrx_word' id='word_1_14' title='bbox 546 365 752 422; x_wconf 72' lang='grc' dir='ltr'><em>Σηπιάδα</em></span> <span class='ocrx_word' id='word_1_15' title='bbox 781 368 1079 421; x_wconf 82' lang='grc' dir='ltr'><em>περιέπιπτον·</em></span> <span class='ocrx_word' id='word_1_16' title='bbox 1121 368 1166 410; x_wconf 81' lang='grc' dir='ltr'><strong>αἱ</strong></span> <span class='ocrx_word' id='word_1_17' title='bbox 1195 367 1239 410; x_wconf 82' lang='grc' dir='ltr'><strong>δὲ</strong></span> <span class='ocrx_word' id='word_1_18' title='bbox 1269 366 1310 418; x_wconf 81' lang='grc' dir='ltr'><strong>ἐς</strong></span> <span class='ocrx_word' id='word_1_19' title='bbox 1340 370 1582 422; x_wconf 83' lang='grc' dir='ltr'><strong><em>Μελίβοιαν</em></strong></span> <span class='ocrx_word' id='word_1_20' title='bbox 1610 366 1689 410; x_wconf 88' lang='grc' dir='ltr'><em>πό·</em></span> <span class='ocrx_word' id='word_1_21' title='bbox 1746 383 1825 426; x_wconf 83' lang='lat'><strong>594</strong></span> <span class='ocrx_word' id='word_1_22' title='bbox 1856 415 1857 418; x_wconf 11' lang='grc' dir='ltr'><strong>Ἴ</strong></span> 
     </span>
     <span class='ocr_line' id='line_1_4' title="bbox 438 428 1688 491; baseline 0.002 -15"><span class='ocrx_word' id='word_1_23' title='bbox 438 436 520 485; x_wconf 82' lang='grc' dir='ltr'><em>λιν,</em></span> <span class='ocrx_word' id='word_1_24' title='bbox 551 436 596 477; x_wconf 84' lang='grc' dir='ltr'><strong>αἱ</strong></span> <span class='ocrx_word' id='word_1_25' title='bbox 621 435 667 477; x_wconf 82' lang='grc' dir='ltr'><strong>δὲ</strong></span> <span class='ocrx_word' id='word_1_26' title='bbox 696 433 737 484; x_wconf 80' lang='grc' dir='ltr'><strong>ἐς</strong></span> <span class='ocrx_word' id='word_1_27' title='bbox 758 436 1045 491; x_wconf 84' lang='grc' dir='ltr'><strong><em>Κασθαναίην</em></strong></span> <span class='ocrx_word' id='word_1_28' title='bbox 1074 434 1394 491; x_wconf 80' lang='grc' dir='ltr'><em>ἐξεβράσσοντο.</em></span> <span class='ocrx_word' id='word_1_29' title='bbox 1450 428 1507 491; x_wconf 80' lang='grc' dir='ltr'><strong>ἦν</strong></span> <span class='ocrx_word' id='word_1_30' title='bbox 1535 449 1579 476; x_wconf 86' lang='grc' dir='ltr'><strong>τε</strong></span> <span class='ocrx_word' id='word_1_31' title='bbox 1608 437 1688 478; x_wconf 83' lang='grc' dir='ltr'><strong>τοῦ</strong></span> 
     </span>
     <span class='ocr_line' id='line_1_5' title="bbox 438 499 1688 558; baseline 0.001 -15"><span class='ocrx_word' id='word_1_32' title='bbox 438 504 647 555; x_wconf 76' lang='grc' dir='ltr'><em>χειμῶνος</em></span> <span class='ocrx_word' id='word_1_33' title='bbox 686 505 830 557; x_wconf 85' lang='grc' dir='ltr'><em>χρῆμα</em></span> <span class='ocrx_word' id='word_1_34' title='bbox 871 500 1107 558; x_wconf 78' lang='grc' dir='ltr'><em>ἀφόρητον.</em></span> <span class='ocrx_word' id='word_1_35' title='bbox 1165 504 1343 558; x_wconf 81' lang='grc' dir='ltr'><strong><em>Λέγεται</em></strong></span> <span class='ocrx_word' id='word_1_36' title='bbox 1373 502 1419 545; x_wconf 80' lang='grc' dir='ltr'><strong>δὲ</strong></span> <span class='ocrx_word' id='word_1_37' title='bbox 1448 501 1605 556; x_wconf 83' lang='grc' dir='ltr'><em>λόγος,</em></span> <span class='ocrx_word' id='word_1_38' title='bbox 1629 499 1688 552; x_wconf 76' lang='grc' dir='ltr'><strong>ὥς</strong></span> 
     </span>
     <span class='ocr_line' id='line_1_6' title="bbox 112 565 1743 637; baseline 0.001 -29"><span class='ocrx_word' id='word_1_39' title='bbox 112 575 360 637; x_wconf 51' lang='lat' dir='ltr'><strong>{lfffiagbesst‘ssgl‘</strong></span> <span class='ocrx_word' id='word_1_40' title='bbox 438 565 660 621; x_wconf 82' lang='grc' dir='ltr'><em>Ἀθηναῖοι</em></span> <span class='ocrx_word' id='word_1_41' title='bbox 699 569 776 611; x_wconf 89' lang='grc' dir='ltr'><strong>τὸν</strong></span> <span class='ocrx_word' id='word_1_42' title='bbox 805 572 951 624; x_wconf 82' lang='grc' dir='ltr'><em>Βορῆν</em></span> <span class='ocrx_word' id='word_1_43' title='bbox 990 570 1037 612; x_wconf 79' lang='grc' dir='ltr'><strong>ἐκ</strong></span> <span class='ocrx_word' id='word_1_44' title='bbox 1066 572 1336 624; x_wconf 79' lang='grc' dir='ltr'><em>θεοπροπίου</em></span> <span class='ocrx_word' id='word_1_45' title='bbox 1366 568 1689 619; x_wconf 80' lang='grc' dir='ltr'><em>ἐπεκαλέσαντο,</em></span> <span class='ocrx_word' id='word_1_46' title='bbox 1702 574 1743 610; x_wconf 85' lang='grc'><strong>15</strong></span> 
     </span>
     <span class='ocr_line' id='line_1_7' title="bbox 112 619 1687 693; baseline 0.001 -16"><span class='ocrx_word' id='word_1_47' title='bbox 112 619 207 670; x_wconf 57' lang='grc' dir='ltr'><strong>ιιίἶεη·</strong></span> <span class='ocrx_word' id='word_1_48' title='bbox 231 652 246 670; x_wconf 87' lang='lat' dir='ltr'><strong>u</strong></span> <span class='ocrx_word' id='word_1_49' title='bbox 282 643 311 669; x_wconf 73' lang='lat' dir='ltr'><strong>in</strong></span> <span class='ocrx_word' id='word_1_50' title='bbox 331 651 382 670; x_wconf 81' lang='lat' dir='ltr'><strong>au-</strong></span> <span class='ocrx_word' id='word_1_51' title='bbox 439 633 646 685; x_wconf 78' lang='grc' dir='ltr'><em>ἐλθόντος</em></span> <span class='ocrx_word' id='word_1_52' title='bbox 674 646 754 690; x_wconf 86' lang='grc' dir='ltr'><strong>σφι</strong></span> <span class='ocrx_word' id='word_1_53' title='bbox 783 635 916 679; x_wconf 78' lang='grc' dir='ltr'><em>ἄλλου</em></span> <span class='ocrx_word' id='word_1_54' title='bbox 953 640 1215 693; x_wconf 78' lang='grc' dir='ltr'><em>χρηστηρίου</em></span> <span class='ocrx_word' id='word_1_55' title='bbox 1260 636 1368 690; x_wconf 63' lang='grc' dir='ltr'><em>»τὸν</em></span> <span class='ocrx_word' id='word_1_56' title='bbox 1387 635 1585 693; x_wconf 78' lang='grc' dir='ltr'><em>γαμβρὸν</em></span> <span class='ocrx_word' id='word_1_57' title='bbox 1603 635 1687 679; x_wconf 82' lang='grc' dir='ltr'><em>ἐπί-</em></span> 
     </span>
    </p>
   </div>
   <div class='ocr_carea' id='block_1_3' title="bbox 112 685 382 783">
    <p class='ocr_par' dir='ltr' id='par_1_3' title="bbox 112 685 382 783">
     <span class='ocr_line' id='line_1_8' title="bbox 112 685 341 703; baseline 0 0"><span class='ocrx_word' id='word_1_58' title='bbox 112 685 139 703; x_wconf 74' lang='lat' dir='ltr'><strong>x·</strong></span> <span class='ocrx_word' id='word_1_59' title='bbox 187 686 215 703; x_wconf 89' lang='lat' dir='ltr'>m</span> <span class='ocrx_word' id='word_1_60' title='bbox 289 685 305 703; x_wconf 87' lang='lat' dir='ltr'>a</span> <span class='ocrx_word' id='word_1_61' title='bbox 335 696 341 703; x_wconf 94' lang='lat'><strong>.</strong></span> 
     </span>
     <span class='ocr_line' id='line_1_9' title="bbox 112 709 382 738; baseline 0.007 -2"><span class='ocrx_word' id='word_1_62' title='bbox 112 711 265 738; x_wconf 78' lang='lat' dir='ltr'>Sacellum</span> <span class='ocrx_word' id='word_1_63' title='bbox 290 709 382 738; x_wconf 83' lang='lat' dir='ltr'><strong>Bore-</strong></span> 
     </span>
     <span class='ocr_line' id='line_1_10' title="bbox 112 743 341 783; baseline 0.004 -13"><span class='ocrx_word' id='word_1_64' title='bbox 112 751 149 770; x_wconf 84' lang='lat' dir='ltr'><strong>ae</strong></span> <span class='ocrx_word' id='word_1_65' title='bbox 167 743 205 783; x_wconf 62' lang='lat' dir='ltr'><strong>qd</strong></span> <span class='ocrx_word' id='word_1_66' title='bbox 224 743 341 771; x_wconf 73' lang='lat' dir='ltr'><strong>nissum</strong></span> 
     </span>
    </p>
   </div>
   <div class='ocr_carea' id='block_1_4' title="bbox 284 511 383 556">
    <p class='ocr_par' dir='ltr' id='par_1_4' title="bbox 284 511 383 556">
     <span class='ocr_line' id='line_1_11' title="bbox 284 511 383 556; baseline 0 0"><span class='ocrx_word' id='word_1_67' title='bbox 284 511 383 556; x_wconf 82' lang='lat'><strong>189</strong></span> 
     </span>
    </p>
   </div>
   <div class='ocr_carea' id='block_1_5' title="bbox 385 742 658 749">
    <p class='ocr_par' dir='ltr' id='par_1_5' title="bbox 385 742 658 749">
     <span class='ocr_line' id='line_1_12' title="bbox 385 742 658 749; baseline 0 2591"><span class='ocrx_word' id='word_1_68' title='bbox 385 742 658 749; x_wconf 95' lang='lat' dir='ltr'><strong> </strong></span> 
     </span>
    </p>
   </div>
   <div class='ocr_carea' id='block_1_6' title="bbox 384 815 1040 1881">
    <p class='ocr_par' dir='ltr' id='par_1_6' title="bbox 384 815 1036 1148">
     <span class='ocr_line' id='line_1_13' title="bbox 385 815 1033 870; baseline 0.002 -16"><span class='ocrx_word' id='word_1_69' title='bbox 385 817 525 854; x_wconf 87' lang='lat' dir='ltr'><strong>camini</strong></span> <span class='ocrx_word' id='word_1_70' title='bbox 554 830 583 854; x_wconf 91' lang='lat' dir='ltr'><strong>s.</strong></span> <span class='ocrx_word' id='word_1_71' title='bbox 613 817 714 854; x_wconf 87' lang='lat' dir='ltr'><strong>furni</strong></span> <span class='ocrx_word' id='word_1_72' title='bbox 744 815 935 869; x_wconf 82' lang='lat' dir='ltr'><strong>(Oesen),</strong></span> <span class='ocrx_word' id='word_1_73' title='bbox 965 819 1033 870; x_wconf 88' lang='lat' dir='ltr'><strong>qui</strong></span> 
     </span>
     <span class='ocr_line' id='line_1_14' title="bbox 385 872 1033 920; baseline 0.003 -10"><span class='ocrx_word' id='word_1_74' title='bbox 385 872 498 910; x_wconf 86' lang='lat' dir='ltr'><strong>hodie</strong></span> <span class='ocrx_word' id='word_1_75' title='bbox 519 881 714 920; x_wconf 88' lang='lat' dir='ltr'><strong>vocantur,</strong></span> <span class='ocrx_word' id='word_1_76' title='bbox 737 876 775 910; x_wconf 85' lang='lat' dir='ltr'><strong>in</strong></span> <span class='ocrx_word' id='word_1_77' title='bbox 797 874 938 911; x_wconf 85' lang='lat' dir='ltr'>ditione</span> <span class='ocrx_word' id='word_1_78' title='bbox 959 878 1033 912; x_wconf 78' lang='lat' dir='ltr'><strong>Sa-</strong></span> 
     </span>
     <span class='ocr_line' id='line_1_15' title="bbox 384 930 1035 979; baseline 0.002 -13"><span class='ocrx_word' id='word_1_79' title='bbox 384 930 619 979; x_wconf 84' lang='lat' dir='ltr'><strong>lisburgensi,</strong></span> <span class='ocrx_word' id='word_1_80' title='bbox 640 931 705 966; x_wconf 91' lang='lat' dir='ltr'><strong>ubi</strong></span> <span class='ocrx_word' id='word_1_81' title='bbox 724 932 883 967; x_wconf 79' lang='lat' dir='ltr'><strong>Iovavus</strong></span> <span class='ocrx_word' id='word_1_82' title='bbox 901 931 1035 968; x_wconf 87' lang='lat' dir='ltr'><strong>fluvius</strong></span> 
     </span>
     <span class='ocr_line' id='line_1_16' title="bbox 384 987 1035 1038; baseline 0.005 -17"><span class='ocrx_word' id='word_1_83' title='bbox 384 999 452 1036; x_wconf 88' lang='lat' dir='ltr'><strong>per</strong></span> <span class='ocrx_word' id='word_1_84' title='bbox 473 998 582 1035; x_wconf 89' lang='lat' dir='ltr'><strong>rupes</strong></span> <span class='ocrx_word' id='word_1_85' title='bbox 604 988 748 1023; x_wconf 77' lang='lat' dir='ltr'><strong>exitum</strong></span> <span class='ocrx_word' id='word_1_86' title='bbox 766 987 836 1023; x_wconf 84' lang='lat' dir='ltr'><strong>sibi</strong></span> <span class='ocrx_word' id='word_1_87' title='bbox 855 989 1035 1038; x_wconf 83' lang='lat' dir='ltr'><strong>perrupit,</strong></span> 
     </span>
     <span class='ocr_line' id='line_1_17' title="bbox 386 1042 1036 1094; baseline 0.005 -17"><span class='ocrx_word' id='word_1_88' title='bbox 386 1042 551 1078; x_wconf 86' lang='lat' dir='ltr'><strong>multum</strong></span> <span class='ocrx_word' id='word_1_89' title='bbox 570 1043 702 1094; x_wconf 87' lang='lat' dir='ltr'><strong>utique</strong></span> <span class='ocrx_word' id='word_1_90' title='bbox 727 1044 863 1081; x_wconf 86' lang='lat' dir='ltr'><strong>visitati</strong></span> <span class='ocrx_word' id='word_1_91' title='bbox 884 1056 904 1080; x_wconf 88' lang='lat' dir='ltr'>a</span> <span class='ocrx_word' id='word_1_92' title='bbox 924 1057 1036 1094; x_wconf 88' lang='lat' dir='ltr'><strong>pere-</strong></span> 
     </span>
     <span class='ocr_line' id='line_1_18' title="bbox 386 1098 632 1148; baseline 0.012 -14"><span class='ocrx_word' id='word_1_93' title='bbox 386 1098 632 1148; x_wconf 77' lang='lat' dir='ltr'><strong>grinautibuS.</strong></span> 
     </span>
    </p>

    <p class='ocr_par' dir='ltr' id='par_1_7' title="bbox 385 1149 1040 1822">
     <span class='ocr_line' id='line_1_19' title="bbox 444 1149 1037 1206; baseline 0 -14"><span class='ocrx_word' id='word_1_94' title='bbox 444 1154 488 1192; x_wconf 79' lang='grc' dir='ltr'><strong>αἱ</strong></span> <span class='ocrx_word' id='word_1_95' title='bbox 517 1151 559 1193; x_wconf 76' lang='grc' dir='ltr'><strong>δὲ</strong></span> <span class='ocrx_word' id='word_1_96' title='bbox 587 1152 678 1206; x_wconf 81' lang='grc' dir='ltr'><em>περὶ</em></span> <span class='ocrx_word' id='word_1_97' title='bbox 703 1149 830 1206; x_wconf 70' lang='grc' dir='ltr'><em>αὐτήν</em></span> <span class='ocrx_word' id='word_1_98' title='bbox 857 1152 932 1205; x_wconf 75' lang='grc' dir='ltr'><strong>τήν</strong></span> <span class='ocrx_word' id='word_1_99' title='bbox 951 1157 1037 1205; x_wconf 80' lang='grc' dir='ltr'><strong>Ση-</strong></span> 
     </span>
     <span class='ocr_line' id='line_1_20' title="bbox 387 1207 1040 1263; baseline -0.002 -14"><span class='ocrx_word' id='word_1_100' title='bbox 387 1207 511 1250; x_wconf 76' lang='grc' dir='ltr'><em>πιάδα</em></span> <span class='ocrx_word' id='word_1_101' title='bbox 531 1210 812 1263; x_wconf 69' lang='grc' dir='ltr'><strong>περιέπιπτον]</strong></span> <span class='ocrx_word' id='word_1_102' title='bbox 843 1211 868 1248; x_wconf 89' lang='lat' dir='ltr'><strong>i.</strong></span> <span class='ocrx_word' id='word_1_103' title='bbox 890 1225 922 1249; x_wconf 89' lang='lat' dir='ltr'><strong>e.</strong></span> <span class='ocrx_word' id='word_1_104' title='bbox 944 1211 1040 1248; x_wconf 71' lang='lat' dir='ltr'><strong>aliae</strong></span> 
     </span>
     <span class='ocr_line' id='line_1_21' title="bbox 387 1267 1037 1318; baseline 0 -14"><span class='ocrx_word' id='word_1_105' title='bbox 387 1267 438 1305; x_wconf 83' lang='lat' dir='ltr'><strong>ad</strong></span> <span class='ocrx_word' id='word_1_106' title='bbox 463 1269 575 1318; x_wconf 79' lang='lat' dir='ltr'><strong>ipsum</strong></span> <span class='ocrx_word' id='word_1_107' title='bbox 603 1268 764 1317; x_wconf 80' lang='lat' dir='ltr'><em>Sepiada</em></span> <span class='ocrx_word' id='word_1_108' title='bbox 804 1268 931 1305; x_wconf 81' lang='lat' dir='ltr'><em>allisae</em></span> <span class='ocrx_word' id='word_1_109' title='bbox 953 1271 1037 1304; x_wconf 80' lang='lat' dir='ltr'><strong>sunt</strong></span> 
     </span>
     <span class='ocr_line' id='line_1_22' title="bbox 388 1323 1036 1374; baseline -0.002 -14"><span class='ocrx_word' id='word_1_110' title='bbox 388 1337 417 1360; x_wconf 95' lang='lat' dir='ltr'><strong>s.</strong></span> <span class='ocrx_word' id='word_1_111' title='bbox 442 1326 481 1361; x_wconf 83' lang='lat' dir='ltr'><strong>in</strong></span> <span class='ocrx_word' id='word_1_112' title='bbox 500 1328 627 1361; x_wconf 75' lang='lat' dir='ltr'><strong>terram</strong></span> <span class='ocrx_word' id='word_1_113' title='bbox 647 1327 876 1374; x_wconf 78' lang='lat' dir='ltr'><strong>impegerunt.</strong></span> <span class='ocrx_word' id='word_1_114' title='bbox 926 1323 1036 1368; x_wconf 81' lang='lat' dir='ltr'><strong>Quod</strong></span> 
     </span>
     <span class='ocr_line' id='line_1_23' title="bbox 386 1376 1039 1431; baseline -0.002 -14"><span class='ocrx_word' id='word_1_115' title='bbox 386 1379 569 1418; x_wconf 77' lang='lat' dir='ltr'><strong>Valcken.</strong></span> <span class='ocrx_word' id='word_1_116' title='bbox 590 1376 715 1431; x_wconf 76' lang='grc' dir='ltr'><em>αὐτήν</em></span> <span class='ocrx_word' id='word_1_117' title='bbox 731 1387 878 1417; x_wconf 86' lang='lat' dir='ltr'><strong>mutare</strong></span> <span class='ocrx_word' id='word_1_118' title='bbox 897 1381 979 1417; x_wconf 81' lang='lat' dir='ltr'><strong>vult</strong></span> <span class='ocrx_word' id='word_1_119' title='bbox 999 1381 1039 1416; x_wconf 90' lang='lat' dir='ltr'><strong>in</strong></span> 
     </span>
     <span class='ocr_line' id='line_1_24' title="bbox 387 1431 1038 1487; baseline -0.006 -11"><span class='ocrx_word' id='word_1_120' title='bbox 387 1431 513 1487; x_wconf 75' lang='grc' dir='ltr'><em>οἷκτήν</em></span> <span class='ocrx_word' id='word_1_121' title='bbox 532 1450 562 1474; x_wconf 92' lang='lat' dir='ltr'><strong>s.</strong></span> <span class='ocrx_word' id='word_1_122' title='bbox 588 1434 736 1487; x_wconf 75' lang='grc' dir='ltr'><em>ἄκρην,</em></span> <span class='ocrx_word' id='word_1_123' title='bbox 758 1450 802 1473; x_wconf 90' lang='lat' dir='ltr'><strong>eo</strong></span> <span class='ocrx_word' id='word_1_124' title='bbox 822 1435 917 1472; x_wconf 86' lang='lat' dir='ltr'><strong>nihil</strong></span> <span class='ocrx_word' id='word_1_125' title='bbox 938 1443 1038 1473; x_wconf 86' lang='lat' dir='ltr'><strong>certe</strong></span> 
     </span>
     <span class='ocr_line' id='line_1_25' title="bbox 387 1488 1039 1544; baseline -0.003 -14"><span class='ocrx_word' id='word_1_126' title='bbox 387 1506 496 1544; x_wconf 90' lang='lat' dir='ltr'><strong>opus.</strong></span> <span class='ocrx_word' id='word_1_127' title='bbox 553 1488 614 1529; x_wconf 83' lang='lat' dir='ltr'><strong>Ad</strong></span> <span class='ocrx_word' id='word_1_128' title='bbox 645 1500 913 1543; x_wconf 82' lang='lat' dir='ltr'>argumentum</span> <span class='ocrx_word' id='word_1_129' title='bbox 943 1493 1039 1529; x_wconf 92' lang='lat' dir='ltr'><strong>bene</strong></span> 
     </span>
     <span class='ocr_line' id='line_1_26' title="bbox 387 1549 1039 1586; baseline -0.002 0"><span class='ocrx_word' id='word_1_130' title='bbox 387 1549 490 1586; x_wconf 87' lang='lat' dir='ltr'><strong>idem</strong></span> <span class='ocrx_word' id='word_1_131' title='bbox 529 1549 675 1586; x_wconf 85' lang='lat' dir='ltr'><strong>confert</strong></span> <span class='ocrx_word' id='word_1_132' title='bbox 710 1550 896 1586; x_wconf 86' lang='lat' dir='ltr'><strong>Clement.</strong></span> <span class='ocrx_word' id='word_1_133' title='bbox 926 1549 1039 1585; x_wconf 83' lang='lat' dir='ltr'><strong>Alex.</strong></span> 
     </span>
     <span class='ocr_line' id='line_1_27' title="bbox 389 1606 1039 1655; baseline -0.002 -13"><span class='ocrx_word' id='word_1_134' title='bbox 389 1606 570 1643; x_wconf 78' lang='lat' dir='ltr'><strong>stromat.</strong></span> <span class='ocrx_word' id='word_1_135' title='bbox 591 1607 640 1642; x_wconf 87' lang='lat' dir='ltr'><strong>VI</strong></span> <span class='ocrx_word' id='word_1_136' title='bbox 651 1620 688 1655; x_wconf 89' lang='lat' dir='ltr'><strong>p.</strong></span> <span class='ocrx_word' id='word_1_137' title='bbox 702 1606 795 1654; x_wconf 84' lang='lat'><strong>753,</strong></span> <span class='ocrx_word' id='word_1_138' title='bbox 807 1607 859 1646; x_wconf 88' lang='grc'><strong>36</strong></span> <span class='ocrx_word' id='word_1_139' title='bbox 883 1612 918 1642; x_wconf 89' lang='lat' dir='ltr'><strong>et</strong></span> <span class='ocrx_word' id='word_1_140' title='bbox 931 1606 1039 1642; x_wconf 85' lang='lat' dir='ltr'><strong>Stra-</strong></span> 
     </span>
     <span class='ocr_line' id='line_1_28' title="bbox 388 1661 1038 1712; baseline -0.002 -12"><span class='ocrx_word' id='word_1_141' title='bbox 388 1663 478 1700; x_wconf 91' lang='lat' dir='ltr'><strong>bon.</strong></span> <span class='ocrx_word' id='word_1_142' title='bbox 500 1663 556 1698; x_wconf 88' lang='lat' dir='ltr'><strong>1X</strong></span> <span class='ocrx_word' id='word_1_143' title='bbox 575 1676 613 1712; x_wconf 82' lang='lat' dir='ltr'><strong>p.</strong></span> <span class='ocrx_word' id='word_1_144' title='bbox 631 1664 711 1702; x_wconf 85' lang='lat'><strong>675</strong></span> <span class='ocrx_word' id='word_1_145' title='bbox 734 1662 776 1698; x_wconf 85' lang='lat' dir='ltr'><strong>C.</strong></span> <span class='ocrx_word' id='word_1_146' title='bbox 796 1663 843 1701; x_wconf 89' lang='lat' dir='ltr'><strong>D.</strong></span> <span class='ocrx_word' id='word_1_147' title='bbox 881 1663 939 1698; x_wconf 88' lang='lat' dir='ltr'><strong>De</strong></span> <span class='ocrx_word' id='word_1_148' title='bbox 968 1661 1038 1699; x_wconf 82' lang='lat' dir='ltr'><strong>Se-</strong></span> 
     </span>
     <span class='ocr_line' id='line_1_29' title="bbox 385 1716 1038 1769; baseline -0.002 -14"><span class='ocrx_word' id='word_1_149' title='bbox 385 1718 495 1769; x_wconf 79' lang='lat' dir='ltr'><strong>piade</strong></span> <span class='ocrx_word' id='word_1_150' title='bbox 529 1724 565 1755; x_wconf 88' lang='lat' dir='ltr'><strong>et</strong></span> <span class='ocrx_word' id='word_1_151' title='bbox 604 1717 827 1756; x_wconf 76' lang='lat' dir='ltr'><strong>Casthanaea</strong></span> <span class='ocrx_word' id='word_1_152' title='bbox 873 1717 953 1754; x_wconf 86' lang='lat' dir='ltr'>dixi</span> <span class='ocrx_word' id='word_1_153' title='bbox 989 1716 1038 1754; x_wconf 87' lang='lat' dir='ltr'><strong>ad</strong></span> 
     </span>
     <span class='ocr_line' id='line_1_30' title="bbox 389 1775 585 1822; baseline 0.005 -10"><span class='ocrx_word' id='word_1_154' title='bbox 389 1775 468 1822; x_wconf 89' lang='lat' dir='ltr'><strong>VII,</strong></span> <span class='ocrx_word' id='word_1_155' title='bbox 493 1776 585 1815; x_wconf 84' lang='lat'><strong>183.</strong></span> 
     </span>
    </p>

    <p class='ocr_par' dir='ltr' id='par_1_8' title="bbox 447 1829 1037 1881">
     <span class='ocr_line' id='line_1_31' title="bbox 447 1829 1037 1881; baseline -0.007 -11"><span class='ocrx_word' id='word_1_156' title='bbox 447 1829 486 1877; x_wconf 77' lang='grc' dir='ltr'><strong>ἐς</strong></span> <span class='ocrx_word' id='word_1_157' title='bbox 507 1830 762 1881; x_wconf 82' lang='grc' dir='ltr'><strong>Μελίβοιαν]</strong></span> <span class='ocrx_word' id='word_1_158' title='bbox 787 1829 995 1868; x_wconf 68' lang='grc' dir='ltr'><strong>,Μείίόοεανη</strong></span> <span class='ocrx_word' id='word_1_159' title='bbox 1016 1842 1037 1866; x_wconf 86' lang='lat' dir='ltr'>a</span> 
     </span>
    </p>
   </div>
   <div class='ocr_carea' id='block_1_7' title="bbox 389 1885 1044 1981">
    <p class='ocr_par' dir='ltr' id='par_1_9' title="bbox 389 1885 1044 1981">
     <span class='ocr_line' id='line_1_32' title="bbox 389 1885 1043 1938; baseline -0.002 -14"><span class='ocrx_word' id='word_1_160' title='bbox 389 1887 642 1938; x_wconf 76' lang='lat' dir='ltr'>septentrione.</span> <span class='ocrx_word' id='word_1_161' title='bbox 655 1886 826 1938; x_wconf 84' lang='lat' dir='ltr'><strong>Sepiadis</strong></span> <span class='ocrx_word' id='word_1_162' title='bbox 837 1893 873 1923; x_wconf 91' lang='lat' dir='ltr'><strong>et</strong></span> <span class='ocrx_word' id='word_1_163' title='bbox 885 1885 1043 1924; x_wconf 58' lang='lat' dir='ltr'><strong>easthaq</strong></span> 
     </span>
     <span class='ocr_line' id='line_1_33' title="bbox 389 1943 1044 1981; baseline 0 -2"><span class='ocrx_word' id='word_1_164' title='bbox 389 1956 507 1980; x_wconf 85' lang='lat' dir='ltr'><strong>naeae</strong></span> <span class='ocrx_word' id='word_1_165' title='bbox 546 1943 658 1981; x_wconf 80' lang='lat' dir='ltr'><strong>fuisse</strong></span> <span class='ocrx_word' id='word_1_166' title='bbox 698 1945 808 1981; x_wconf 80' lang='lat' dir='ltr'><strong>sitam</strong></span> <span class='ocrx_word' id='word_1_167' title='bbox 852 1944 891 1979; x_wconf 89' lang='lat' dir='ltr'><strong>in</strong></span> <span class='ocrx_word' id='word_1_168' title='bbox 929 1944 1044 1979; x_wconf 87' lang='lat' dir='ltr'><strong>maris</strong></span> 
     </span>
    </p>
   </div>
   <div class='ocr_carea' id='block_1_8' title="bbox 390 1999 1041 2833">
    <p class='ocr_par' dir='ltr' id='par_1_10' title="bbox 390 1999 1041 2833">
     <span class='ocr_line' id='line_1_34' title="bbox 392 1999 1040 2051; baseline -0.002 -15"><span class='ocrx_word' id='word_1_169' title='bbox 392 1999 558 2051; x_wconf 81' lang='lat' dir='ltr'><strong>quodam</strong></span> <span class='ocrx_word' id='word_1_170' title='bbox 605 2000 690 2037; x_wconf 89' lang='lat' dir='ltr'><strong>sinu</strong></span> <span class='ocrx_word' id='word_1_171' title='bbox 743 2000 935 2051; x_wconf 83' lang='lat' dir='ltr'>probabile</span> <span class='ocrx_word' id='word_1_172' title='bbox 972 2005 1040 2036; x_wconf 84' lang='lat' dir='ltr'><strong>est.</strong></span> 
     </span>
     <span class='ocr_line' id='line_1_35' title="bbox 390 2055 1041 2106; baseline -0.002 -14"><span class='ocrx_word' id='word_1_173' title='bbox 390 2055 477 2092; x_wconf 86' lang='lat' dir='ltr'><strong>vid.</strong></span> <span class='ocrx_word' id='word_1_174' title='bbox 506 2057 590 2092; x_wconf 82' lang='lat' dir='ltr'><strong>Liv.</strong></span> <span class='ocrx_word' id='word_1_175' title='bbox 620 2057 763 2103; x_wconf 88' lang='lat' dir='ltr'>XLIV,</span> <span class='ocrx_word' id='word_1_176' title='bbox 796 2059 846 2096; x_wconf 82' lang='lat'><strong>13</strong></span> <span class='ocrx_word' id='word_1_177' title='bbox 877 2063 925 2102; x_wconf 86' lang='lat' dir='ltr'><strong>et,</strong></span> <span class='ocrx_word' id='word_1_178' title='bbox 974 2056 1041 2106; x_wconf 90' lang='lat' dir='ltr'><strong>qui</strong></span> 
     </span>
     <span class='ocr_line' id='line_1_36' title="bbox 390 2111 1040 2158; baseline -0.002 -9"><span class='ocrx_word' id='word_1_179' title='bbox 390 2125 481 2149; x_wconf 85' lang='lat' dir='ltr'><strong>cum</strong></span> <span class='ocrx_word' id='word_1_180' title='bbox 501 2111 694 2149; x_wconf 84' lang='lat' dir='ltr'><strong>Herodoto</strong></span> <span class='ocrx_word' id='word_1_181' title='bbox 706 2113 903 2158; x_wconf 86' lang='lat' dir='ltr'><strong>consentit,</strong></span> <span class='ocrx_word' id='word_1_182' title='bbox 915 2112 1040 2148; x_wconf 89' lang='lat' dir='ltr'><strong>Strab.</strong></span> 
     </span>
     <span class='ocr_line' id='line_1_37' title="bbox 391 2167 1040 2218; baseline -0.003 -13"><span class='ocrx_word' id='word_1_183' title='bbox 391 2170 446 2203; x_wconf 87' lang='lat' dir='ltr'><strong>lx</strong></span> <span class='ocrx_word' id='word_1_184' title='bbox 467 2182 504 2217; x_wconf 89' lang='lat' dir='ltr'><strong>p.</strong></span> <span class='ocrx_word' id='word_1_185' title='bbox 527 2167 607 2208; x_wconf 85' lang='lat'><strong>305</strong></span> <span class='ocrx_word' id='word_1_186' title='bbox 628 2182 656 2205; x_wconf 80' lang='lat' dir='ltr'><strong>S.</strong></span> <span class='ocrx_word' id='word_1_187' title='bbox 677 2167 771 2208; x_wconf 83' lang='lat'><strong>443.</strong></span> <span class='ocrx_word' id='word_1_188' title='bbox 831 2168 981 2218; x_wconf 85' lang='lat' dir='ltr'><strong>Scylac.</strong></span> <span class='ocrx_word' id='word_1_189' title='bbox 1002 2168 1040 2211; x_wconf 68' lang='grc' dir='ltr'><strong>ξ.</strong></span> 
     </span>
     <span class='ocr_line' id='line_1_38' title="bbox 393 2222 1041 2274; baseline -0.009 -11"><span class='ocrx_word' id='word_1_190' title='bbox 393 2225 445 2263; x_wconf 89' lang='grc'><strong>66</strong></span> <span class='ocrx_word' id='word_1_191' title='bbox 462 2237 498 2273; x_wconf 90' lang='lat' dir='ltr'><strong>p.</strong></span> <span class='ocrx_word' id='word_1_192' title='bbox 518 2224 571 2264; x_wconf 80' lang='lat'><strong>25</strong></span> <span class='ocrx_word' id='word_1_193' title='bbox 599 2237 628 2260; x_wconf 89' lang='lat' dir='ltr'><strong>s.</strong></span> <span class='ocrx_word' id='word_1_194' title='bbox 650 2237 686 2274; x_wconf 90' lang='lat' dir='ltr'><strong>p.</strong></span> <span class='ocrx_word' id='word_1_195' title='bbox 716 2226 796 2263; x_wconf 85' lang='lat'><strong>277</strong></span> <span class='ocrx_word' id='word_1_196' title='bbox 828 2224 937 2270; x_wconf 67' lang='lat' dir='ltr'><strong>Gan„</strong></span> <span class='ocrx_word' id='word_1_197' title='bbox 976 2222 1041 2258; x_wconf 89' lang='lat' dir='ltr'><strong>ubi</strong></span> 
     </span>
     <span class='ocr_line' id='line_1_39' title="bbox 392 2279 1040 2327; baseline -0.002 -14"><span class='ocrx_word' id='word_1_198' title='bbox 392 2279 491 2314; x_wconf 86' lang='lat' dir='ltr'><strong>inter</strong></span> <span class='ocrx_word' id='word_1_199' title='bbox 530 2280 753 2327; x_wconf 78' lang='lat' dir='ltr'><strong>Magnetum</strong></span> <span class='ocrx_word' id='word_1_200' title='bbox 784 2279 894 2314; x_wconf 86' lang='lat' dir='ltr'><strong>urbes</strong></span> <span class='ocrx_word' id='word_1_201' title='bbox 933 2284 1040 2313; x_wconf 85' lang='lat' dir='ltr'><strong>extra</strong></span> 
     </span>
     <span class='ocr_line' id='line_1_40' title="bbox 392 2331 1038 2383; baseline 0 -13"><span class='ocrx_word' id='word_1_202' title='bbox 392 2334 519 2370; x_wconf 85' lang='lat' dir='ltr'><strong>sinum</strong></span> <span class='ocrx_word' id='word_1_203' title='bbox 555 2335 818 2383; x_wconf 80' lang='lat' dir='ltr'><strong>Pagasetioum</strong></span> <span class='ocrx_word' id='word_1_204' title='bbox 865 2331 1038 2370; x_wconf 75' lang='lat' dir='ltr'><strong>Meliboea</strong></span> 
     </span>
     <span class='ocr_line' id='line_1_41' title="bbox 391 2387 1038 2440; baseline -0.005 -13"><span class='ocrx_word' id='word_1_205' title='bbox 391 2396 558 2436; x_wconf 77' lang='lat' dir='ltr'><strong>vocatur,</strong></span> <span class='ocrx_word' id='word_1_206' title='bbox 607 2402 723 2440; x_wconf 82' lang='lat' dir='ltr'><strong>quam</strong></span> <span class='ocrx_word' id='word_1_207' title='bbox 763 2387 924 2424; x_wconf 82' lang='lat' dir='ltr'><strong>eandem</strong></span> <span class='ocrx_word' id='word_1_208' title='bbox 961 2401 1038 2425; x_wconf 90' lang='lat' dir='ltr'><strong>non</strong></span> 
     </span>
     <span class='ocr_line' id='line_1_42' title="bbox 392 2443 1038 2497; baseline -0.005 -14"><span class='ocrx_word' id='word_1_209' title='bbox 392 2447 498 2483; x_wconf 86' lang='lat' dir='ltr'><strong>aliter</strong></span> <span class='ocrx_word' id='word_1_210' title='bbox 518 2452 630 2497; x_wconf 83' lang='lat' dir='ltr'><strong>atque</strong></span> <span class='ocrx_word' id='word_1_211' title='bbox 662 2443 956 2491; x_wconf 82' lang='lat' dir='ltr'><strong>Casthauaeam‚</strong></span> <span class='ocrx_word' id='word_1_212' title='bbox 995 2451 1038 2481; x_wconf 91' lang='lat' dir='ltr'><strong>ut</strong></span> 
     </span>
     <span class='ocr_line' id='line_1_43' title="bbox 391 2499 1037 2547; baseline -0.003 -9"><span class='ocrx_word' id='word_1_213' title='bbox 391 2503 519 2539; x_wconf 83' lang='lat' dir='ltr'><strong>notavi</strong></span> <span class='ocrx_word' id='word_1_214' title='bbox 530 2501 576 2537; x_wconf 81' lang='lat' dir='ltr'><strong>ad</strong></span> <span class='ocrx_word' id='word_1_215' title='bbox 588 2502 666 2547; x_wconf 90' lang='lat' dir='ltr'><strong>Vll,</strong></span> <span class='ocrx_word' id='word_1_216' title='bbox 680 2503 769 2547; x_wconf 88' lang='grc'><strong>183,</strong></span> <span class='ocrx_word' id='word_1_217' title='bbox 783 2500 897 2537; x_wconf 89' lang='lat' dir='ltr'><strong>modo</strong></span> <span class='ocrx_word' id='word_1_218' title='bbox 910 2499 1037 2538; x_wconf 89' lang='lat' dir='ltr'><strong>Thes-</strong></span> 
     </span>
     <span class='ocr_line' id='line_1_44' title="bbox 392 2556 1038 2604; baseline -0.002 -9"><span class='ocrx_word' id='word_1_219' title='bbox 392 2559 520 2604; x_wconf 81' lang='lat' dir='ltr'><strong>saliae,</strong></span> <span class='ocrx_word' id='word_1_220' title='bbox 547 2556 662 2594; x_wconf 88' lang='lat' dir='ltr'><strong>modo</strong></span> <span class='ocrx_word' id='word_1_221' title='bbox 693 2557 937 2594; x_wconf 82' lang='lat' dir='ltr'><strong>Macedoniae</strong></span> <span class='ocrx_word' id='word_1_222' title='bbox 967 2557 1038 2594; x_wconf 81' lang='lat' dir='ltr'><strong>ad-</strong></span> 
     </span>
     <span class='ocr_line' id='line_1_45' title="bbox 392 2612 1037 2652; baseline -0.003 0"><span class='ocrx_word' id='word_1_223' title='bbox 392 2615 572 2652; x_wconf 87' lang='lat' dir='ltr'><strong>scribunt.</strong></span> <span class='ocrx_word' id='word_1_224' title='bbox 618 2613 726 2651; x_wconf 89' lang='lat' dir='ltr'><strong>Cons.</strong></span> <span class='ocrx_word' id='word_1_225' title='bbox 749 2612 966 2650; x_wconf 85' lang='lat' dir='ltr'><strong>Tzschuck.</strong></span> <span class='ocrx_word' id='word_1_226' title='bbox 989 2612 1037 2650; x_wconf 85' lang='lat' dir='ltr'><strong>ad</strong></span> 
     </span>
     <span class='ocr_line' id='line_1_46' title="bbox 391 2671 1038 2720; baseline 0.002 -14"><span class='ocrx_word' id='word_1_227' title='bbox 391 2671 482 2708; x_wconf 79' lang='lat' dir='ltr'><strong>Mel.</strong></span> <span class='ocrx_word' id='word_1_228' title='bbox 516 2671 562 2716; x_wconf 88' lang='lat' dir='ltr'><strong>ll,</strong></span> <span class='ocrx_word' id='word_1_229' title='bbox 587 2672 610 2710; x_wconf 86' lang='lat'><strong>3</strong></span> <span class='ocrx_word' id='word_1_230' title='bbox 633 2671 667 2714; x_wconf 85' lang='lat'><strong>§.</strong></span> <span class='ocrx_word' id='word_1_231' title='bbox 692 2673 709 2709; x_wconf 92' lang='lat' dir='ltr'>l</span> <span class='ocrx_word' id='word_1_232' title='bbox 736 2677 830 2706; x_wconf 87' lang='lat' dir='ltr'><strong>nott.</strong></span> <span class='ocrx_word' id='word_1_233' title='bbox 852 2683 984 2720; x_wconf 77' lang='lat' dir='ltr'><strong>exegg.</strong></span> <span class='ocrx_word' id='word_1_234' title='bbox 1001 2683 1038 2720; x_wconf 91' lang='lat' dir='ltr'><strong>p.</strong></span> 
     </span>
     <span class='ocr_line' id='line_1_47' title="bbox 395 2727 1039 2776; baseline -0.003 -11"><span class='ocrx_word' id='word_1_235' title='bbox 395 2729 472 2766; x_wconf 86' lang='lat'><strong>169</strong></span> <span class='ocrx_word' id='word_1_236' title='bbox 493 2727 578 2764; x_wconf 89' lang='lat' dir='ltr'><strong>coll.</strong></span> <span class='ocrx_word' id='word_1_237' title='bbox 599 2727 785 2762; x_wconf 82' lang='lat' dir='ltr'><strong>Maunert.</strong></span> <span class='ocrx_word' id='word_1_238' title='bbox 806 2727 872 2763; x_wconf 66' lang='lat' dir='ltr'><strong>Vll</strong></span> <span class='ocrx_word' id='word_1_239' title='bbox 894 2727 1039 2776; x_wconf 79' lang='lat' dir='ltr'><strong>p.597.</strong></span> 
     </span>
     <span class='ocr_line' id='line_1_48' title="bbox 393 2783 1041 2833; baseline -0.002 -14"><span class='ocrx_word' id='word_1_240' title='bbox 393 2784 522 2833; x_wconf 86' lang='lat' dir='ltr'><strong>Ipsum</strong></span> <span class='ocrx_word' id='word_1_241' title='bbox 561 2795 703 2820; x_wconf 86' lang='lat' dir='ltr'><strong>nomeu</strong></span> <span class='ocrx_word' id='word_1_242' title='bbox 735 2795 822 2820; x_wconf 88' lang='lat' dir='ltr'><strong>vere</strong></span> <span class='ocrx_word' id='word_1_243' title='bbox 852 2783 1041 2819; x_wconf 81' lang='lat' dir='ltr'><strong>Graecum</strong></span> 
     </span>
    </p>
   </div>
   <div class='ocr_carea' id='block_1_9' title="bbox 1095 818 1751 2608">
    <p class='ocr_par' dir='ltr' id='par_1_11' title="bbox 1095 818 1751 2608">
     <span class='ocr_line' id='line_1_49' title="bbox 1095 818 1746 867; baseline -0.002 -11"><span class='ocrx_word' id='word_1_244' title='bbox 1095 818 1192 856; x_wconf 78' lang='lat' dir='ltr'><strong>melle</strong></span> <span class='ocrx_word' id='word_1_245' title='bbox 1221 818 1265 867; x_wconf 83' lang='lat' dir='ltr'><strong>(i.</strong></span> <span class='ocrx_word' id='word_1_246' title='bbox 1279 832 1311 855; x_wconf 91' lang='lat' dir='ltr'><strong>e.</strong></span> <span class='ocrx_word' id='word_1_247' title='bbox 1327 818 1442 867; x_wconf 80' lang='lat' dir='ltr'><strong>dulce)</strong></span> <span class='ocrx_word' id='word_1_248' title='bbox 1460 821 1665 856; x_wconf 75' lang='lat' dir='ltr'><strong>nutrientem</strong></span> <span class='ocrx_word' id='word_1_249' title='bbox 1683 818 1746 854; x_wconf 89' lang='lat' dir='ltr'><strong>in-</strong></span> 
     </span>
     <span class='ocr_line' id='line_1_50' title="bbox 1095 874 1746 926; baseline -0.003 -14"><span class='ocrx_word' id='word_1_250' title='bbox 1095 874 1220 912; x_wconf 82' lang='lat' dir='ltr'><strong>dicare</strong></span> <span class='ocrx_word' id='word_1_251' title='bbox 1240 874 1407 924; x_wconf 77' lang='lat' dir='ltr'><strong>videtur3</strong></span> <span class='ocrx_word' id='word_1_252' title='bbox 1441 889 1490 911; x_wconf 88' lang='lat' dir='ltr'><strong>ex</strong></span> <span class='ocrx_word' id='word_1_253' title='bbox 1509 888 1585 926; x_wconf 84' lang='lat' dir='ltr'><strong>quo</strong></span> <span class='ocrx_word' id='word_1_254' title='bbox 1605 887 1746 925; x_wconf 87' lang='lat' dir='ltr'><strong>genere</strong></span> 
     </span>
     <span class='ocr_line' id='line_1_51' title="bbox 1098 926 1745 982; baseline 0.002 -14"><span class='ocrx_word' id='word_1_255' title='bbox 1098 937 1187 968; x_wconf 89' lang='lat' dir='ltr'><strong>sunt</strong></span> <span class='ocrx_word' id='word_1_256' title='bbox 1211 931 1424 982; x_wconf 86' lang='grc' dir='ltr'><em>Περίβοια,</em></span> <span class='ocrx_word' id='word_1_257' title='bbox 1458 929 1625 982; x_wconf 77' lang='grc' dir='ltr'><em>Εὔβοια,</em></span> <span class='ocrx_word' id='word_1_258' title='bbox 1648 926 1745 969; x_wconf 77' lang='grc' dir='ltr'><strong>Ἀλ-</strong></span> 
     </span>
     <span class='ocr_line' id='line_1_52' title="bbox 1097 982 1744 1038; baseline -0.005 -13"><span class='ocrx_word' id='word_1_259' title='bbox 1097 987 1303 1037; x_wconf 85' lang='grc' dir='ltr'><em>φεσίβοια,</em></span> <span class='ocrx_word' id='word_1_260' title='bbox 1363 982 1589 1037; x_wconf 78' lang='grc' dir='ltr'><em>Πολύβοια,</em></span> <span class='ocrx_word' id='word_1_261' title='bbox 1646 999 1744 1038; x_wconf 84' lang='lat' dir='ltr'><strong>quae</strong></span> 
     </span>
     <span class='ocr_line' id='line_1_53' title="bbox 1097 1042 1747 1094; baseline -0.002 -15"><span class='ocrx_word' id='word_1_262' title='bbox 1097 1042 1257 1079; x_wconf 85' lang='lat' dir='ltr'><strong>deorum</strong></span> <span class='ocrx_word' id='word_1_263' title='bbox 1286 1055 1438 1094; x_wconf 86' lang='lat' dir='ltr'><strong>quoque</strong></span> <span class='ocrx_word' id='word_1_264' title='bbox 1467 1049 1555 1079; x_wconf 84' lang='lat' dir='ltr'><strong>sunt</strong></span> <span class='ocrx_word' id='word_1_265' title='bbox 1589 1044 1747 1079; x_wconf 75' lang='lat' dir='ltr'><strong>nomIna</strong></span> 
     </span>
     <span class='ocr_line' id='line_1_54' title="bbox 1095 1098 1748 1150; baseline 0.005 -15"><span class='ocrx_word' id='word_1_266' title='bbox 1095 1112 1174 1136; x_wconf 85' lang='lat' dir='ltr'><strong>non</strong></span> <span class='ocrx_word' id='word_1_267' title='bbox 1191 1100 1296 1135; x_wconf 85' lang='lat' dir='ltr'><strong>aliter</strong></span> <span class='ocrx_word' id='word_1_268' title='bbox 1315 1100 1393 1135; x_wconf 86' lang='lat' dir='ltr'><strong>fere</strong></span> <span class='ocrx_word' id='word_1_269' title='bbox 1414 1106 1527 1150; x_wconf 85' lang='lat' dir='ltr'><strong>atque</strong></span> <span class='ocrx_word' id='word_1_270' title='bbox 1546 1098 1748 1149; x_wconf 82' lang='grc' dir='ltr'><em>Μελίβοια</em></span> 
     </span>
     <span class='ocr_line' id='line_1_55' title="bbox 1097 1154 1747 1206; baseline 0 -14"><span class='ocrx_word' id='word_1_271' title='bbox 1097 1154 1200 1206; x_wconf 81' lang='lat' dir='ltr'><strong>apud</strong></span> <span class='ocrx_word' id='word_1_272' title='bbox 1235 1156 1398 1206; x_wconf 86' lang='lat' dir='ltr'><strong>Argivos</strong></span> <span class='ocrx_word' id='word_1_273' title='bbox 1431 1155 1635 1192; x_wconf 84' lang='lat' dir='ltr'><strong>vocabatur</strong></span> <span class='ocrx_word' id='word_1_274' title='bbox 1653 1155 1747 1192; x_wconf 88' lang='lat' dir='ltr'><strong>Nio-</strong></span> 
     </span>
     <span class='ocr_line' id='line_1_56' title="bbox 1098 1211 1748 1262; baseline 0.002 -14"><span class='ocrx_word' id='word_1_275' title='bbox 1098 1211 1162 1249; x_wconf 88' lang='lat' dir='ltr'><strong>bes</strong></span> <span class='ocrx_word' id='word_1_276' title='bbox 1182 1211 1279 1260; x_wconf 84' lang='lat' dir='ltr'><strong>filia,</strong></span> <span class='ocrx_word' id='word_1_277' title='bbox 1311 1224 1408 1262; x_wconf 85' lang='lat' dir='ltr'><strong>quae</strong></span> <span class='ocrx_word' id='word_1_278' title='bbox 1429 1211 1508 1248; x_wconf 84' lang='lat' dir='ltr'><strong>aliis</strong></span> <span class='ocrx_word' id='word_1_279' title='bbox 1530 1217 1608 1247; x_wconf 86' lang='lat' dir='ltr'><strong>erat</strong></span> <span class='ocrx_word' id='word_1_280' title='bbox 1630 1212 1748 1249; x_wconf 74' lang='grc' dir='ltr'><em>Χλῶ-</em></span> 
     </span>
     <span class='ocr_line' id='line_1_57' title="bbox 1097 1267 1747 1319; baseline -0.006 -12"><span class='ocrx_word' id='word_1_281' title='bbox 1097 1283 1157 1319; x_wconf 86' lang='grc' dir='ltr'><strong>ρις</strong></span> <span class='ocrx_word' id='word_1_282' title='bbox 1184 1268 1211 1305; x_wconf 91' lang='lat' dir='ltr'><strong>i.</strong></span> <span class='ocrx_word' id='word_1_283' title='bbox 1232 1281 1266 1304; x_wconf 89' lang='lat' dir='ltr'><strong>e.</strong></span> <span class='ocrx_word' id='word_1_284' title='bbox 1296 1269 1422 1305; x_wconf 85' lang='lat' dir='ltr'><strong>Flora.</strong></span> <span class='ocrx_word' id='word_1_285' title='bbox 1477 1267 1613 1317; x_wconf 81' lang='lat' dir='ltr'><strong>Attigit</strong></span> <span class='ocrx_word' id='word_1_286' title='bbox 1631 1267 1747 1305; x_wconf 87' lang='lat' dir='ltr'><strong>Wel-</strong></span> 
     </span>
     <span class='ocr_line' id='line_1_58' title="bbox 1098 1321 1749 1375; baseline -0.002 -15"><span class='ocrx_word' id='word_1_287' title='bbox 1098 1324 1201 1361; x_wconf 87' lang='lat' dir='ltr'><strong>cker.</strong></span> <span class='ocrx_word' id='word_1_288' title='bbox 1225 1323 1272 1360; x_wconf 88' lang='lat' dir='ltr'><strong>ad</strong></span> <span class='ocrx_word' id='word_1_289' title='bbox 1284 1321 1513 1362; x_wconf 83' lang='lat' dir='ltr'><strong>Schwenck.</strong></span> <span class='ocrx_word' id='word_1_290' title='bbox 1529 1323 1749 1375; x_wconf 87' lang='lat' dir='ltr'><strong>Etymolog.</strong></span> 
     </span>
     <span class='ocr_line' id='line_1_59' title="bbox 1098 1379 1747 1432; baseline 0.003 -16"><span class='ocrx_word' id='word_1_291' title='bbox 1098 1379 1337 1432; x_wconf 81' lang='lat' dir='ltr'><strong>mythologg.</strong></span> <span class='ocrx_word' id='word_1_292' title='bbox 1353 1380 1637 1429; x_wconf 85' lang='lat' dir='ltr'><strong>Andeutungen</strong></span> <span class='ocrx_word' id='word_1_293' title='bbox 1657 1391 1747 1430; x_wconf 82' lang='lat' dir='ltr'><strong>pag.</strong></span> 
     </span>
     <span class='ocr_line' id='line_1_60' title="bbox 1100 1436 1749 1488; baseline -0.009 -11"><span class='ocrx_word' id='word_1_294' title='bbox 1100 1438 1180 1477; x_wconf 78' lang='lat'><strong>298</strong></span> <span class='ocrx_word' id='word_1_295' title='bbox 1209 1438 1338 1488; x_wconf 83' lang='lat' dir='ltr'><strong>ibique</strong></span> <span class='ocrx_word' id='word_1_296' title='bbox 1368 1438 1530 1473; x_wconf 84' lang='lat' dir='ltr'><strong>Pausan.</strong></span> <span class='ocrx_word' id='word_1_297' title='bbox 1557 1437 1604 1483; x_wconf 86' lang='lat' dir='ltr'><strong>ll,</strong></span> <span class='ocrx_word' id='word_1_298' title='bbox 1634 1438 1684 1476; x_wconf 80' lang='lat'><strong>21</strong></span> <span class='ocrx_word' id='word_1_299' title='bbox 1709 1436 1749 1480; x_wconf 84' lang='lat'><strong>§.</strong></span> 
     </span>
     <span class='ocr_line' id='line_1_61' title="bbox 1103 1491 1748 1541; baseline -0.014 -6"><span class='ocrx_word' id='word_1_300' title='bbox 1103 1495 1167 1532; x_wconf 84' lang='lat'><strong>10-</strong></span> <span class='ocrx_word' id='word_1_301' title='bbox 1198 1494 1243 1541; x_wconf 88' lang='lat' dir='ltr'><strong>V,</strong></span> <span class='ocrx_word' id='word_1_302' title='bbox 1277 1496 1326 1533; x_wconf 88' lang='grc'><strong>16</strong></span> <span class='ocrx_word' id='word_1_303' title='bbox 1356 1494 1392 1538; x_wconf 78' lang='lat'><strong>§.</strong></span> <span class='ocrx_word' id='word_1_304' title='bbox 1426 1496 1465 1533; x_wconf 86' lang='lat'><strong>3.</strong></span> <span class='ocrx_word' id='word_1_305' title='bbox 1495 1515 1545 1519; x_wconf 97' lang='lat'><strong>—-</strong></span> <span class='ocrx_word' id='word_1_306' title='bbox 1579 1491 1748 1529; x_wconf 87' lang='lat' dir='ltr'><strong>Verbum</strong></span> 
     </span>
     <span class='ocr_line' id='line_1_62' title="bbox 1101 1544 1750 1600; baseline -0.003 -14"><span class='ocrx_word' id='word_1_307' title='bbox 1101 1544 1392 1598; x_wconf 75' lang='grc' dir='ltr'><em>ἑκβρὰσσεσθαι</em></span> <span class='ocrx_word' id='word_1_308' title='bbox 1420 1548 1611 1586; x_wconf 81' lang='lat' dir='ltr'><strong>invenitur</strong></span> <span class='ocrx_word' id='word_1_309' title='bbox 1650 1560 1750 1600; x_wconf 89' lang='lat' dir='ltr'><strong>quo-</strong></span> 
     </span>
     <span class='ocr_line' id='line_1_63' title="bbox 1098 1603 1748 1655; baseline 0 -15"><span class='ocrx_word' id='word_1_310' title='bbox 1098 1616 1173 1655; x_wconf 92' lang='lat' dir='ltr'><strong>que</strong></span> <span class='ocrx_word' id='word_1_311' title='bbox 1194 1606 1275 1651; x_wconf 91' lang='lat' dir='ltr'><strong>VII,</strong></span> <span class='ocrx_word' id='word_1_312' title='bbox 1305 1607 1382 1646; x_wconf 82' lang='lat'><strong>190</strong></span> <span class='ocrx_word' id='word_1_313' title='bbox 1407 1603 1455 1641; x_wconf 90' lang='lat' dir='ltr'><strong>de</strong></span> <span class='ocrx_word' id='word_1_314' title='bbox 1486 1605 1555 1651; x_wconf 74' lang='lat' dir='ltr'><strong>iis,</strong></span> <span class='ocrx_word' id='word_1_315' title='bbox 1596 1616 1693 1655; x_wconf 82' lang='lat' dir='ltr'><strong>quae</strong></span> <span class='ocrx_word' id='word_1_316' title='bbox 1726 1615 1748 1640; x_wconf 83' lang='lat' dir='ltr'>a</span> 
     </span>
     <span class='ocr_line' id='line_1_64' title="bbox 1096 1660 1749 1711; baseline -0.002 -15"><span class='ocrx_word' id='word_1_317' title='bbox 1096 1661 1192 1698; x_wconf 84' lang='lat' dir='ltr'><strong>mari</strong></span> <span class='ocrx_word' id='word_1_318' title='bbox 1233 1662 1372 1711; x_wconf 78' lang='lat' dir='ltr'><strong>agitato</strong></span> <span class='ocrx_word' id='word_1_319' title='bbox 1403 1668 1516 1711; x_wconf 83' lang='lat' dir='ltr'><strong>atque</strong></span> <span class='ocrx_word' id='word_1_320' title='bbox 1546 1660 1749 1696; x_wconf 85' lang='lat' dir='ltr'><strong>ebulliente</strong></span> 
     </span>
     <span class='ocr_line' id='line_1_65' title="bbox 1097 1714 1750 1754; baseline 0 -2"><span class='ocrx_word' id='word_1_321' title='bbox 1097 1715 1146 1753; x_wconf 85' lang='lat' dir='ltr'><strong>ad</strong></span> <span class='ocrx_word' id='word_1_322' title='bbox 1162 1717 1248 1754; x_wconf 88' lang='lat' dir='ltr'><strong>litus</strong></span> <span class='ocrx_word' id='word_1_323' title='bbox 1270 1718 1482 1754; x_wconf 89' lang='lat' dir='ltr'><strong>eiiciuntur.</strong></span> <span class='ocrx_word' id='word_1_324' title='bbox 1530 1714 1614 1753; x_wconf 88' lang='lat' dir='ltr'><strong>Vid.</strong></span> <span class='ocrx_word' id='word_1_325' title='bbox 1630 1717 1750 1753; x_wconf 88' lang='lat' dir='ltr'><strong>Wes-</strong></span> 
     </span>
     <span class='ocr_line' id='line_1_66' title="bbox 1096 1770 1751 1823; baseline -0.002 -13"><span class='ocrx_word' id='word_1_326' title='bbox 1096 1773 1230 1823; x_wconf 82' lang='lat' dir='ltr'><strong>seling.</strong></span> <span class='ocrx_word' id='word_1_327' title='bbox 1260 1772 1308 1809; x_wconf 83' lang='lat' dir='ltr'><strong>ad</strong></span> <span class='ocrx_word' id='word_1_328' title='bbox 1345 1772 1500 1810; x_wconf 86' lang='lat' dir='ltr'><strong>Diodor.</strong></span> <span class='ocrx_word' id='word_1_329' title='bbox 1539 1770 1644 1820; x_wconf 87' lang='lat' dir='ltr'>XIV,</span> <span class='ocrx_word' id='word_1_330' title='bbox 1683 1774 1751 1813; x_wconf 83' lang='lat'><strong>68.</strong></span> 
     </span>
     <span class='ocr_line' id='line_1_67' title="bbox 1099 1826 1750 1878; baseline -0.003 -12"><span class='ocrx_word' id='word_1_331' title='bbox 1099 1830 1264 1866; x_wconf 87' lang='lat' dir='ltr'><strong>Pausan.</strong></span> <span class='ocrx_word' id='word_1_332' title='bbox 1284 1830 1349 1877; x_wconf 88' lang='lat'><strong>111,</strong></span> <span class='ocrx_word' id='word_1_333' title='bbox 1371 1828 1424 1870; x_wconf 78' lang='lat'><strong>24</strong></span> <span class='ocrx_word' id='word_1_334' title='bbox 1440 1830 1477 1874; x_wconf 68' lang='grc' dir='ltr'><strong>ξ.</strong></span> <span class='ocrx_word' id='word_1_335' title='bbox 1491 1830 1529 1869; x_wconf 90' lang='grc'><strong>3.</strong></span> <span class='ocrx_word' id='word_1_336' title='bbox 1550 1829 1680 1878; x_wconf 89' lang='lat' dir='ltr'><strong>Toup.</strong></span> <span class='ocrx_word' id='word_1_337' title='bbox 1701 1826 1750 1865; x_wconf 83' lang='lat' dir='ltr'><strong>ad</strong></span> 
     </span>
     <span class='ocr_line' id='line_1_68' title="bbox 1099 1882 1750 1943; baseline -0.005 -21"><span class='ocrx_word' id='word_1_338' title='bbox 1099 1887 1266 1943; x_wconf 71' lang='lat' dir='ltr'><strong>Longin.</strong></span> <span class='ocrx_word' id='word_1_339' title='bbox 1285 1887 1339 1926; x_wconf 80' lang='lat'><strong>43</strong></span> <span class='ocrx_word' id='word_1_340' title='bbox 1352 1887 1389 1931; x_wconf 62' lang='grc' dir='ltr'><strong>ξ.</strong></span> <span class='ocrx_word' id='word_1_341' title='bbox 1412 1889 1429 1926; x_wconf 91' lang='grc'><strong>1</strong></span> <span class='ocrx_word' id='word_1_342' title='bbox 1446 1899 1484 1936; x_wconf 83' lang='grc' dir='ltr'><strong>Ρ.</strong></span> <span class='ocrx_word' id='word_1_343' title='bbox 1504 1884 1585 1925; x_wconf 88' lang='grc'><strong>466</strong></span> <span class='ocrx_word' id='word_1_344' title='bbox 1597 1882 1750 1922; x_wconf 85' lang='lat' dir='ltr'><strong>Weisk.</strong></span> 
     </span>
     <span class='ocr_line' id='line_1_69' title="bbox 1100 1954 1750 2050; baseline -0.008 -13"><span class='ocrx_word' id='word_1_345' title='bbox 1100 1954 1750 2050; x_wconf 42' lang='lat' dir='ltr'><strong>490235350314222‘‘gzffissffs’stff</strong></span> 
     </span>
     <span class='ocr_line' id='line_1_70' title="bbox 1101 2052 1750 2107; baseline -0.008 -14"><span class='ocrx_word' id='word_1_346' title='bbox 1101 2056 1230 2107; x_wconf 82' lang='grc' dir='ltr'><em>χρῆμα</em></span> <span class='ocrx_word' id='word_1_347' title='bbox 1249 2056 1303 2090; x_wconf 92' lang='grc' dir='ltr'><strong>ΙΙΙ</strong></span> <span class='ocrx_word' id='word_1_348' title='bbox 1324 2067 1362 2104; x_wconf 88' lang='lat' dir='ltr'><strong>p.</strong></span> <span class='ocrx_word' id='word_1_349' title='bbox 1379 2055 1458 2094; x_wconf 83' lang='lat'><strong>683</strong></span> <span class='ocrx_word' id='word_1_350' title='bbox 1479 2053 1576 2089; x_wconf 88' lang='lat' dir='ltr'><strong>bene</strong></span> <span class='ocrx_word' id='word_1_351' title='bbox 1586 2052 1750 2088; x_wconf 78' lang='lat' dir='ltr'><strong>retinens</strong></span> 
     </span>
     <span class='ocr_line' id='line_1_71' title="bbox 1099 2106 1747 2157; baseline -0.005 -9"><span class='ocrx_word' id='word_1_352' title='bbox 1099 2125 1151 2157; x_wconf 83' lang='grc' dir='ltr'><strong>τε,</strong></span> <span class='ocrx_word' id='word_1_353' title='bbox 1174 2111 1280 2146; x_wconf 84' lang='lat' dir='ltr'><strong>cuius</strong></span> <span class='ocrx_word' id='word_1_354' title='bbox 1308 2110 1392 2145; x_wconf 94' lang='lat' dir='ltr'><strong>loco</strong></span> <span class='ocrx_word' id='word_1_355' title='bbox 1414 2121 1434 2144; x_wconf 89' lang='lat' dir='ltr'><strong>e</strong></span> <span class='ocrx_word' id='word_1_356' title='bbox 1464 2106 1611 2145; x_wconf 90' lang='lat' dir='ltr'><strong>duobus</strong></span> <span class='ocrx_word' id='word_1_357' title='bbox 1635 2106 1747 2145; x_wconf 85' lang='lat' dir='ltr'><strong>codd.</strong></span> 
     </span>
     <span class='ocr_line' id='line_1_72' title="bbox 1100 2161 1749 2203; baseline 0 0"><span class='ocrx_word' id='word_1_358' title='bbox 1100 2165 1253 2203; x_wconf 83' lang='lat' dir='ltr'><strong>Schaef.</strong></span> <span class='ocrx_word' id='word_1_359' title='bbox 1275 2171 1311 2201; x_wconf 89' lang='lat' dir='ltr'><strong>et</strong></span> <span class='ocrx_word' id='word_1_360' title='bbox 1330 2162 1463 2201; x_wconf 85' lang='lat' dir='ltr'><strong>Matth.</strong></span> <span class='ocrx_word' id='word_1_361' title='bbox 1487 2162 1671 2200; x_wconf 85' lang='lat' dir='ltr'><strong>dederunt</strong></span> <span class='ocrx_word' id='word_1_362' title='bbox 1692 2161 1749 2203; x_wconf 80' lang='grc' dir='ltr'><strong>δέ.</strong></span> 
     </span>
     <span class='ocr_line' id='line_1_73' title="bbox 1097 2217 1750 2272; baseline -0.003 -15"><span class='ocrx_word' id='word_1_363' title='bbox 1097 2223 1230 2272; x_wconf 89' lang='lat' dir='ltr'><strong>Neque</strong></span> <span class='ocrx_word' id='word_1_364' title='bbox 1260 2227 1389 2256; x_wconf 86' lang='lat' dir='ltr'><strong>tamen</strong></span> <span class='ocrx_word' id='word_1_365' title='bbox 1420 2220 1458 2255; x_wconf 90' lang='lat' dir='ltr'><strong>in</strong></span> <span class='ocrx_word' id='word_1_366' title='bbox 1480 2217 1536 2256; x_wconf 84' lang='lat' dir='ltr'><strong>his</strong></span> <span class='ocrx_word' id='word_1_367' title='bbox 1556 2220 1671 2256; x_wconf 89' lang='lat' dir='ltr'><strong>Musis</strong></span> <span class='ocrx_word' id='word_1_368' title='bbox 1690 2219 1750 2255; x_wconf 88' lang='lat' dir='ltr'><strong>in-</strong></span> 
     </span>
     <span class='ocr_line' id='line_1_74' title="bbox 1097 2275 1748 2326; baseline -0.003 -13"><span class='ocrx_word' id='word_1_369' title='bbox 1097 2277 1249 2313; x_wconf 84' lang='lat' dir='ltr'><strong>solitum</strong></span> <span class='ocrx_word' id='word_1_370' title='bbox 1277 2290 1316 2314; x_wconf 91' lang='grc' dir='ltr'><strong>τε</strong></span> <span class='ocrx_word' id='word_1_371' title='bbox 1346 2276 1520 2326; x_wconf 86' lang='lat' dir='ltr'><strong>simplex,</strong></span> <span class='ocrx_word' id='word_1_372' title='bbox 1548 2282 1590 2312; x_wconf 90' lang='lat' dir='ltr'><strong>ut</strong></span> <span class='ocrx_word' id='word_1_373' title='bbox 1620 2275 1748 2313; x_wconf 80' lang='lat' dir='ltr'><strong>notavi</strong></span> 
     </span>
     <span class='ocr_line' id='line_1_75' title="bbox 1098 2330 1747 2378; baseline -0.002 -10"><span class='ocrx_word' id='word_1_374' title='bbox 1098 2331 1146 2368; x_wconf 84' lang='lat' dir='ltr'><strong>ad</strong></span> <span class='ocrx_word' id='word_1_375' title='bbox 1183 2333 1245 2377; x_wconf 90' lang='lat' dir='ltr'><strong>IV,</strong></span> <span class='ocrx_word' id='word_1_376' title='bbox 1277 2334 1357 2372; x_wconf 79' lang='lat'><strong>203</strong></span> <span class='ocrx_word' id='word_1_377' title='bbox 1394 2339 1430 2368; x_wconf 89' lang='lat' dir='ltr'><strong>et</strong></span> <span class='ocrx_word' id='word_1_378' title='bbox 1458 2332 1538 2378; x_wconf 90' lang='lat' dir='ltr'><strong>VII,</strong></span> <span class='ocrx_word' id='word_1_379' title='bbox 1573 2333 1651 2372; x_wconf 89' lang='lat'><strong>167</strong></span> <span class='ocrx_word' id='word_1_380' title='bbox 1680 2330 1747 2368; x_wconf 87' lang='lat' dir='ltr'><strong>fin.</strong></span> 
     </span>
     <span class='ocr_line' id='line_1_76' title="bbox 1100 2386 1749 2436; baseline 0.005 -12"><span class='ocrx_word' id='word_1_381' title='bbox 1100 2387 1201 2425; x_wconf 90' lang='lat' dir='ltr'><strong>Add.</strong></span> <span class='ocrx_word' id='word_1_382' title='bbox 1230 2388 1328 2436; x_wconf 80' lang='lat' dir='ltr'><strong>VIII,</strong></span> <span class='ocrx_word' id='word_1_383' title='bbox 1359 2389 1398 2428; x_wconf 88' lang='lat'><strong>6.</strong></span> <span class='ocrx_word' id='word_1_384' title='bbox 1435 2389 1499 2427; x_wconf 90' lang='lat'><strong>10.</strong></span> <span class='ocrx_word' id='word_1_385' title='bbox 1523 2388 1586 2426; x_wconf 88' lang='grc'><strong>13.</strong></span> <span class='ocrx_word' id='word_1_386' title='bbox 1608 2386 1674 2427; x_wconf 88' lang='grc'><strong>56.</strong></span> <span class='ocrx_word' id='word_1_387' title='bbox 1695 2388 1749 2427; x_wconf 91' lang='grc'><strong>60</strong></span> 
     </span>
     <span class='ocr_line' id='line_1_77' title="bbox 1098 2441 1748 2490; baseline 0.002 -8"><span class='ocrx_word' id='word_1_388' title='bbox 1098 2446 1132 2490; x_wconf 82' lang='lat'><strong>§.</strong></span> <span class='ocrx_word' id='word_1_389' title='bbox 1168 2447 1202 2484; x_wconf 90' lang='lat'><strong>1.</strong></span> <span class='ocrx_word' id='word_1_390' title='bbox 1233 2444 1299 2485; x_wconf 89' lang='lat'><strong>65.</strong></span> <span class='ocrx_word' id='word_1_391' title='bbox 1330 2446 1397 2484; x_wconf 87' lang='lat'><strong>70.</strong></span> <span class='ocrx_word' id='word_1_392' title='bbox 1440 2445 1531 2483; x_wconf 90' lang='grc'><strong>101.</strong></span> <span class='ocrx_word' id='word_1_393' title='bbox 1565 2444 1642 2483; x_wconf 89' lang='grc'><strong>106</strong></span> <span class='ocrx_word' id='word_1_394' title='bbox 1679 2441 1748 2483; x_wconf 86' lang='lat' dir='ltr'><strong>fin.</strong></span> 
     </span>
     <span class='ocr_line' id='line_1_78' title="bbox 1101 2497 1748 2541; baseline -0.009 -1"><span class='ocrx_word' id='word_1_395' title='bbox 1101 2503 1190 2540; x_wconf 85' lang='lat'><strong>111.</strong></span> <span class='ocrx_word' id='word_1_396' title='bbox 1214 2501 1423 2541; x_wconf 85' lang='grc'><strong>109.116.</strong></span> <span class='ocrx_word' id='word_1_397' title='bbox 1446 2497 1656 2539; x_wconf 85' lang='grc'><strong>138.141.</strong></span> <span class='ocrx_word' id='word_1_398' title='bbox 1689 2499 1748 2534; x_wconf 91' lang='lat' dir='ltr'><strong>De</strong></span> 
     </span>
     <span class='ocr_line' id='line_1_79' title="bbox 1097 2552 1746 2608; baseline -0.006 -14"><span class='ocrx_word' id='word_1_399' title='bbox 1097 2569 1190 2594; x_wconf 88' lang='lat' dir='ltr'><strong>voce</strong></span> <span class='ocrx_word' id='word_1_400' title='bbox 1220 2558 1350 2608; x_wconf 84' lang='grc' dir='ltr'><em>χρῆμα</em></span> <span class='ocrx_word' id='word_1_401' title='bbox 1379 2553 1458 2593; x_wconf 84' lang='lat' dir='ltr'><strong>vid.</strong></span> <span class='ocrx_word' id='word_1_402' title='bbox 1486 2559 1585 2591; x_wconf 86' lang='lat' dir='ltr'><strong>nott.</strong></span> <span class='ocrx_word' id='word_1_403' title='bbox 1614 2552 1662 2592; x_wconf 85' lang='lat' dir='ltr'><strong>ad</strong></span> <span class='ocrx_word' id='word_1_404' title='bbox 1680 2555 1746 2602; x_wconf 89' lang='lat'><strong>111,</strong></span> 
     </span>
    </p>
   </div>
   <div class='ocr_carea' id='block_1_10' title="bbox 1100 2615 1608 2752">
    <p class='ocr_par' dir='ltr' id='par_1_12' title="bbox 1100 2615 1608 2752">
     <span class='ocr_line' id='line_1_80' title="bbox 1100 2615 1194 2654; baseline -0.043 0"><span class='ocrx_word' id='word_1_405' title='bbox 1100 2615 1194 2654; x_wconf 88' lang='lat'><strong>109.</strong></span> 
     </span>
     <span class='ocr_line' id='line_1_81' title="bbox 1238 2698 1608 2752; baseline -0.003 -15"><span class='ocrx_word' id='word_1_406' title='bbox 1238 2700 1332 2752; x_wconf 75' lang='lat' dir='ltr'><strong>cap.</strong></span> <span class='ocrx_word' id='word_1_407' title='bbox 1359 2698 1608 2737; x_wconf 72' lang='lat' dir='ltr'><strong>chxmx.</strong></span> 
     </span>
    </p>
   </div>
   <div class='ocr_carea' id='block_1_11' title="bbox 1154 2774 1748 2832">
    <p class='ocr_par' dir='ltr' id='par_1_13' title="bbox 1154 2774 1748 2832">
     <span class='ocr_line' id='line_1_82' title="bbox 1154 2774 1748 2832; baseline -0.005 -13"><span class='ocrx_word' id='word_1_408' title='bbox 1154 2777 1225 2821; x_wconf 78' lang='grc' dir='ltr'><strong>τόν</strong></span> <span class='ocrx_word' id='word_1_409' title='bbox 1245 2774 1424 2832; x_wconf 76' lang='grc' dir='ltr'><em>γαμβρὸν</em></span> <span class='ocrx_word' id='word_1_410' title='bbox 1443 2776 1656 2830; x_wconf 79' lang='grc' dir='ltr'><em>ἐπίκουρον</em></span> <span class='ocrx_word' id='word_1_411' title='bbox 1677 2791 1748 2817; x_wconf 83' lang='grc' dir='ltr'><strong>κα-</strong></span> 
     </span>
    </p>
   </div>
   <div class='ocr_carea' id='block_1_12' title="bbox 1825 0 1886 3340">
    <p class='ocr_par' dir='ltr' id='par_1_14' title="bbox 1825 0 1886 3340">
     <span class='ocr_line' id='line_1_83' title="bbox 1825 0 1886 3340; baseline 0 0"><span class='ocrx_word' id='word_1_412' title='bbox 1825 0 1886 3340; x_wconf 95' lang='lat' dir='ltr'><strong> </strong></span> 
     </span>
    </p>
   </div>
  </div>
 </body>
</html>
