1897 3340
238 324 305 369 47

36 395 197 432 Philippus
216 397 291 424 Cro-

34 430 165 469 tqniata,
189 432 293 465 Olym-

35 464 187 500 pionices,
218 467 274 492 Do—

34 497 129 524 ricum
146 498 175 524 in
195 499 272 526 Sici-

31 530 106 558 liam
122 538 254 565 secutus.

55 568 101 591 ost
123 571 248 593 mortem
269 575 288 594 a

32 614 44 624 i
59 600 210 632 rgestanis
240 604 273 626 ut

32 631 122 659 heros
141 633 260 661 colitur.

368 156 423 197 72

762 156 1221 193 HERODOTI

366 261 679 314 ἐπαναστάντες
693 261 959 317 ἀπέκτειναν,
980 264 1290 319 καταφυγόντα
1309 262 1375 306 ἐπὶ
1388 263 1497 314 Διὸς
1517 263 1619 318 ἆγο-

363 331 493 385 ραίου
522 331 684 386 βωμόν.

742 332 989 374 Συνέσπετο
1012 332 1056 375 ὁὲ
1070 332 1232 383 Δωριεῖ
1251 331 1323 374 καὶ
1343 332 1619 375 συναπέθανε

372 397 618 446 Φίλιπποςὸ
642 399 930 447 Βουτακίδεω,
945 398 1249 454 Κροτωνιήτης
1263 398 1394 454 ἀνήρ·
1421 398 1468 450 ὂς
1480 398 1619 454 ἁρμο-

366 464 550 520 σάμενος
567 463 732 519 Τήλυος
752 469 831 506 τοῦ
860 468 1116 520 Συβαρίτεω
1146 465 1381 520 θυγατέρα,
1404 467 1536 521 ἔφυγε
1566 467 1644 510 ἐκ5

365 531 619 586 Κρότωνος·
649 532 854 581 ψευσθεὶς
887 531 932 573 δὲ
961 536 1042 574 τοῦ
1070 531 1226 586 γάμου,
1258 535 1394 587 οἴχετο
1424 536 1565 577 πλέων
1577 534 1619 586 ἐς

365 599 593 654 Κυρήνην·
626 599 672 641 ἐκ
689 597 848 652 ταύτης
870 597 913 640 ὁὲ
925 597 1202 653 ὁρμεώμενος
1225 601 1457 644 συνέσπετο
1474 603 1617 658 οἰκηΐῃ

364 682 406 709 τε
419 665 580 721 τριήρεϊ
604 665 676 708 καὶ
697 667 839 720 οἰκηίῃ
871 664 1045 719 ἀνδρῶν
1075 664 1262 721 δαπάνῃ,
1294 666 1378 709 ἐών
1407 685 1450 710 τε
1467 666 1617 723 Ὀλυμ-

363 735 559 789 πιονίκης
594 733 665 776 καὶ
695 731 922 784 κάλλιστος
947 732 1163 790 Ἑλλήνων
1192 737 1280 776 τῶν
1307 732 1404 776 κατ’
1441 735 1618 779 ἑωυτόν.

307 964 400 1001 quos
420 952 651 1004 VVesseliug.
673 953 860 1000 laudavit,
883 955 960 990 Pe-

305 1009 424 1044 rizon.
446 1008 494 1045 ad
513 1011 661 1047 Aeliau.
683 1012 878 1057 V.H.Yll‚
895 1013 958 1051 13-

303 1062 455 1101 Reiske.
475 1066 757 1105 Animadverss.
777 1068 817 1104 in
847 1068 959 1103 Dion.

304 1118 495 1170 Cllrysost.
535 1137 573 1173 p.
616 1122 679 1163 14.
728 1123 961 1174 Euryleonem

305 1189 405 1212 anno
427 1178 508 1218 508
538 1180 578 1215 iu
605 1193 735 1230 pugna
757 1193 845 1216 cum
868 1181 961 1216 Car-

305 1230 606 1282 thaginiensibus
646 1238 855 1273 commissa
891 1248 962 1286 pe-

304 1289 405 1325 riisse
426 1303 626 1341 perperam
655 1294 764 1343 ponit
792 1291 962 1329 Larche—

304 1358 365 1382 rus
396 1347 495 1383 Tab.
529 1346 708 1385 Chrouol.
742 1362 830 1399 pag.
867 1346 960 1395 634,

304 1401 487 1439 Herodoti
526 1403 629 1441 hunc
669 1407 799 1442 locum
835 1405 961 1454 negli—

303 1471 409 1507 gens.
428 1457 648 1508 Petlaeagorae
657 1460 901 1511 tyrannidem
913 1459 961 1496 ad

304 1514 520 1565 Olympiad.
543 1519 595 1556 70
615 1530 643 1552 s.
666 1517 747 1557 500
768 1530 789 1553 a
810 1515 899 1553 Chr.
921 1530 960 1553 11.

304 1572 417 1607 refert
455 1573 698 1623 Reingauum
736 1573 763 1610 l.
802 1574 828 1609 l.
871 1585 958 1623 pag.

362 1680 427 1721 ἐπὶ
458 1679 557 1729 Διός
590 1678 782 1735 α’γοραίου
805 1681 958 1735 βωμὸν]

306 1740 442 1788 Attigit
460 1738 680 1777 Eustathius
701 1740 749 1776 ad
768 1741 811 1777 ΙΙ.
832 1754 870 1791 p.
892 1740 959 1787 45,

312 1798 362 1835 12
383 1809 411 1831 5.
434 1794 498 1842 34,
526 1799 588 1834 11.
622 1796 754 1847 Odyss.
776 1810 814 1847 p.
840 1794 959 1843 1434,

308 1854 361 1891 37
391 1865 418 1887 s.
442 1853 507 1898 80,
539 1854 605 1892 23.
663 1853 856 1904 Equidem
875 1865 962 1888 ma-

310 1908 376 1942 lim
396 1908 558 1944 scribere
579 1904 797 1960 Ἀγοραίου.
829 1911 961 1946 Iovem

310 1959 519 2014 α’γοραῖον,
556 1966 661 2001 cuius
690 1978 753 2002 ara
787 1967 828 2001 iu
864 1966 960 2011 soro,

311 2020 389 2055 aliis
406 2033 558 2071 quoque
572 2022 752 2058 Graeciae
773 2022 864 2059 locis
878 2022 962 2058 cul-

311 2082 393 2112 tum
432 2077 544 2112 fuisse
577 2079 773 2115 novimus:
821 2079 962 2129 quippe

309 2131 357 2168 ad
379 2146 494 2183 quem
515 2132 630 2169 deum
651 2147 765 2171 omne
785 2135 965 2184 pertinuit

313 2190 366 2224 ius
380 2217 388 2233 ,
412 2188 576 2240 indeque
598 2191 712 2226 etium
733 2190 839 2237 illud,
861 2189 964 2242 quod

311 2246 347 2281 in
370 2245 450 2280 soro
473 2252 585 2296 atque
606 2248 836 2284 commercio
849 2248 961 2293 valet,

311 2300 479 2350 fidesque
498 2303 646 2351 publica
666 2304 704 2338 in
720 2305 835 2353 pactis
849 2310 962 2354 atque

312 2359 562 2394 eontractibus
585 2361 809 2409 conspicua,
833 2361 904 2395 alia
925 2358 963 2395 id

311 2426 431 2463 genus
472 2416 509 2450 in
548 2415 628 2451 soro
670 2417 819 2452 tractari
851 2423 964 2466 atque

313 2471 614 2517 exercerisolIta3
633 2473 774 2521 optime
787 2479 966 2508 monente

313 2528 486 2562 creuzer.
526 2528 562 2562 in
591 2529 765 2578 Symbol.
806 2531 839 2563 ll
878 2542 965 2578 pag.

315 2583 395 2622 507
417 2597 496 2633 seq.
534 2585 666 2635 ltaque
688 2583 759 2621 hoc
783 2586 879 2630 loco,
902 2586 965 2621 ubi

314 2651 390 2675 non
411 2640 481 2676 nisi
500 2640 597 2676 lovis
626 2642 780 2677 son-ensis
802 2654 886 2687 ara,
919 2640 966 2677 ad

314 2708 431 2746 quam
460 2697 622 2746 supplex
647 2698 710 2732 ille
740 2698 965 2746 confugerit,

313 2758 570 2801 memoratur,
592 2767 789 2804 perperam
810 2755 964 2800 lanima,

1017 956 1080 1005 qui
1100 966 1144 990 eo
1165 954 1295 990 referri
1313 953 1446 989 volunt
1461 953 1594 1002 templi
1605 965 1675 988 cu-

1016 1010 1177 1057 iusdam,
1191 1009 1295 1061 quod
1317 1011 1397 1046 lovi
1412 1015 1675 1046 consecratum

1017 1068 1129 1104 fuisse
1142 1073 1301 1117 ponunt,
1324 1065 1459 1102 rudera
1474 1065 1547 1102 illa*
1558 1078 1675 1115 gran-

1019 1122 1219 1170 dia,adhuc
1231 1124 1433 1172 conspicua
1447 1123 1675 1157 maximam-

1018 1193 1092 1231 que
1114 1181 1160 1216 ab
1181 1180 1327 1215 ambitu
1348 1185 1385 1215 et
1413 1179 1516 1214 mole
1536 1179 1674 1228 insigni

1019 1236 1312 1272 admirationem
1344 1235 1562 1270 excitantia.
1627 1235 1677 1270 Ut

1020 1293 1123 1328 enim
1136 1292 1196 1329 vel
1208 1290 1281 1328 hoc
1294 1291 1595 1340 largiainur‚lovi
1607 1289 1676 1326 de-

1020 1348 1188 1386 dicatum
1219 1348 1330 1384 fuisse
1360 1345 1460 1383 istud
1487 1347 1677 1396 templum

1019 1406 1307 1455 amplissimum,
1338 1403 1427 1439 inde
1449 1416 1527 1439 nou
1548 1404 1677 1454 sequi-

1018 1469 1100 1506 tur,
1144 1460 1249 1496 idem
1279 1460 1468 1509 templum
1497 1457 1676 1496 hocloco

1017 1517 1178 1566 intelligi
1198 1516 1348 1561 debere,
1370 1516 1435 1551 ubi
1449 1514 1495 1551 de
1516 1515 1676 1551 arsttan-

1017 1581 1101 1609 tum
1112 1586 1236 1610 sermo
1249 1572 1532 1622 eaque‚opi110r‚
1543 1573 1582 1607 in
1592 1571 1675 1608 foro

1019 1629 1151 1680 posita.
1210 1627 1295 1665 Vid.
1318 1629 1560 1678 Reinganum
1586 1640 1674 1678 pag.

1019 1688 1086 1727 98.
1120 1685 1197 1726 153
1230 1692 1267 1721 et
1299 1683 1387 1721 add.
1410 1698 1431 1720 a
1454 1684 1519 1722 Cr.
1540 1685 1676 1720 lauda-

1019 1750 1101 1778 tum
1122 1740 1322 1778 Thiersch.
1343 1739 1492 1791 Epoch.
1523 1739 1560 1776 d.
1584 1739 1674 1778 hild.

1019 1800 1152 1834 Kunst.
1174 1810 1262 1848 pag.
1286 1797 1384 1838 422.

1216 1888 1306 1938 Cap.
1329 1886 1483 1923 XLHI.

1077 1967 1275 2012 Φίλιππος
1317 1964 1340 2005 ό
1384 1967 1632 2007 Βουτακίδεω
1655 1969 1672 2016 ]

1019 2024 1075 2060 Ob
1106 2022 1306 2059 Buzacz‘dae
1342 2036 1487 2061 nomen
1518 2027 1675 2075 vestigia
1703 2072 1709 2078 -

1020 2078 1208 2130 quaedam
1255 2091 1449 2116 sacrorum
1497 2081 1674 2118 Bmldltae

1020 2135 1239 2172 Indicorum
1284 2137 1483 2188 stirpisque
1522 2137 1675 2174 Indicae

1022 2194 1060 2228 in
1094 2190 1148 2227 his
1179 2193 1322 2228 invenit
1343 2194 1473 2230 lzitter.
1495 2193 1675 2230 Yorhalle

1022 2261 1107 2298 pag.
1129 2249 1205 2289 351
1245 2249 1329 2284 coll.
1352 2262 1439 2300 pag.
1461 2250 1555 2291 324.
1617 2252 1675 2287 De

1020 2305 1155 2355 quibus
1175 2317 1263 2339 sane
1282 2306 1361 2354 ipse
1373 2305 1507 2343 viderit
1527 2308 1584 2344 vir
1603 2306 1676 2343 do-

1022 2362 1218 2397 ctissimus.
1279 2363 1372 2397 Mox
1395 2359 1675 2412 Κροτωνιήτης

1023 2413 1118 2466 α’νή
1139 2432 1160 2468 ρ
1183 2416 1330 2463 dicitnr,
1354 2426 1394 2456 ut
1416 2420 1461 2464 V,
1477 2418 1528 2458 43
1542 2414 1638 2468 ἄνη
1652 2433 1674 2469 ρ

1022 2469 1239 2518 Ἐλεώνιος.
1298 2473 1360 2509 Ad
1401 2471 1680 2524 ἁρμοσάμενος

1025 2530 1124 2565 cons.
1149 2530 1211 2573 111,
1240 2532 1312 2570 157
1337 2531 1463 2581 ibique
1483 2538 1578 2566 nott.
1616 2530 1677 2567 Ad

1026 2586 1137 2622 verba
1169 2600 1274 2635 seqq.
1307 2583 1678 2636 udkktotog‘EMwi-

1024 2657 1105 2680 νων
1132 2641 1388 2678 Hoss'nwisteri
1423 2645 1582 2692 pertinet
1605 2644 1678 2679 ob-

1023 2699 1182 2734 servatio
1204 2697 1251 2732 ad
1272 2700 1335 2743 lll,
1363 2702 1377 2737 1
1414 2700 1450 2734 iu
1481 2698 1678 2736 Addendis

1022 2755 1146 2802 allata,
1168 2756 1230 2790 cui
1251 2753 1347 2791 adde
1367 2756 1435 2802 sis,
1470 2755 1516 2793 de
1534 2757 1677 2807 pulcri·
