1897 3340
593 199 899 240 ERATO.
958 199 1032 238 VI.
1363 203 1446 243 291

186 314 361 369 λέγουσι
390 310 525 358 αὐτὸν
549 308 881 366 Ἀριστόδημον,
912 307 989 352 τὸν
1017 305 1338 362 Ἀριστομάχου,
1368 311 1448 352 τοῦ
1505 324 1657 358 Dim-essin
1675 330 1771 360 uere-

186 384 447 433 Κλεοδαίου,
477 383 556 422 τοῦ
574 377 751 429 ”Τλλου,
783 375 1074 432 βασιλεύοντα
1104 373 1281 430 ἀγαγεῖν
1311 375 1446 430 σφέας
1460 382 1579 419 751⁷u1n.
1601 395 1742 424 marram,

1437 441 1447 456 2
1505 425 1757 459 Lacedaemonio-

184 449 229 501 ἐς
264 448 424 503 ταύτην
462 445 542 501 τὴν
578 444 724 502 χώρην
764 444 843 499 τὴν
879 448 965 488 νῦν
994 441 1208 494 ἐκτέαται,
1252 441 1350 486 ἀλλ’
1395 459 1449 486 ου
1505 467 1571 486 rum
1590 461 1626 487 (le
1647 464 1756 491 Aristo-

1434 509 1444 524 ,
1506 493 1592 520 demo
1617 494 1754 525 livi-aeli.

186 517 290 567 vods
335 512 652 568 Ἀριστοδήμου
703 515 873 563 παῖδας.
933 509 1039 567 μετὰ
1087 509 1133 553 δὲ
1180 510 1342 565 χρόνον
1391 527 1444 554 ου
1503 527 1552 561 da,
1572 529 1726 557 conditore

1501 562 1638 589 coloniae
1650 565 1773 593 Dorien-

156 581 376 634 Ξπολλόν,
401 579 697 638 Ἀριστοδήμῳ
727 586 865 624 τεκεῖν
893 579 972 638 τὴν
995 583 1204 636 γυναῖκα,
1235 582 1288 635 τῇ
1319 578 1445 623 οὔνο·
1503 594 1580 621 etum
1599 597 1627 624 in
1647 606 1720 634 agn.

124 777 200 831 τῇ]
245 776 411 814 Sensum
446 775 522 812 loci
554 781 656 812 recte
686 776 786 826 cepit

125 832 476 883 Schweighaeuser.
497 833 666 884 itemque
680 834 721 869 C.
739 834 785 870 Ο.

123 889 272 927 Miiller.
292 891 383 926 Dor.
404 891 422 925 I
441 903 480 939 p.
501 888 554 930 55
574 896 654 925 not.
706 891 785 926 Ne-

122 948 268 983 minem
290 948 405 994 enim,
428 947 479 982 ait
498 945 734 993 Herodotus,
765 960 785 982 e

122 1004 243 1055 poetis
266 1002 398 1054 (epicis
413 1003 428 1052 )
452 1003 547 1038 eain
568 1015 609 1038 re
621 1015 785 1040 consen-

122 1061 193 1097 tire
221 1073 310 1097 cum
339 1061 426 1110 ipsis
450 1059 686 1107 Laconibus,
718 1061 784 1111 qui

121 1116 412 1154 Aristodemum
431 1117 472 1152 in
492 1117 701 1152 LaconIam
721 1118 782 1152 in-

122 1175 260 1216 vasisse
281 1174 449 1224 primum
468 1172 690 1220 tradebant,
713 1174 784 1209 ali-

120 1236 179 1266 ter
199 1235 311 1282 atque
331 1237 466 1280 poetae
484 1258 493 1277 ,
526 1242 689 1280 quorum
723 1230 783 1266 fa-

120 1299 240 1335 mam,
264 1289 410 1336 opinor,
431 1286 557 1322 retulit
577 1287 782 1323 Pausanias

120 1343 187 1391 111,
210 1345 228 1382 1
245 1344 282 1388 ξ.
300 1343 324 1383 5
347 1342 431 1391 (ubi
451 1341 603 1379 attende
622 1344 783 1380 verbum

121 1399 313 1437 adiectum
332 1398 512 1451 λέγουσι)
534 1400 619 1436 coll.
636 1398 782 1450 Ephor.

122 1456 226 1507 apud
245 1456 423 1494 Strabon.
443 1457 530 1492 VIII
550 1469 589 1506 p.
602 1456 684 1497 560
705 1457 782 1493 sive

120 1526 210 1564 pag·
244 1515 322 1553 113
351 1514 474 1549 Marx.
496 1513 539 1553 C.
563 1513 606 1552 Ο.
630 1513 781 1551 Miiller.

119 1570 147 1607 l.
167 1571 193 1608 l.
214 1570 232 1605 I
251 1583 289 1620 p.
313 1571 378 1610 96.
437 1569 487 1605 Hi
522 1569 626 1604 enim
652 1570 782 1620 Eury-

121 1624 299 1664 sthenem
339 1632 376 1663 et
414 1625 592 1662 Proclem
606 1654 616 1673 ,
658 1627 780 1663 occiso

119 1680 361 1720 Aristodemo
371 1689 477 1733 patre
489 1689 695 1734 antequam
703 1684 782 1720 Do-

120 1752 179 1776 res
198 1741 320 1790 ipsam
331 1740 640 1789 Peloponnesum
650 1740 781 1789 ingre-

122 1795 301 1833 derentur
322 1823 332 1843 ,
380 1802 520 1832 terram
578 1808 782 1846 occupasse

120 1853 366 1904 probabiliter
400 1853 627 1888 cecinerant.
701 1853 782 1888 Ita-

121 1922 197 1961 que
210 1908 334 1959 famae
363 1907 465 1959 apud
498 1909 597 1958 ipsos
627 1908 780 1959 Sparta-

117 1978 188 2004 nos
227 1965 397 2014 vulgatae
441 1966 577 2002 Noster
623 1967 781 2016 opponit

119 2026 272 2060 veterum
295 2025 480 2072 poetarum
503 2023 779 2070 auctoritatem,

118 2079 159 2116 in
204 2091 369 2131 quorum
407 2091 614 2115 numerum
661 2080 780 2115 etiam

123 2135 318 2186 Tyrtaeum
338 2134 524 2186 quosdam
533 2135 703 2172 retulisse
720 2137 774 2172 vi-

120 2191 215 2240 de03
247 2193 373 2228 minus
402 2199 526 2240 recte,
565 2204 656 2229 cum
681 2190 722 2229 h,
748 2193 775 2235 l,

119 2261 183 2286 eos
210 2249 333 2299 potius
352 2250 487 2286 Noster
514 2250 699 2300 respicere
719 2250 786 2286 vi-‘

120 2304 252 2342 deutur
278 2311 427 2355 poetas,
459 2306 525 2358 qui
559 2306 777 2357 antiquissi-

118 2373 200 2399 mas
230 2363 378 2398 Dorum
408 2375 466 2399 res
487 2369 631 2412 gestas,
653 2364 777 2399 Hera-

119 2417 306 2455 clidarum
336 2430 379 2454 ac
421 2419 569 2455 Dorum
605 2419 777 2468 inprimis

118 2475 363 2525 migrationes
375 2502 385 2521 ,
415 2474 487 2510 alia
504 2473 545 2510 id
563 2487 683 2524 genus
692 2488 778 2512 car-

119 2531 285 2568 minibus
298 2531 590 2577 celebraverant,
613 2531 678 2582 qui
691 2533 779 2568 stir-

120 2599 186 2637 pes
207 2585 493 2624 Heraclidarum
512 2588 632 2636 regias
653 2585 777 2626 dedu-¹

121 2649 275 2689 xerunt,
296 2642 401 2680 sedes
422 2644 468 2680 ab
489 2641 698 2679 Heraclidis
711 2656 777 2680 ca-

123 2704 206 2748 ptas
226 2710 417 2750 regnaque
450 2698 602 2738 condita
623 2712 778 2736 enarra-

123 2760 270 2790 verant.
345 2753 431 2792 vid.
471 2767 624 2806 quoque
656 2755 698 2795 C.
732 2756 776 2797 Ο.

123 2809 272 2849 muller.
291 2810 318 2848 l.
336 2810 364 2848 l.
381 2811 400 2847 I
418 2822 507 2862 pag.
527 2810 581 2855 54
601 2811 688 2851 coll.
711 2811 778 2855 59.

1504 628 1654 659 Laconico
1664 629 1682 668 ,⁴
1691 634 1772 662 eius-

841 776 898 812 Ac
918 781 1112 826 praeterea
1133 773 1246 811 etiam
1265 788 1334 825 per
1352 775 1502 826 singula

840 833 1030 869 Laconiae
1051 830 1191 882 oppida
1211 833 1353 868 multae
1374 833 1501 870 famae

843 902 886 925 ac
905 888 1124 925 traditiones
1156 887 1203 924 de
1232 887 1289 925 his
1309 890 1421 927 rebus
1441 892 1503 928 vi-

843 945 980 982 dentur
1027 957 1176 996 sparsae
1214 944 1327 982 fuisse
1344 976 1353 994 ,
1405 959 1500 999 quas

840 1001 1079 1050 Herodotus,
1123 1002 1189 1053 qui
1219 1003 1428 1039 Laconiam
1456 1011 1500 1041 ut

838 1060 1015 1096 novimus
1055 1059 1182 1107 (conf.
1211 1066 1306 1097 nott.
1340 1059 1388 1096 ad
1430 1061 1498 1109 ffl,

840 1115 912 1164 55)
959 1117 1038 1166 ipse
1072 1116 1383 1166 perlustraverat,
1422 1118 1499 1154 suis

840 1185 1008 1224 (piasque
1021 1173 1111 1208 locis
1121 1174 1265 1222 accepit
1276 1175 1392 1224 inque
1403 1186 1498 1224 opus

839 1242 952 1266 suum
972 1229 1110 1265 retulit.
1159 1228 1253 1264 Inde
1272 1230 1404 1279 procul
1425 1229 1502 1267 du-

839 1286 900 1322 bio
922 1286 1136 1332 fluxerunt,
1169 1298 1267 1337 quae
1297 1284 1335 1322 h.
1356 1287 1382 1323 l.
1413 1299 1501 1323 me-

837 1343 982 1379 moriae
1001 1341 1239 1393 produntur,
1269 1342 1419 1380 firmata
1440 1350 1500 1381 et-

837 1400 916 1435 iam
956 1397 1223 1449 Xenophontis
1262 1401 1499 1450 auctoritate,

839 1456 905 1507 qui
914 1456 1039 1506 ipsum
1048 1456 1500 1506 patremAristodemum,

837 1525 964 1563 neque
984 1513 1080 1552 filios
1099 1525 1186 1548 suos
1198 1541 1208 1559 ,
1238 1512 1418 1562 Spartam
1436 1520 1499 1550 te-

837 1570 963 1605 nuisse
983 1569 1109 1605 scribit
1139 1570 1180 1604 iu
1200 1569 1342 1618 Agesil.
1364 1572 1389 1610 8
1412 1571 1449 1615 §.
1470 1572 1498 1611 7

839 1626 926 1662 coll.
947 1623 1141 1662 Plutarch.
1172 1626 1316 1675 Agesil.
1351 1627 1414 1666 19.
1454 1628 1500 1663 Iu

838 1683 911 1718 alia
931 1683 1009 1719 abit
1037 1683 1254 1733 Polyaenus
1274 1683 1304 1729 I,
1330 1681 1380 1723 10
1401 1684 1501 1720 Pro-

838 1739 937 1775 clem
958 1746 994 1776 et
1004 1740 1226 1776 Temenum
1236 1738 1500 1777 Lacedaemo-

835 1808 928 1831 nem
948 1808 1186 1846 expugnasse
1205 1807 1374 1833 narrans.

894 1852 1150 1899 Κλεοδαίου]
1198 1850 1349 1887 Eodem
1378 1851 1497 1890 modo

835 1908 1019 1958 scriptum
1056 1907 1241 1959 reperitur
1279 1909 1360 1955 VH,
1398 1907 1498 1953 204.

837 1965 935 2012 VIII,
970 1967 1061 2005 131.
1120 1966 1177 2001 Ac
1198 1965 1320 2001 simile
1350 1978 1496 2002 nomen

836 2021 1071 2063 Μενεδαίου
1093 2034 1114 2057 e
1135 2019 1391 2072 Thucyd.III,
1416 2024 1495 2062 100

837 2079 960 2115 attulit
999 2076 1183 2115 Valcken.
1243 2080 1368 2124 Quare
1415 2091 1495 2114 non

835 2145 930 2185 opus
968 2147 1058 2171 cum
1095 2136 1235 2173 Meurs.
1271 2136 1328 2171 De
1369 2136 1494 2184 Regu.

831 2192 975 2231 Lacon.
1008 2194 1033 2233 6
1071 2192 1275 2229 rescribere
1313 2186 1496 2242 Κλεοδή-

833 2263 925 2299 μου.

891 2300 987 2355 μετὰ
1013 2301 1055 2343 δὲ
1075 2299 1221 2355 χρόνον
1240 2297 1290 2342 ου’
1310 2298 1495 2351 πολλόν]

832 2359 1068 2398 Larcherum
1106 2362 1136 2398 si
1175 2362 1371 2412 sequimur
1412 2359 1493 2407 (T.

832 2419 903 2455 VH
930 2430 1018 2468 pag.
1038 2416 1120 2458 479
1139 2430 1218 2470 seq.
1240 2415 1321 2457 494
1351 2415 1493 2466 seqq.)‚

831 2476 1144 2525 Peloponnesum
1174 2473 1373 2523 occupavit
1401 2473 1510 2508 Ari--

832 2530 1026 2573 stodemus
1048 2543 1148 2567 auno
1169 2532 1278 2570 1190
1300 2542 1321 2565 a
1342 2527 1430 2565 Chr.
1450 2541 1493 2566 n.

832 2586 1114 2638 Eurysthenem
1146 2593 1182 2623 et
1214 2586 1392 2622 Proclem
1417 2597 1490 2620 na-

831 2650 888 2684 tos
909 2656 1010 2680 anno
1044 2645 1150 2685 1178
1180 2649 1218 2679 et
1248 2641 1296 2678 ad
1324 2652 1489 2691 regnum

833 2706 981 2737 evectos
1010 2712 1112 2736 anuo
1144 2697 1249 2738 1153
1280 2710 1316 2733 a.
1341 2697 1426 2732 Chr.
1447 2707 1490 2731 n.

832 2755 936 2793 idem
972 2757 1094 2806 ponit.
1159 2755 1205 2790 Iu
1235 2754 1307 2789 alia
1335 2753 1411 2788 abit
1445 2750 1490 2788 C.

832 2812 881 2852 Ο.
899 2812 1048 2852 Mtiller.
1067 2812 1096 2850 l.
1123 2811 1150 2847 l.
1170 2811 1211 2887 1}
1224 2821 1313 2860 pag.
1336 2807 1433 2849 502.

1505 360 1591 391 (sibus
1607 362 1774 397 Spartano-
