1897 3340
420 207 501 247 142

815 206 1275 244 HERODOTl

418 313 605 370 μάμεναι
650 313 697 356 ἐκ
740 313 911 369 τειχέων
959 313 1394 369 περιπεφλευσμένων
1439 314 1545 368 πυρὶ
1592 311 1679 357 ὑπὸ

417 385 497 424 τοῦ
530 380 705 437 Μήδου,
736 380 887 423 ἀντίον
917 380 962 424 δὲ
988 384 1068 424 τοῦ
1097 380 1291 437 μεγάρου
1319 384 1400 423 τοῦ
1423 380 1535 433 πρὸς
1563 380 1681 425 ἕσπέ-

391 454 504 503 6ρην
533 449 842 504 τετραμμένου.
872 448 1055 491 καὶτῶν
1083 448 1257 503 λύτρων
1286 448 1365 505 τὴν
1389 447 1571 505 δεκάτην
1591 448 1682 492 ἆνέ-
1693 457 1738 491 25

418 520 578 571 θηκαν,
604 516 892 572 ποιησάμενοι
921 515 1164 568 τέθριππον
1197 516 1400 572 χάλκεον·
1430 516 1480 559 τὸ
1517 517 1562 560 δὲ
1593 516 1680 571 ἀρι·

419 586 572 639 στερῆς
601 583 724 638 χερός
755 583 903 638 ἕστηκε
943 587 1121 637 πρῶτον
1160 583 1319 627 ἐσιόντι
1349 584 1392 635 ἐς
1430 585 1482 628 τοὶ
1511 586 1681 640 προπύ-

418 654 521 694 λαια
549 649 601 692 τὰ
632 650 679 693 ἐν
707 654 760 707 τῇ
789 649 1025 705 ἀκροπόλι,
1066 650 1370 707 ἐπιγέγραπται
1396 651 1445 696 δέ
1475 655 1519 697 οἱ
1543 654 1670 698 τάδε·

362 832 543 870 Herodot.
565 835 612 881 Π,
629 835 718 874 181.
738 835 802 882 IV,
819 836 910 875 121.
923 835 1021 884 VIII,

363 893 430 931 39.
461 889 562 927 Add.
586 889 717 927 schol.
738 890 892 927 Aristid.
913 892 938 928 l.
959 892 986 929 l.

419 945 461 986 ἐκ
489 945 646 997 τειχέων
686 946 1022 998 περιπεφλευσμέ-

363 1018 446 1041 νων
485 1002 610 1054 πυρὶ]
663 1007 797 1042 moenia
845 1005 1021 1055 intelligit

362 1059 494 1096 adusta
530 1062 634 1109 igne,
691 1072 714 1096 a
750 1061 866 1098 verbo
908 1076 1020 1113 περι-

362 1111 498 1164 φλεύω
555 1115 706 1153 ducitur
757 1121 1023 1168 περιπεφλευ-

362 1171 516 1222 σμένων
529 1202 538 1220 ,
560 1172 664 1225 quod
684 1174 817 1210 Pauw.
830 1181 1023 1211 mutatum

359 1229 493 1265 maluit
504 1230 541 1265 in
556 1229 948 1282 περιπεφλυσμένων,
972 1232 1020 1268 ob

361 1284 553 1336 Aristoph.
573 1287 672 1323 Nub.
693 1287 799 1334 395,
831 1287 896 1323 ubi
915 1302 1020 1339 περι-

359 1337 492 1392 φλύει.
520 1343 612 1380 Sine
628 1356 740 1380 causa
751 1345 859 1391 iusta,
872 1345 1019 1395 opinor.

417 1394 556 1438 ἄντίον
581 1397 624 1438 δὲ
644 1402 717 1440 τοῦ
748 1395 924 1452 μεγάρου
946 1403 1020 1440 τοῦ

354 1452 462 1505 ’πρός
508 1455 677 1508 ἕσπέρην
718 1456 1015 1508 τετραμμένου]

361 1512 573 1559 Quaeritur,
590 1512 786 1564 quodnam
806 1514 939 1550 fanum
956 1512 1018 1550 hic

358 1569 495 1605 Noster
503 1570 742 1616 intellexerit,
754 1582 844 1606 nam
858 1569 904 1606 de
915 1577 1017 1607 certo

359 1624 528 1676 quodam
550 1638 592 1662 ac
612 1627 699 1663 satis
719 1633 810 1662 noto
831 1627 919 1662 fano
940 1640 1022 1663 ser—

358 1694 517 1717 monem
540 1695 618 1718 esse
631 1684 692 1718 vel
709 1684 887 1719 articulus
907 1696 1020 1733 prae-

357 1739 501 1788 positus
525 1738 723 1775 ostendere
745 1741 892 1790 poterit.
923 1741 1019 1775 Lar-

358 1792 494 1831 cherus
515 1794 562 1831 de
581 1796 740 1845 Agrauli
760 1797 820 1832 vel
830 1797 1017 1832 Victoriae

361 1845 589 1903 οἷπτεριότου
622 1853 739 1899 cella,
773 1852 820 1889 de
847 1852 923 1904 qu&
952 1865 1018 1889 ea·-

360 1905 450 1944 dem
489 1909 655 1958 cogitare
694 1908 843 1946 videtur
890 1909 931 1946 C.
972 1910 1017 1945 0.

358 1965 522 2009 Mallem,
543 1966 581 2000 in
604 1967 772 2015 Gotting.
794 1967 890 2002 Anz.
913 1968 1018 2006 1822

359 2034 418 2057 nr.
439 2021 493 2061 47
523 2034 610 2072 pag.
631 2022 712 2062 463
735 2035 755 2058 a
788 2022 857 2060 Cr.
882 2021 1018 2058 lauda-

359 2084 430 2123 tus,
453 2076 513 2114 hic
535 2079 595 2128 agi
621 2080 831 2115 existimat:
875 2078 922 2115 de
943 2091 1018 2130 qua

359 2141 489 2170 tamen
514 2148 635 2186 aeque
657 2148 699 2171 ac
733 2135 779 2172 de
799 2134 1015 2171 Erechtheo

361 2188 427 2242 (de
462 2204 537 2242 quo
560 2191 660 2228 conf.
682 2193 802 2228 Kruse
823 2193 948 2228 Hellas
969 2193 1016 2239 II,

362 2251 381 2287 1
404 2260 490 2297 pag.
508 2249 750 2296 96)1ninime
763 2247 824 2285 hic
837 2250 898 2299 agi
909 2262 1017 2299 posse

358 2305 420 2340 vel
441 2302 529 2340 inde
549 2311 671 2354 patet,
695 2304 797 2356 quod
818 2306 897 2352 ista,
921 2319 1017 2356 quae

360 2359 526 2397 diximus
559 2362 659 2407 fana,
693 2363 732 2397 in
772 2363 850 2412 ipsa
891 2361 1016 2398 media

358 2416 465 2453 fuere
488 2418 667 2468 acropoli,
689 2417 762 2454 hoc
783 2419 866 2454 loco
887 2425 1016 2455 autem

357 2473 493 2509 fanum
531 2475 690 2524 intelligi
730 2474 861 2521 debet,
913 2474 1016 2527 quod

321 2540 323 2552 ¹
358 2531 429 2581 ipsi
448 2543 559 2567 muro
581 2531 626 2567 ab
641 2530 827 2567 occidenti
847 2539 925 2568 erat
943 2545 1014 2582 op—

357 2588 536 2638 positum.
578 2586 689 2632 Quod
716 2589 782 2624 vix
808 2587 910 2624 aliud
940 2602 1018 2625 esse

296 2668 299 2677 .
358 2645 497 2695 poterit
514 2650 626 2696 atque
634 2645 815 2681 sacellum
827 2647 898 2696 γῆς
912 2647 1017 2683 Kov-

357 2696 561 2752 ροτρόφου
574 2700 640 2740 naz
650 2696 861 2752 Δήμητρος
875 2697 1016 2750 Χλόης,

357 2769 379 2794 a
400 2759 565 2794 Pausan.
587 2759 616 2805 1,
638 2761 691 2799 22
714 2759 750 2803 §.
785 2760 808 2797 3
842 2770 1015 2794 comme-

356 2821 562 2852 moratum.
619 2815 698 2851 Nec
737 2812 915 2851 abhorret
955 2815 1014 2850 lo-

1080 833 1223 887 quendi
1244 847 1356 883 usus3
1385 848 1476 872 nam
1497 834 1658 887 μέγαρα,
1689 836 1738 874 de

1079 904 1155 943 qua
1185 904 1280 928 voce
1311 890 1411 928 conf.
1441 893 1476 939 1,
1509 892 1578 933 47.
1607 893 1652 940 V,
1683 896 1738 934 72

1078 949 1219 985 eximie
1232 947 1279 984 de
1291 948 1435 985 Cereris
1451 948 1545 985 fanis
1565 947 1640 986 dici
1650 962 1739 987 mo.-

1076 1006 1161 1041 nuit
1182 1005 1358 1041 Creuzer.
1383 1005 1558 1056 Symbol.
1575 1006 1629 1043 111
1649 1018 1738 1057 pag.

1078 1059 1145 1101 49.
1174 1082 1231 1089 --
1283 1061 1345 1098 Ad
1376 1063 1455 1099 vim
1484 1063 1589 1098 verbi
1620 1063 1739 1100 medii

1079 1113 1344 1168 ποιησάμενοι
1375 1118 1476 1155 conf.
1496 1120 1544 1165 11,
1571 1117 1660 1160 148.
1690 1120 1737 1167 V,

1079 1175 1147 1214 82.
1186 1174 1248 1211 Ad
1268 1175 1503 1211 locutionem
1524 1171 1736 1226 α’ριστερῆς

1077 1227 1188 1281 χερὸς
1219 1232 1320 1267 conf.
1359 1238 1455 1268 nott.
1485 1230 1533 1268 ad
1561 1233 1608 1279 ll,
1644 1234 1737 1273 169.

1079 1286 1191 1331 Quod
1211 1288 1382 1339 sequitur
1402 1290 1576 1340 πρῶτον,
1607 1287 1696 1325 dedi
1717 1302 1739 1325 e

1077 1344 1296 1381 melioribus
1316 1342 1429 1381 codd.
1487 1345 1610 1394 Vulgo
1628 1347 1740 1395 πρῶ·

1074 1414 1142 1447 τα,
1183 1400 1287 1452 quod
1306 1399 1502 1438 Schaeser.
1537 1408 1575 1438 et
1601 1400 1739 1439 Matth.

1075 1458 1325 1494 retinuerunt.
1385 1458 1580 1503 Quantum
1609 1465 1739 1495 autem

1077 1511 1170 1549 haec
1203 1513 1389 1550 Herodoti
1427 1515 1542 1551 verba
1584 1515 1737 1552 valeant

1077 1568 1126 1605 ad
1147 1570 1225 1606 eius
1256 1571 1370 1620 ipsius
1400 1578 1562 1607 aetatem
1594 1573 1738 1608 consti-

1076 1625 1273 1673 tuendam,
1297 1626 1344 1663 de
1364 1639 1408 1663 eo
1423 1626 1499 1663 vid.
1513 1628 1556 1664 G.
1576 1628 1619 1664 F.
1636 1629 1737 1664 Her-

1080 1694 1212 1719 mann.
1234 1684 1273 1719 in
1283 1684 1458 1720 Excursu
1469 1685 1567 1724 T,11
1586 1697 1623 1732 p.
1638 1687 1737 1725 660.

1074 1739 1132 1775 Ac
1153 1746 1255 1775 recte
1282 1739 1433 1777 videtur
1459 1741 1582 1790 Ie'ger.
1602 1741 1736 1791 Dispp.

1075 1795 1244 1833 Herodd.
1275 1810 1313 1846 p.
1343 1797 1395 1837 25
1427 1797 1628 1848 temporis,
1658 1809 1737 1849 quo

1074 1851 1234 1889 Athenis
1244 1855 1378 1890 Noster
1398 1860 1655 1890 commoratus
1675 1854 1735 1901 sit,

1074 1910 1238 1959 spatium
1281 1910 1342 1946 vel
1371 1910 1469 1946 ultra
1503 1911 1590 1947 belli
1619 1910 1737 1947 Pelo·-

1074 1967 1293 2015 ponnesiaci
1333 1967 1485 2002 initium
1516 1965 1736 2014 extendere,

1076 2025 1294 2071 praesertim
1316 2036 1405 2060 cum
1424 2024 1486 2070 VI,
1508 2025 1561 2064 98
1583 2022 1630 2060 de
1650 2036 1735 2060 ma-

1074 2079 1117 2114 lis
1147 2080 1235 2115 belli
1255 2080 1570 2131 Peloponnesiaci
1596 2081 1648 2116 ita
1673 2080 1736 2117 lo-

1074 2143 1234 2187 quatur,
1259 2143 1301 2173 ut
1320 2150 1399 2173 non
1420 2150 1440 2172 e
1460 2137 1562 2172 fama
1582 2143 1734 2173 tantum

1072 2193 1142 2228 ista
1164 2194 1362 2243 accepisse,
1384 2192 1450 2230 sed
1460 2193 1595 2244 ipseiis
1615 2194 1734 2230 inter-

1075 2248 1186 2286 fuisse
1212 2249 1395 2288 videatur.

1132 2304 1411 2358 ἐπιγέγραπται
1443 2303 1486 2345 δέ
1515 2304 1558 2344 οἱ
1584 2299 1731 2353 τάδε’]

1074 2362 1262 2400 Diodorus
1294 2364 1333 2399 in
1368 2364 1549 2412 Excerpt.
1591 2362 1661 2398 VII
1692 2362 1733 2397 iu

1073 2419 1164 2455 Maii
1198 2420 1353 2470 Scriptt.
1381 2425 1472 2455 vett.
1513 2419 1610 2454 Nov.
1641 2417 1734 2454 Col-

1073 2476 1159 2512 lect.
1189 2478 1224 2512 ΙΙ
1252 2488 1340 2526 pag.
1362 2478 1414 2516 37
1447 2472 1602 2521 eadem,
1635 2486 1733 2525 quae

1072 2531 1287 2569 Herodotus
1307 2532 1436 2583 paucis
1457 2543 1653 2578 enarrans,
1683 2542 1733 2567 ex

1071 2589 1210 2625 tributo
1242 2588 1491 2625 dectunarum
1529 2587 1734 2624 Boeotica-

1072 2658 1159 2681 rum
1189 2644 1440 2682 Athenienses
1477 2656 1632 2681 currum
1664 2656 1732 2680 ne-

1074 2715 1182 2737 reum
1221 2703 1259 2738 in
1299 2702 1491 2751 acropolin
1538 2699 1731 2737 dedicasse

1071 2758 1216 2805 scribit,
1257 2771 1301 2794 ac
1341 2756 1429 2794 dein
1475 2759 1602 2808 ipsum
1648 2757 1731 2807 epi-

1070 2827 1244 2863 gramma
1282 2814 1444 2864 prosert3
1483 2813 1588 2866 quod
1626 2812 1731 2850 idem
