<?xml version="1.0" encoding="UTF-8"?>
<!DOCTYPE html PUBLIC "-//W3C//DTD XHTML 1.0 Transitional//EN"
    "http://www.w3.org/TR/xhtml1/DTD/xhtml1-transitional.dtd">
<html xmlns="http://www.w3.org/1999/xhtml" xml:lang="en" lang="en">
 <head>
  <title>
</title>
<meta http-equiv="Content-Type" content="text/html;charset=utf-8" />
  <meta name='ocr-system' content='tesseract 3.04.00' />
  <meta name='ocr-capabilities' content='ocr_page ocr_carea ocr_par ocr_line ocrx_word'/>
</head>
<body>
  <div class='ocr_page' id='page_1' title='image "./musaeher03hero/musaeher03hero_0037.png"; bbox 0 0 1897 3340; ppageno 0'>
   <div class='ocr_carea' id='block_1_1' title="bbox 511 197 1513 238">
    <p class='ocr_par' dir='ltr' id='par_1_1' title="bbox 511 197 1513 238">
     <span class='ocr_line' id='line_1_1' title="bbox 511 197 1513 238; baseline -0.008 0"><span class='ocrx_word' id='word_1_1' title='bbox 511 197 1155 238; x_wconf 78' lang='lat' dir='ltr'><strong>TERPSICHORE.</strong></span> <span class='ocrx_word' id='word_1_2' title='bbox 1216 197 1259 232; x_wconf 91' lang='lat' dir='ltr'><em>V.</em></span> <span class='ocrx_word' id='word_1_3' title='bbox 1459 198 1513 236; x_wconf 82' lang='grc'><em>29</em></span> 
     </span>
    </p>
   </div>
   <div class='ocr_carea' id='block_1_2' title="bbox 124 303 1568 1244">
    <p class='ocr_par' dir='ltr' id='par_1_2' title="bbox 124 303 1568 1244">
     <span class='ocr_line' id='line_1_2' title="bbox 224 303 1511 366; baseline -0.002 -17"><span class='ocrx_word' id='word_1_4' title='bbox 224 312 333 366; x_wconf 78' lang='grc' dir='ltr'><em>7ξῆς</em></span> <span class='ocrx_word' id='word_1_5' title='bbox 363 308 503 351; x_wconf 98' lang='grc' dir='ltr'><em>ἀντίαι</em></span> <span class='ocrx_word' id='word_1_6' title='bbox 535 309 677 360; x_wconf 80' lang='grc' dir='ltr'><em>ἵζοντο</em></span> <span class='ocrx_word' id='word_1_7' title='bbox 707 310 821 348; x_wconf 88' lang='grc' dir='ltr'><em>τοῖσι</em></span> <span class='ocrx_word' id='word_1_8' title='bbox 854 304 1056 362; x_wconf 83' lang='grc' dir='ltr'><em>Πέρσῃσι.</em></span> <span class='ocrx_word' id='word_1_9' title='bbox 1102 303 1294 347; x_wconf 77' lang='grc' dir='ltr'><em>ἐνθαῦτα</em></span> <span class='ocrx_word' id='word_1_10' title='bbox 1326 305 1370 347; x_wconf 78' lang='grc' dir='ltr'><em>οἱ</em></span> <span class='ocrx_word' id='word_1_11' title='bbox 1402 303 1511 358; x_wconf 84' lang='grc' dir='ltr'><em>Πέρ-</em></span> 
     </span>
     <span class='ocr_line' id='line_1_3' title="bbox 254 370 1514 430; baseline -0.004 -11"><span class='ocrx_word' id='word_1_12' title='bbox 254 389 326 419; x_wconf 85' lang='grc' dir='ltr'><em>σαι</em></span> <span class='ocrx_word' id='word_1_13' title='bbox 384 374 576 430; x_wconf 83' lang='grc' dir='ltr'><em>ἰδόμενοι</em></span> <span class='ocrx_word' id='word_1_14' title='bbox 623 378 836 429; x_wconf 78' lang='grc' dir='ltr'><em>γυναῖκας</em></span> <span class='ocrx_word' id='word_1_15' title='bbox 885 371 1157 428; x_wconf 78' lang='grc' dir='ltr'><em>εὐμόρφους,</em></span> <span class='ocrx_word' id='word_1_16' title='bbox 1209 372 1357 427; x_wconf 76' lang='grc' dir='ltr'><em>ἔλεγον</em></span> <span class='ocrx_word' id='word_1_17' title='bbox 1404 370 1514 424; x_wconf 79' lang='grc' dir='ltr'><em>πρὸς</em></span> 
     </span>
     <span class='ocr_line' id='line_1_4' title="bbox 250 436 1514 498; baseline -0.004 -12"><span class='ocrx_word' id='word_1_18' title='bbox 250 441 481 498; x_wconf 77' lang='grc' dir='ltr'><em>Ἀμύντην,</em></span> <span class='ocrx_word' id='word_1_19' title='bbox 521 441 711 497; x_wconf 79' lang='grc' dir='ltr'><em>φάμενοι</em></span> <span class='ocrx_word' id='word_1_20' title='bbox 749 441 824 493; x_wconf 88' lang='grc' dir='ltr'><em>,,τό</em></span> <span class='ocrx_word' id='word_1_21' title='bbox 854 440 1040 496; x_wconf 78' lang='grc' dir='ltr'><em>ποιηθὲν</em></span> <span class='ocrx_word' id='word_1_22' title='bbox 1079 444 1210 483; x_wconf 88' lang='grc' dir='ltr'><em>τοῦτο</em></span> <span class='ocrx_word' id='word_1_23' title='bbox 1243 437 1374 483; x_wconf 75' lang='grc' dir='ltr'><em>οὐδὲν</em></span> <span class='ocrx_word' id='word_1_24' title='bbox 1404 436 1514 481; x_wconf 82' lang='grc' dir='ltr'><em>εἶναι</em></span> 
     </span>
     <span class='ocr_line' id='line_1_5' title="bbox 252 505 1568 564; baseline -0.003 -13"><span class='ocrx_word' id='word_1_25' title='bbox 252 510 442 563; x_wconf 87' lang='grc' dir='ltr'><em>,,σοφόν·</em></span> <span class='ocrx_word' id='word_1_26' title='bbox 484 507 668 562; x_wconf 79' lang='grc' dir='ltr'><em>κρέσσον</em></span> <span class='ocrx_word' id='word_1_27' title='bbox 696 507 779 563; x_wconf 75' lang='grc' dir='ltr'><em>γάρ</em></span> <span class='ocrx_word' id='word_1_28' title='bbox 816 505 926 551; x_wconf 81' lang='grc' dir='ltr'><em>εἶναι</em></span> <span class='ocrx_word' id='word_1_29' title='bbox 956 505 1146 563; x_wconf 77' lang='grc' dir='ltr'><em>ἀρχῆθεν</em></span> <span class='ocrx_word' id='word_1_30' title='bbox 1175 507 1233 564; x_wconf 80' lang='grc' dir='ltr'><em>μή</em></span> <span class='ocrx_word' id='word_1_31' title='bbox 1264 507 1407 550; x_wconf 76' lang='grc' dir='ltr'><em>ἐλθεῖν</em></span> <span class='ocrx_word' id='word_1_32' title='bbox 1435 506 1511 557; x_wconf 74' lang='grc' dir='ltr'><em>τοὶς</em></span> <span class='ocrx_word' id='word_1_33' title='bbox 1524 513 1568 546; x_wconf 85' lang='grc'><em>35</em></span> 
     </span>
     <span class='ocr_line' id='line_1_6' title="bbox 252 574 1555 632; baseline 0 -15"><span class='ocrx_word' id='word_1_34' title='bbox 252 580 508 630; x_wconf 83' lang='grc' dir='ltr'><em>,,γυναῖκας,</em></span> <span class='ocrx_word' id='word_1_35' title='bbox 538 574 568 632; x_wconf 74' lang='grc' dir='ltr'><strong><em>ἦ</em></strong></span> <span class='ocrx_word' id='word_1_36' title='bbox 598 574 811 627; x_wconf 79' lang='grc' dir='ltr'><em>ἐλθούσας</em></span> <span class='ocrx_word' id='word_1_37' title='bbox 835 577 907 619; x_wconf 87' lang='grc' dir='ltr'><em>καὶ</em></span> <span class='ocrx_word' id='word_1_38' title='bbox 937 575 995 631; x_wconf 82' lang='grc' dir='ltr'><em>μή</em></span> <span class='ocrx_word' id='word_1_39' title='bbox 1027 575 1334 631; x_wconf 80' lang='grc' dir='ltr'><em>παριζομένας,</em></span> <span class='ocrx_word' id='word_1_40' title='bbox 1366 574 1516 625; x_wconf 90' lang='grc' dir='ltr'><em>ἀντίας</em></span> <span class='ocrx_word' id='word_1_41' title='bbox 1550 610 1555 612; x_wconf 52' lang='grc'><em>,</em></span> 
     </span>
     <span class='ocr_line' id='line_1_7' title="bbox 223 641 1511 700; baseline 0.001 -17"><span class='ocrx_word' id='word_1_42' title='bbox 223 645 448 696; x_wconf 68' lang='grc' dir='ltr'><em>3,,ἴζεσθαι</em></span> <span class='ocrx_word' id='word_1_43' title='bbox 487 643 730 700; x_wconf 75' lang='grc' dir='ltr'><em>ἀλγηδόνας</em></span> <span class='ocrx_word' id='word_1_44' title='bbox 762 655 841 699; x_wconf 85' lang='grc' dir='ltr'><em>σφι</em></span> <span class='ocrx_word' id='word_1_45' title='bbox 879 643 1165 699; x_wconf 74' lang='grc' dir='ltr'><em>ὀφθαλμῶν.“</em></span> <span class='ocrx_word' id='word_1_46' title='bbox 1222 641 1511 698; x_wconf 79' lang='grc' dir='ltr'><em>ἀναγκαζόμε-</em></span> 
     </span>
     <span class='ocr_line' id='line_1_8' title="bbox 249 709 1567 767; baseline -0.001 -14"><span class='ocrx_word' id='word_1_47' title='bbox 249 728 326 763; x_wconf 84' lang='grc' dir='ltr'><em>νος</em></span> <span class='ocrx_word' id='word_1_48' title='bbox 349 712 394 753; x_wconf 80' lang='grc' dir='ltr'><em>δὲ</em></span> <span class='ocrx_word' id='word_1_49' title='bbox 426 710 448 754; x_wconf 93' lang='grc' dir='ltr'>ὁ</span> <span class='ocrx_word' id='word_1_50' title='bbox 467 709 673 767; x_wconf 79' lang='grc' dir='ltr'><em>Ἀμύντης</em></span> <span class='ocrx_word' id='word_1_51' title='bbox 701 713 866 755; x_wconf 79' lang='grc' dir='ltr'><em>ἐκέλευε</em></span> <span class='ocrx_word' id='word_1_52' title='bbox 896 713 1114 766; x_wconf 62' lang='grc' dir='ltr'><em>παρίζειν</em></span> <span class='ocrx_word' id='word_1_53' title='bbox 1149 710 1445 765; x_wconf 80' lang='grc' dir='ltr'><em>πειθομενέων</em></span> <span class='ocrx_word' id='word_1_54' title='bbox 1468 725 1511 752; x_wconf 83' lang='grc' dir='ltr'><em>τε</em></span> <span class='ocrx_word' id='word_1_55' title='bbox 1523 712 1567 748; x_wconf 77' lang='lat'><em>40</em></span> 
     </span>
     <span class='ocr_line' id='line_1_9' title="bbox 247 776 1511 835; baseline -0.002 -14"><span class='ocrx_word' id='word_1_56' title='bbox 247 783 334 822; x_wconf 77' lang='grc' dir='ltr'><em>τῶν</em></span> <span class='ocrx_word' id='word_1_57' title='bbox 355 784 590 834; x_wconf 77' lang='grc' dir='ltr'><em>γυναικῶν,</em></span> <span class='ocrx_word' id='word_1_58' title='bbox 626 779 781 822; x_wconf 80' lang='grc' dir='ltr'><em>αὐτίκα</em></span> <span class='ocrx_word' id='word_1_59' title='bbox 813 782 856 823; x_wconf 82' lang='grc' dir='ltr'><em>οἱ</em></span> <span class='ocrx_word' id='word_1_60' title='bbox 888 781 1053 834; x_wconf 80' lang='grc' dir='ltr'><em>Πέρσαι</em></span> <span class='ocrx_word' id='word_1_61' title='bbox 1082 785 1258 835; x_wconf 80' lang='grc' dir='ltr'><em>μαστῶν</em></span> <span class='ocrx_word' id='word_1_62' title='bbox 1281 794 1324 821; x_wconf 84' lang='grc' dir='ltr'><em>τε</em></span> <span class='ocrx_word' id='word_1_63' title='bbox 1355 776 1511 820; x_wconf 73' lang='grc' dir='ltr'><em>ἅπτου·</em></span> 
     </span>
     <span class='ocr_line' id='line_1_10' title="bbox 247 844 1508 904; baseline -0.002 -15"><span class='ocrx_word' id='word_1_64' title='bbox 247 864 320 899; x_wconf 82' lang='grc' dir='ltr'><em>το,</em></span> <span class='ocrx_word' id='word_1_65' title='bbox 362 844 434 890; x_wconf 81' lang='grc' dir='ltr'><em>οἷα</em></span> <span class='ocrx_word' id='word_1_66' title='bbox 473 846 668 898; x_wconf 75' lang='grc' dir='ltr'><em>πλεόνως</em></span> <span class='ocrx_word' id='word_1_67' title='bbox 708 849 963 904; x_wconf 80' lang='grc' dir='ltr'><em>οἰνωμένοι,</em></span> <span class='ocrx_word' id='word_1_68' title='bbox 1003 848 1077 891; x_wconf 82' lang='grc' dir='ltr'><em>καί</em></span> <span class='ocrx_word' id='word_1_69' title='bbox 1115 864 1198 890; x_wconf 83' lang='grc' dir='ltr'><em>κου</em></span> <span class='ocrx_word' id='word_1_70' title='bbox 1236 863 1299 897; x_wconf 88' lang='grc' dir='ltr'><em>τις</em></span> <span class='ocrx_word' id='word_1_71' title='bbox 1338 846 1411 889; x_wconf 79' lang='grc' dir='ltr'><em>καὶ</em></span> <span class='ocrx_word' id='word_1_72' title='bbox 1441 862 1508 900; x_wconf 75' lang='grc' dir='ltr'><em>φι-</em></span> 
     </span>
     <span class='ocr_line' id='line_1_11' title="bbox 124 911 1509 972; baseline -0.004 -12"><span class='ocrx_word' id='word_1_73' title='bbox 124 917 189 960; x_wconf 87' lang='grc'><em>19</em></span> <span class='ocrx_word' id='word_1_74' title='bbox 246 914 357 958; x_wconf 78' lang='grc' dir='ltr'><em>λεέιν</em></span> <span class='ocrx_word' id='word_1_75' title='bbox 382 915 592 970; x_wconf 75' lang='grc' dir='ltr'><em>ἐπειρᾶτο.</em></span> <span class='ocrx_word' id='word_1_76' title='bbox 648 913 856 972; x_wconf 80' lang='grc' dir='ltr'><em>Ἀμύντης</em></span> <span class='ocrx_word' id='word_1_77' title='bbox 877 917 956 971; x_wconf 77' lang='grc' dir='ltr'><em>μὲν</em></span> <span class='ocrx_word' id='word_1_78' title='bbox 989 915 1042 971; x_wconf 77' lang='grc' dir='ltr'><em>δὴ</em></span> <span class='ocrx_word' id='word_1_79' title='bbox 1066 919 1202 957; x_wconf 86' lang='grc' dir='ltr'><em>ταῦτα</em></span> <span class='ocrx_word' id='word_1_80' title='bbox 1230 913 1370 968; x_wconf 81' lang='grc' dir='ltr'><em>ὁρέων</em></span> <span class='ocrx_word' id='word_1_81' title='bbox 1392 911 1509 967; x_wconf 67' lang='grc' dir='ltr'><em>ἀτρέ·</em></span> 
     </span>
     <span class='ocr_line' id='line_1_12' title="bbox 247 981 1510 1039; baseline -0.003 -13"><span class='ocrx_word' id='word_1_82' title='bbox 247 999 329 1039; x_wconf 83' lang='grc' dir='ltr'><em>μας</em></span> <span class='ocrx_word' id='word_1_83' title='bbox 360 981 463 1039; x_wconf 81' lang='grc' dir='ltr'><em>εἶχε,</em></span> <span class='ocrx_word' id='word_1_84' title='bbox 513 985 586 1026; x_wconf 88' lang='grc' dir='ltr'><em>καί</em></span> <span class='ocrx_word' id='word_1_85' title='bbox 615 999 695 1038; x_wconf 85' lang='grc' dir='ltr'><em>περ</em></span> <span class='ocrx_word' id='word_1_86' title='bbox 728 984 1013 1039; x_wconf 81' lang='grc' dir='ltr'><em>δυσφορέων,</em></span> <span class='ocrx_word' id='word_1_87' title='bbox 1052 981 1124 1026; x_wconf 84' lang='grc' dir='ltr'><em>οἷα</em></span> <span class='ocrx_word' id='word_1_88' title='bbox 1160 981 1510 1037; x_wconf 74' lang='grc' dir='ltr'><em>ὑπερδειμαίνων</em></span> 
     </span>
     <span class='ocr_line' id='line_1_13' title="bbox 218 1048 1510 1107; baseline -0.002 -13"><span class='ocrx_word' id='word_1_89' title='bbox 218 1051 350 1102; x_wconf 71' lang='grc' dir='ltr'><em>Ξτυύς</em></span> <span class='ocrx_word' id='word_1_90' title='bbox 390 1051 571 1105; x_wconf 81' lang='grc' dir='ltr'><em>Πέρσας.</em></span> <span class='ocrx_word' id='word_1_91' title='bbox 629 1050 908 1107; x_wconf 82' lang='grc' dir='ltr'><em>Ἀλέξανδρος</em></span> <span class='ocrx_word' id='word_1_92' title='bbox 938 1052 984 1095; x_wconf 81' lang='grc' dir='ltr'><em>δὲ</em></span> <span class='ocrx_word' id='word_1_93' title='bbox 1026 1050 1049 1094; x_wconf 89' lang='grc' dir='ltr'>ὁ</span> <span class='ocrx_word' id='word_1_94' title='bbox 1082 1050 1297 1106; x_wconf 80' lang='grc' dir='ltr'><em>Ἀμύντεω</em></span> <span class='ocrx_word' id='word_1_95' title='bbox 1335 1048 1510 1105; x_wconf 82' lang='grc' dir='ltr'><em>παρεών</em></span> 
     </span>
     <span class='ocr_line' id='line_1_14' title="bbox 247 1118 1565 1174; baseline -0.003 -12"><span class='ocrx_word' id='word_1_96' title='bbox 247 1136 289 1163; x_wconf 86' lang='grc' dir='ltr'><em>τε</em></span> <span class='ocrx_word' id='word_1_97' title='bbox 328 1121 400 1163; x_wconf 86' lang='grc' dir='ltr'><em>καὶ</em></span> <span class='ocrx_word' id='word_1_98' title='bbox 441 1118 580 1174; x_wconf 83' lang='grc' dir='ltr'><em>ὁρέων</em></span> <span class='ocrx_word' id='word_1_99' title='bbox 617 1124 773 1171; x_wconf 82' lang='grc' dir='ltr'><em>ταῦτα,</em></span> <span class='ocrx_word' id='word_1_100' title='bbox 812 1119 885 1163; x_wconf 82' lang='grc' dir='ltr'><em>ἅτε</em></span> <span class='ocrx_word' id='word_1_101' title='bbox 914 1119 1012 1170; x_wconf 76' lang='grc' dir='ltr'><em>νέος</em></span> <span class='ocrx_word' id='word_1_102' title='bbox 1049 1135 1093 1162; x_wconf 88' lang='grc' dir='ltr'><em>τε</em></span> <span class='ocrx_word' id='word_1_103' title='bbox 1124 1119 1209 1163; x_wconf 76' lang='grc' dir='ltr'><em>ἐῶν</em></span> <span class='ocrx_word' id='word_1_104' title='bbox 1248 1119 1321 1163; x_wconf 82' lang='grc' dir='ltr'><em>καὶ</em></span> <span class='ocrx_word' id='word_1_105' title='bbox 1360 1122 1565 1162; x_wconf 65' lang='grc' dir='ltr'><em>κακῶν45</em></span> 
     </span>
     <span class='ocr_line' id='line_1_15' title="bbox 246 1183 1510 1244; baseline 0 -14"><span class='ocrx_word' id='word_1_106' title='bbox 246 1186 441 1243; x_wconf 78' lang='grc' dir='ltr'><em>ἀπαθὴς,</em></span> <span class='ocrx_word' id='word_1_107' title='bbox 474 1187 675 1243; x_wconf 80' lang='grc' dir='ltr'><em>οὐδαμῶς</em></span> <span class='ocrx_word' id='word_1_108' title='bbox 705 1188 764 1231; x_wconf 76' lang='grc' dir='ltr'><em>ἔτι</em></span> <span class='ocrx_word' id='word_1_109' title='bbox 785 1188 976 1244; x_wconf 82' lang='grc' dir='ltr'><em>κατέχειν</em></span> <span class='ocrx_word' id='word_1_110' title='bbox 1007 1184 1101 1240; x_wconf 81' lang='grc' dir='ltr'><em>οἷός</em></span> <span class='ocrx_word' id='word_1_111' title='bbox 1129 1205 1172 1232; x_wconf 85' lang='grc' dir='ltr'><em>τε</em></span> <span class='ocrx_word' id='word_1_112' title='bbox 1202 1183 1277 1243; x_wconf 80' lang='grc' dir='ltr'><em>ἦν·</em></span> <span class='ocrx_word' id='word_1_113' title='bbox 1324 1187 1432 1231; x_wconf 78' lang='grc' dir='ltr'><em>ὥστε</em></span> <span class='ocrx_word' id='word_1_114' title='bbox 1465 1186 1510 1230; x_wconf 80' lang='grc' dir='ltr'><em>δὲ</em></span> 
     </span>
    </p>
   </div>
   <div class='ocr_carea' id='block_1_3' title="bbox 1566 841 1647 880">
    <p class='ocr_par' dir='ltr' id='par_1_3' title="bbox 1566 841 1647 880">
     <span class='ocr_line' id='line_1_16' title="bbox 1566 841 1647 880; baseline 0 0"><span class='ocrx_word' id='word_1_115' title='bbox 1566 841 1647 880; x_wconf 81' lang='lat'><em>380</em></span> 
     </span>
    </p>
   </div>
   <div class='ocr_carea' id='block_1_4' title="bbox 1567 902 1817 1038">
    <p class='ocr_par' dir='ltr' id='par_1_4' title="bbox 1567 902 1817 1038">
     <span class='ocr_line' id='line_1_17' title="bbox 1569 902 1787 929; baseline 0.005 -1"><span class='ocrx_word' id='word_1_116' title='bbox 1569 902 1741 929; x_wconf 72' lang='lat' dir='ltr'>Alexander</span> <span class='ocrx_word' id='word_1_117' title='bbox 1766 905 1787 928; x_wconf 83' lang='grc' dir='ltr'>Α</span> 
     </span>
     <span class='ocr_line' id='line_1_18' title="bbox 1568 936 1808 971; baseline 0 -8"><span class='ocrx_word' id='word_1_118' title='bbox 1568 941 1691 971; x_wconf 74' lang='lat' dir='ltr'>myntae</span> <span class='ocrx_word' id='word_1_119' title='bbox 1715 936 1808 968; x_wconf 65' lang='lat' dir='ltr'>filius,</span> 
     </span>
     <span class='ocr_line' id='line_1_19' title="bbox 1569 970 1817 1006; baseline 0.004 -9"><span class='ocrx_word' id='word_1_120' title='bbox 1569 970 1732 1006; x_wconf 76' lang='lat' dir='ltr'><strong>impatiens</strong></span> <span class='ocrx_word' id='word_1_121' title='bbox 1751 980 1817 998; x_wconf 79' lang='lat' dir='ltr'><em>con—</em></span> 
     </span>
     <span class='ocr_line' id='line_1_20' title="bbox 1567 1004 1723 1038; baseline 0 -7"><span class='ocrx_word' id='word_1_122' title='bbox 1567 1004 1723 1038; x_wconf 66' lang='lat' dir='ltr'>tumeliam,</span> 
     </span>
    </p>
   </div>
   <div class='ocr_carea' id='block_1_5' title="bbox 241 1286 463 1292">
    <p class='ocr_par' dir='ltr' id='par_1_5' title="bbox 241 1286 463 1292">
     <span class='ocr_line' id='line_1_21' title="bbox 241 1286 463 1292; baseline 0 0"><span class='ocrx_word' id='word_1_123' title='bbox 241 1286 463 1292; x_wconf 95' lang='lat' dir='ltr'><em> </em></span> 
     </span>
    </p>
   </div>
   <div class='ocr_carea' id='block_1_6' title="bbox 186 1333 849 2858">
    <p class='ocr_par' dir='ltr' id='par_1_6' title="bbox 186 1333 849 2238">
     <span class='ocr_line' id='line_1_22' title="bbox 249 1333 849 1388; baseline -0.002 -13"><span class='ocrx_word' id='word_1_124' title='bbox 249 1333 423 1376; x_wconf 82' lang='grc' dir='ltr'><em>ἀντίαι</em></span> <span class='ocrx_word' id='word_1_125' title='bbox 455 1336 583 1383; x_wconf 76' lang='grc' dir='ltr'><em>ἵζοντο</em></span> <span class='ocrx_word' id='word_1_126' title='bbox 613 1340 712 1376; x_wconf 85' lang='grc' dir='ltr'><em>τοῖσι</em></span> <span class='ocrx_word' id='word_1_127' title='bbox 748 1335 849 1388; x_wconf 77' lang='grc' dir='ltr'><em>Πέρ-</em></span> 
     </span>
     <span class='ocr_line' id='line_1_23' title="bbox 193 1391 846 1446; baseline -0.002 -15"><span class='ocrx_word' id='word_1_128' title='bbox 193 1395 312 1446; x_wconf 81' lang='grc' dir='ltr'><em>σῃσι]</em></span> <span class='ocrx_word' id='word_1_129' title='bbox 355 1391 485 1432; x_wconf 75' lang='grc' dir='ltr'><em>ἀντίαι</em></span> <span class='ocrx_word' id='word_1_130' title='bbox 516 1407 605 1429; x_wconf 66' lang='lat' dir='ltr'><em>(tum</em></span> <span class='ocrx_word' id='word_1_131' title='bbox 627 1392 846 1443; x_wconf 75' lang='lat' dir='ltr'>Schweigh.</span> 
     </span>
     <span class='ocr_line' id='line_1_24' title="bbox 192 1450 846 1486; baseline -0.002 0"><span class='ocrx_word' id='word_1_132' title='bbox 192 1457 229 1486; x_wconf 88' lang='lat' dir='ltr'><em>et</em></span> <span class='ocrx_word' id='word_1_133' title='bbox 257 1451 370 1486; x_wconf 79' lang='lat' dir='ltr'>Gaisf.</span> <span class='ocrx_word' id='word_1_134' title='bbox 403 1450 559 1486; x_wconf 82' lang='lat' dir='ltr'>exhibui</span> <span class='ocrx_word' id='word_1_135' title='bbox 595 1464 615 1485; x_wconf 83' lang='lat' dir='ltr'><strong>e</strong></span> <span class='ocrx_word' id='word_1_136' title='bbox 656 1451 846 1486; x_wconf 83' lang='lat' dir='ltr'>nonnullis</span> 
     </span>
     <span class='ocr_line' id='line_1_25' title="bbox 190 1501 847 1557; baseline -0.002 -15"><span class='ocrx_word' id='word_1_137' title='bbox 190 1507 290 1543; x_wconf 76' lang='lat' dir='ltr'>libris</span> <span class='ocrx_word' id='word_1_138' title='bbox 321 1519 390 1556; x_wconf 89' lang='lat' dir='ltr'><em>pro</em></span> <span class='ocrx_word' id='word_1_139' title='bbox 423 1507 525 1556; x_wconf 86' lang='lat' dir='ltr'>vulg.</span> <span class='ocrx_word' id='word_1_140' title='bbox 560 1501 698 1553; x_wconf 77' lang='grc' dir='ltr'><em>ἀντία,</em></span> <span class='ocrx_word' id='word_1_141' title='bbox 742 1506 847 1557; x_wconf 85' lang='lat' dir='ltr'>quod</span> 
     </span>
     <span class='ocr_line' id='line_1_26' title="bbox 189 1558 846 1614; baseline 0 -15"><span class='ocrx_word' id='word_1_142' title='bbox 189 1564 314 1614; x_wconf 89' lang='lat' dir='ltr'>ipsum</span> <span class='ocrx_word' id='word_1_143' title='bbox 339 1563 437 1599; x_wconf 82' lang='lat' dir='ltr'>iufra</span> <span class='ocrx_word' id='word_1_144' title='bbox 466 1576 533 1613; x_wconf 89' lang='lat' dir='ltr'><em>pro</em></span> <span class='ocrx_word' id='word_1_145' title='bbox 565 1558 702 1609; x_wconf 81' lang='grc' dir='ltr'><em>ἀντίας</em></span> <span class='ocrx_word' id='word_1_146' title='bbox 734 1562 846 1599; x_wconf 87' lang='lat' dir='ltr'><strong>codd.</strong></span> 
     </span>
     <span class='ocr_line' id='line_1_27' title="bbox 189 1618 845 1671; baseline 0.002 -16"><span class='ocrx_word' id='word_1_147' title='bbox 189 1619 347 1671; x_wconf 81' lang='lat' dir='ltr'>quidam</span> <span class='ocrx_word' id='word_1_148' title='bbox 398 1618 591 1656; x_wconf 84' lang='lat' dir='ltr'>exhibent.</span> <span class='ocrx_word' id='word_1_149' title='bbox 668 1620 718 1655; x_wconf 88' lang='lat' dir='ltr'><em>At</em></span> <span class='ocrx_word' id='word_1_150' title='bbox 768 1619 845 1656; x_wconf 71' lang='lat' dir='ltr'><em>vid.</em></span> 
     </span>
     <span class='ocr_line' id='line_1_28' title="bbox 188 1676 845 1723; baseline 0 -10"><span class='ocrx_word' id='word_1_151' title='bbox 188 1677 250 1723; x_wconf 87' lang='lat' dir='ltr'><em>VI,</em></span> <span class='ocrx_word' id='word_1_152' title='bbox 281 1678 348 1716; x_wconf 88' lang='grc'><em>77.</em></span> <span class='ocrx_word' id='word_1_153' title='bbox 384 1677 451 1723; x_wconf 88' lang='grc' dir='ltr'><em>ΙΧ,</em></span> <span class='ocrx_word' id='word_1_154' title='bbox 484 1678 537 1716; x_wconf 79' lang='lat'><em>26</em></span> <span class='ocrx_word' id='word_1_155' title='bbox 574 1676 659 1712; x_wconf 86' lang='lat' dir='ltr'><em>coll.</em></span> <span class='ocrx_word' id='word_1_156' title='bbox 693 1678 755 1715; x_wconf 81' lang='grc'><strong>18.</strong></span> <span class='ocrx_word' id='word_1_157' title='bbox 779 1679 845 1717; x_wconf 87' lang='grc'><em>62.</em></span> 
     </span>
     <span class='ocr_line' id='line_1_29' title="bbox 188 1732 846 1784; baseline -0.002 -15"><span class='ocrx_word' id='word_1_158' title='bbox 188 1732 360 1783; x_wconf 86' lang='lat' dir='ltr'>Euripid.</span> <span class='ocrx_word' id='word_1_159' title='bbox 374 1733 492 1769; x_wconf 80' lang='lat' dir='ltr'><em>orest.</em></span> <span class='ocrx_word' id='word_1_160' title='bbox 509 1732 637 1773; x_wconf 77' lang='lat'><strong>1479:</strong></span> <span class='ocrx_word' id='word_1_161' title='bbox 663 1745 759 1784; x_wconf 81' lang='lat' dir='ltr'>quae</span> <span class='ocrx_word' id='word_1_162' title='bbox 771 1732 846 1769; x_wconf 85' lang='lat' dir='ltr'><em>du-</em></span> 
     </span>
     <span class='ocr_line' id='line_1_30' title="bbox 190 1789 844 1839; baseline 0.002 -14"><span class='ocrx_word' id='word_1_163' title='bbox 190 1789 284 1826; x_wconf 89' lang='lat' dir='ltr'><em>dum</em></span> <span class='ocrx_word' id='word_1_164' title='bbox 331 1790 376 1826; x_wconf 83' lang='lat' dir='ltr'><em>ab</em></span> <span class='ocrx_word' id='word_1_165' title='bbox 416 1791 683 1839; x_wconf 77' lang='lat' dir='ltr'>interpretibus</span> <span class='ocrx_word' id='word_1_166' title='bbox 733 1790 844 1826; x_wconf 78' lang='lat' dir='ltr'>allata</span> 
     </span>
     <span class='ocr_line' id='line_1_31' title="bbox 189 1845 841 1897; baseline 0.005 -15"><span class='ocrx_word' id='word_1_167' title='bbox 189 1859 268 1883; x_wconf 81' lang='lat' dir='ltr'>esse</span> <span class='ocrx_word' id='word_1_168' title='bbox 289 1845 412 1883; x_wconf 86' lang='lat' dir='ltr'>video.</span> <span class='ocrx_word' id='word_1_169' title='bbox 434 1869 489 1873; x_wconf 85' lang='lat'><strong>—</strong></span> <span class='ocrx_word' id='word_1_170' title='bbox 509 1845 571 1882; x_wconf 85' lang='lat' dir='ltr'><em>Ad</em></span> <span class='ocrx_word' id='word_1_171' title='bbox 598 1845 769 1897; x_wconf 75' lang='grc' dir='ltr'><em>ἔλεγον</em></span> <span class='ocrx_word' id='word_1_172' title='bbox 791 1871 841 1875; x_wconf 74' lang='lat'>—</span> 
     </span>
     <span class='ocr_line' id='line_1_32' title="bbox 189 1898 843 1953; baseline -0.006 -10"><span class='ocrx_word' id='word_1_173' title='bbox 189 1898 421 1953; x_wconf 74' lang='grc' dir='ltr'><em>φάμενοι</em></span> <span class='ocrx_word' id='word_1_174' title='bbox 451 1904 551 1940; x_wconf 83' lang='lat' dir='ltr'><em>conf.</em></span> <span class='ocrx_word' id='word_1_175' title='bbox 575 1903 618 1949; x_wconf 93' lang='lat' dir='ltr'><em>V,</em></span> <span class='ocrx_word' id='word_1_176' title='bbox 650 1905 716 1949; x_wconf 82' lang='lat'><em>36,</em></span> <span class='ocrx_word' id='word_1_177' title='bbox 739 1910 775 1939; x_wconf 83' lang='lat' dir='ltr'><em>et</em></span> <span class='ocrx_word' id='word_1_178' title='bbox 795 1903 843 1939; x_wconf 80' lang='lat' dir='ltr'><em>ad</em></span> 
     </span>
     <span class='ocr_line' id='line_1_33' title="bbox 187 1957 844 2009; baseline 0.005 -13"><span class='ocrx_word' id='word_1_179' title='bbox 187 1958 504 2009; x_wconf 76' lang='lat' dir='ltr'>significationem</span> <span class='ocrx_word' id='word_1_180' title='bbox 543 1961 644 1996; x_wconf 83' lang='lat' dir='ltr'>vocis</span> <span class='ocrx_word' id='word_1_181' title='bbox 685 1972 708 1998; x_wconf 86' lang='lat'>6</span> <span class='ocrx_word' id='word_1_182' title='bbox 719 1974 738 1997; x_wconf 87' lang='grc' dir='ltr'><em>ο</em></span> <span class='ocrx_word' id='word_1_183' title='bbox 750 1975 780 2008; x_wconf 93' lang='grc' dir='ltr'><em>φ</em></span> <span class='ocrx_word' id='word_1_184' title='bbox 792 1957 811 1999; x_wconf 88' lang='grc' dir='ltr'>ὀ</span> <span class='ocrx_word' id='word_1_185' title='bbox 822 1975 844 1998; x_wconf 87' lang='lat' dir='ltr'><em>v</em></span> 
     </span>
     <span class='ocr_line' id='line_1_34' title="bbox 186 2015 844 2067; baseline 0.002 -15"><span class='ocrx_word' id='word_1_186' title='bbox 186 2023 315 2052; x_wconf 81' lang='lat' dir='ltr'><em>notata</em></span> <span class='ocrx_word' id='word_1_187' title='bbox 346 2016 394 2053; x_wconf 77' lang='lat' dir='ltr'><em>ad</em></span> <span class='ocrx_word' id='word_1_188' title='bbox 424 2019 488 2064; x_wconf 88' lang='lat' dir='ltr'><strong>III,</strong></span> <span class='ocrx_word' id='word_1_189' title='bbox 520 2015 558 2055; x_wconf 76' lang='lat'><em>4.</em></span> <span class='ocrx_word' id='word_1_190' title='bbox 592 2015 666 2056; x_wconf 81' lang='lat'><em>85:</em></span> <span class='ocrx_word' id='word_1_191' title='bbox 707 2017 844 2067; x_wconf 83' lang='lat' dir='ltr'>quibus</span> 
     </span>
     <span class='ocr_line' id='line_1_35' title="bbox 186 2072 843 2123; baseline 0.002 -14"><span class='ocrx_word' id='word_1_192' title='bbox 186 2086 288 2109; x_wconf 87' lang='lat' dir='ltr'>nunc</span> <span class='ocrx_word' id='word_1_193' title='bbox 315 2072 412 2123; x_wconf 69' lang='lat' dir='ltr'>addo</span> <span class='ocrx_word' id='word_1_194' title='bbox 440 2075 488 2110; x_wconf 85' lang='lat' dir='ltr'>sis</span> <span class='ocrx_word' id='word_1_195' title='bbox 516 2074 561 2118; x_wconf 81' lang='lat' dir='ltr'><em>V,</em></span> <span class='ocrx_word' id='word_1_196' title='bbox 583 2075 650 2111; x_wconf 76' lang='lat'><em>21.</em></span> <span class='ocrx_word' id='word_1_197' title='bbox 673 2074 752 2119; x_wconf 87' lang='lat' dir='ltr'><em>Vll,</em></span> <span class='ocrx_word' id='word_1_198' title='bbox 776 2076 843 2113; x_wconf 77' lang='lat'><em>23.</em></span> 
     </span>
     <span class='ocr_line' id='line_1_36' title="bbox 189 2130 843 2181; baseline 0.003 -16"><span class='ocrx_word' id='word_1_199' title='bbox 189 2132 268 2170; x_wconf 85' lang='lat'><em>130</em></span> <span class='ocrx_word' id='word_1_200' title='bbox 304 2136 340 2166; x_wconf 83' lang='lat' dir='ltr'><em>et</em></span> <span class='ocrx_word' id='word_1_201' title='bbox 376 2130 630 2167; x_wconf 77' lang='lat' dir='ltr'><em>Hoffmeister.</em></span> <span class='ocrx_word' id='word_1_202' title='bbox 663 2130 687 2166; x_wconf 87' lang='lat' dir='ltr'><em>l.</em></span> <span class='ocrx_word' id='word_1_203' title='bbox 708 2130 733 2166; x_wconf 94' lang='lat' dir='ltr'><em>l.</em></span> <span class='ocrx_word' id='word_1_204' title='bbox 755 2143 843 2181; x_wconf 78' lang='lat' dir='ltr'><strong>pag.</strong></span> 
     </span>
     <span class='ocr_line' id='line_1_37' title="bbox 187 2186 339 2238; baseline 0.013 -17"><span class='ocrx_word' id='word_1_205' title='bbox 187 2186 240 2226; x_wconf 84' lang='lat'><em>59</em></span> <span class='ocrx_word' id='word_1_206' title='bbox 261 2199 339 2238; x_wconf 85' lang='lat' dir='ltr'><strong>seq.</strong></span> 
     </span>
    </p>

    <p class='ocr_par' dir='ltr' id='par_1_7' title="bbox 187 2237 844 2858">
     <span class='ocr_line' id='line_1_38' title="bbox 243 2237 840 2294; baseline 0.003 -14"><span class='ocrx_word' id='word_1_207' title='bbox 243 2237 468 2294; x_wconf 83' lang='grc' dir='ltr'><em>ἀλγηδόνας</em></span> <span class='ocrx_word' id='word_1_208' title='bbox 490 2255 561 2292; x_wconf 85' lang='grc' dir='ltr'><em>σφι</em></span> <span class='ocrx_word' id='word_1_209' title='bbox 593 2238 840 2294; x_wconf 73' lang='grc' dir='ltr'><em>ὀφθαλμῶν]</em></span> 
     </span>
     <span class='ocr_line' id='line_1_39' title="bbox 187 2298 842 2350; baseline 0.006 -17"><span class='ocrx_word' id='word_1_210' title='bbox 187 2298 212 2334; x_wconf 87' lang='lat' dir='ltr'><em>i.</em></span> <span class='ocrx_word' id='word_1_211' title='bbox 234 2312 267 2335; x_wconf 85' lang='lat' dir='ltr'><em>e.</em></span> <span class='ocrx_word' id='word_1_212' title='bbox 290 2312 376 2348; x_wconf 83' lang='lat' dir='ltr'><em>quae</em></span> <span class='ocrx_word' id='word_1_213' title='bbox 392 2299 627 2349; x_wconf 76' lang='lat' dir='ltr'>(mulieres),</span> <span class='ocrx_word' id='word_1_214' title='bbox 660 2313 763 2350; x_wconf 82' lang='lat' dir='ltr'><strong><em>quum</em></strong></span> <span class='ocrx_word' id='word_1_215' title='bbox 784 2305 842 2337; x_wconf 81' lang='lat' dir='ltr'><em>at-</em></span> 
     </span>
     <span class='ocr_line' id='line_1_40' title="bbox 187 2356 842 2407; baseline 0.005 -17"><span class='ocrx_word' id='word_1_216' title='bbox 187 2356 321 2403; x_wconf 77' lang='lat' dir='ltr'><em>tingere</em></span> <span class='ocrx_word' id='word_1_217' title='bbox 339 2369 405 2392; x_wconf 79' lang='lat' dir='ltr'><em>non</em></span> <span class='ocrx_word' id='word_1_218' title='bbox 427 2356 544 2402; x_wconf 77' lang='lat' dir='ltr'><em>liceat,</em></span> <span class='ocrx_word' id='word_1_219' title='bbox 566 2356 738 2394; x_wconf 78' lang='lat' dir='ltr'><em>oculorum</em></span> <span class='ocrx_word' id='word_1_220' title='bbox 754 2359 842 2407; x_wconf 75' lang='lat' dir='ltr'>ipsis</span> 
     </span>
     <span class='ocr_line' id='line_1_41' title="bbox 187 2411 844 2451; baseline 0.006 -4"><span class='ocrx_word' id='word_1_221' title='bbox 187 2412 257 2447; x_wconf 78' lang='lat' dir='ltr'><em>sint</em></span> <span class='ocrx_word' id='word_1_222' title='bbox 287 2411 419 2449; x_wconf 80' lang='lat' dir='ltr'><em>dolores</em></span> <span class='ocrx_word' id='word_1_223' title='bbox 451 2426 477 2449; x_wconf 88' lang='lat' dir='ltr'><em>s.</em></span> <span class='ocrx_word' id='word_1_224' title='bbox 500 2413 674 2450; x_wconf 78' lang='lat' dir='ltr'><em>oculorum</em></span> <span class='ocrx_word' id='word_1_225' title='bbox 694 2416 844 2451; x_wconf 72' lang='lat' dir='ltr'><em>excitent</em></span> 
     </span>
     <span class='ocr_line' id='line_1_42' title="bbox 189 2467 844 2521; baseline 0.006 -18"><span class='ocrx_word' id='word_1_226' title='bbox 189 2467 596 2513; x_wconf 73' lang='lat' dir='ltr'>doloresLocutionem,</span> <span class='ocrx_word' id='word_1_227' title='bbox 618 2483 734 2521; x_wconf 76' lang='lat' dir='ltr'><strong>quam</strong></span> <span class='ocrx_word' id='word_1_228' title='bbox 756 2473 844 2507; x_wconf 80' lang='lat' dir='ltr'>atti—</span> 
     </span>
     <span class='ocr_line' id='line_1_43' title="bbox 189 2524 842 2577; baseline 0.012 -18"><span class='ocrx_word' id='word_1_229' title='bbox 189 2524 242 2573; x_wconf 82' lang='lat' dir='ltr'><em>git</em></span> <span class='ocrx_word' id='word_1_230' title='bbox 270 2524 442 2562; x_wconf 75' lang='lat' dir='ltr'><strong>Eustath.</strong></span> <span class='ocrx_word' id='word_1_231' title='bbox 475 2525 523 2562; x_wconf 82' lang='lat' dir='ltr'><em>ad</em></span> <span class='ocrx_word' id='word_1_232' title='bbox 551 2526 658 2563; x_wconf 80' lang='lat' dir='ltr'>Iliad.</span> <span class='ocrx_word' id='word_1_233' title='bbox 688 2541 726 2577; x_wconf 88' lang='lat' dir='ltr'><em>p.</em></span> <span class='ocrx_word' id='word_1_234' title='bbox 749 2525 842 2575; x_wconf 81' lang='lat'><strong>433,</strong></span> 
     </span>
     <span class='ocr_line' id='line_1_44' title="bbox 188 2581 842 2633; baseline 0.003 -15"><span class='ocrx_word' id='word_1_235' title='bbox 188 2581 240 2619; x_wconf 80' lang='lat'><em>29</em></span> <span class='ocrx_word' id='word_1_236' title='bbox 260 2593 288 2616; x_wconf 90' lang='lat' dir='ltr'><em>s.</em></span> <span class='ocrx_word' id='word_1_237' title='bbox 311 2583 402 2629; x_wconf 83' lang='lat'><strong>329,</strong></span> <span class='ocrx_word' id='word_1_238' title='bbox 425 2584 490 2629; x_wconf 89' lang='lat'><em>22,</em></span> <span class='ocrx_word' id='word_1_239' title='bbox 520 2584 708 2633; x_wconf 82' lang='lat' dir='ltr'>vituperat</span> <span class='ocrx_word' id='word_1_240' title='bbox 737 2585 842 2620; x_wconf 89' lang='lat' dir='ltr'><em>Lon-</em></span> 
     </span>
     <span class='ocr_line' id='line_1_45' title="bbox 189 2636 842 2688; baseline 0.011 -19"><span class='ocrx_word' id='word_1_241' title='bbox 189 2636 296 2683; x_wconf 87' lang='lat' dir='ltr'>ginus</span> <span class='ocrx_word' id='word_1_242' title='bbox 327 2639 383 2673; x_wconf 87' lang='lat' dir='ltr'><em>De</em></span> <span class='ocrx_word' id='word_1_243' title='bbox 414 2638 522 2675; x_wconf 86' lang='lat' dir='ltr'><strong>Subl.</strong></span> <span class='ocrx_word' id='word_1_244' title='bbox 554 2639 592 2686; x_wconf 81' lang='grc'><em>4,</em></span> <span class='ocrx_word' id='word_1_245' title='bbox 623 2641 703 2676; x_wconf 80' lang='lat' dir='ltr'>sine</span> <span class='ocrx_word' id='word_1_246' title='bbox 733 2641 842 2688; x_wconf 82' lang='lat' dir='ltr'>iusta,</span> 
     </span>
     <span class='ocr_line' id='line_1_46' title="bbox 191 2692 842 2747; baseline 0.012 -22"><span class='ocrx_word' id='word_1_247' title='bbox 191 2692 335 2739; x_wconf 85' lang='lat' dir='ltr'><em>opinor,</em></span> <span class='ocrx_word' id='word_1_248' title='bbox 348 2707 470 2741; x_wconf 76' lang='lat' dir='ltr'><strong>causa,</strong></span> <span class='ocrx_word' id='word_1_249' title='bbox 493 2708 612 2746; x_wconf 87' lang='lat' dir='ltr'>quum</span> <span class='ocrx_word' id='word_1_250' title='bbox 624 2709 741 2747; x_wconf 85' lang='lat' dir='ltr'>quam</span> <span class='ocrx_word' id='word_1_251' title='bbox 751 2698 842 2733; x_wconf 85' lang='lat' dir='ltr'>scita</span> 
     </span>
     <span class='ocr_line' id='line_1_47' title="bbox 190 2745 842 2800; baseline 0.014 -18"><span class='ocrx_word' id='word_1_252' title='bbox 190 2747 236 2782; x_wconf 84' lang='lat' dir='ltr'>sit</span> <span class='ocrx_word' id='word_1_253' title='bbox 254 2745 346 2785; x_wconf 85' lang='lat' dir='ltr'><strong>haec</strong></span> <span class='ocrx_word' id='word_1_254' title='bbox 374 2751 556 2788; x_wconf 76' lang='lat' dir='ltr'>Herodoti</span> <span class='ocrx_word' id='word_1_255' title='bbox 584 2753 745 2800; x_wconf 80' lang='lat' dir='ltr'><em>locutio,</em></span> <span class='ocrx_word' id='word_1_256' title='bbox 775 2755 842 2790; x_wconf 80' lang='lat' dir='ltr'>vix</span> 
     </span>
     <span class='ocr_line' id='line_1_48' title="bbox 191 2807 841 2858; baseline 0.014 -21"><span class='ocrx_word' id='word_1_257' title='bbox 191 2814 421 2855; x_wconf 76' lang='lat' dir='ltr'><strong>quemquam</strong></span> <span class='ocrx_word' id='word_1_258' title='bbox 440 2807 572 2858; x_wconf 82' lang='lat' dir='ltr'>fugiat.</span> <span class='ocrx_word' id='word_1_259' title='bbox 630 2811 728 2846; x_wconf 88' lang='lat' dir='ltr'>Hinc</span> <span class='ocrx_word' id='word_1_260' title='bbox 754 2822 841 2846; x_wconf 87' lang='lat' dir='ltr'><em>me-</em></span> 
     </span>
    </p>
   </div>
   <div class='ocr_carea' id='block_1_7' title="bbox 900 1336 1565 2126">
    <p class='ocr_par' dir='ltr' id='par_1_8' title="bbox 900 1336 1565 2126">
     <span class='ocr_line' id='line_1_49' title="bbox 905 1336 1565 1388; baseline 0 -14"><span class='ocrx_word' id='word_1_261' title='bbox 905 1339 975 1374; x_wconf 75' lang='lat' dir='ltr'>rito</span> <span class='ocrx_word' id='word_1_262' title='bbox 1008 1351 1093 1374; x_wconf 82' lang='lat' dir='ltr'><em>eam</em></span> <span class='ocrx_word' id='word_1_263' title='bbox 1120 1338 1150 1373; x_wconf 92' lang='lat' dir='ltr'><em>I.</em></span> <span class='ocrx_word' id='word_1_264' title='bbox 1183 1337 1353 1388; x_wconf 78' lang='lat' dir='ltr'>Scaliger</span> <span class='ocrx_word' id='word_1_265' title='bbox 1393 1336 1565 1374; x_wconf 80' lang='lat' dir='ltr'>adhibuit</span> 
     </span>
     <span class='ocr_line' id='line_1_50' title="bbox 904 1395 1563 1445; baseline 0 -15"><span class='ocrx_word' id='word_1_266' title='bbox 904 1395 1026 1431; x_wconf 78' lang='lat' dir='ltr'>verbis</span> <span class='ocrx_word' id='word_1_267' title='bbox 1067 1396 1253 1445; x_wconf 76' lang='lat' dir='ltr'>Propertii</span> <span class='ocrx_word' id='word_1_268' title='bbox 1306 1396 1353 1441; x_wconf 88' lang='grc' dir='ltr'><em>ΙΙ,</em></span> <span class='ocrx_word' id='word_1_269' title='bbox 1400 1396 1460 1440; x_wconf 80' lang='grc'><em>19,</em></span> <span class='ocrx_word' id='word_1_270' title='bbox 1509 1398 1563 1435; x_wconf 87' lang='grc'><em>76</em></span> 
     </span>
     <span class='ocr_line' id='line_1_51' title="bbox 904 1450 1564 1497; baseline 0.002 -11"><span class='ocrx_word' id='word_1_271' title='bbox 904 1450 1145 1487; x_wconf 81' lang='lat' dir='ltr'>Broukhus.:</span> <span class='ocrx_word' id='word_1_272' title='bbox 1183 1451 1393 1497; x_wconf 68' lang='lat' dir='ltr'><em>„Quantum</em></span> <span class='ocrx_word' id='word_1_273' title='bbox 1413 1453 1463 1487; x_wconf 77' lang='lat' dir='ltr'><em>sic</em></span> <span class='ocrx_word' id='word_1_274' title='bbox 1485 1464 1564 1488; x_wconf 77' lang='lat' dir='ltr'><em>cru-</em></span> 
     </span>
     <span class='ocr_line' id='line_1_52' title="bbox 905 1507 1563 1544; baseline 0 0"><span class='ocrx_word' id='word_1_275' title='bbox 905 1510 976 1544; x_wconf 71' lang='lat' dir='ltr'><em>ciat</em></span> <span class='ocrx_word' id='word_1_276' title='bbox 997 1508 1131 1544; x_wconf 78' lang='lat' dir='ltr'><em>lumina</em></span> <span class='ocrx_word' id='word_1_277' title='bbox 1155 1512 1269 1543; x_wconf 78' lang='lat' dir='ltr'><em>vestra</em></span> <span class='ocrx_word' id='word_1_278' title='bbox 1291 1507 1451 1544; x_wconf 68' lang='grc' dir='ltr'><em>(10ίονῖα</em></span> <span class='ocrx_word' id='word_1_279' title='bbox 1484 1510 1563 1544; x_wconf 77' lang='lat' dir='ltr'><em>Ge-</em></span> 
     </span>
     <span class='ocr_line' id='line_1_53' title="bbox 902 1562 1560 1601; baseline 0.002 -2"><span class='ocrx_word' id='word_1_280' title='bbox 902 1566 1054 1599; x_wconf 83' lang='lat' dir='ltr'>minum</span> <span class='ocrx_word' id='word_1_281' title='bbox 1102 1562 1295 1600; x_wconf 75' lang='lat' dir='ltr'>Plutarchi</span> <span class='ocrx_word' id='word_1_282' title='bbox 1340 1565 1470 1601; x_wconf 78' lang='lat' dir='ltr'>locum</span> <span class='ocrx_word' id='word_1_283' title='bbox 1522 1566 1560 1600; x_wconf 90' lang='lat' dir='ltr'><em>in</em></span> 
     </span>
     <span class='ocr_line' id='line_1_54' title="bbox 903 1620 1560 1672; baseline 0.003 -16"><span class='ocrx_word' id='word_1_284' title='bbox 903 1620 1112 1657; x_wconf 76' lang='lat' dir='ltr'>Alexandr.</span> <span class='ocrx_word' id='word_1_285' title='bbox 1134 1621 1207 1657; x_wconf 75' lang='lat' dir='ltr'><em>vit.</em></span> <span class='ocrx_word' id='word_1_286' title='bbox 1230 1634 1267 1670; x_wconf 85' lang='lat' dir='ltr'><em>p.</em></span> <span class='ocrx_word' id='word_1_287' title='bbox 1291 1624 1371 1662; x_wconf 87' lang='lat'><em>676</em></span> <span class='ocrx_word' id='word_1_288' title='bbox 1394 1622 1435 1658; x_wconf 83' lang='lat' dir='ltr'><em>F.</em></span> <span class='ocrx_word' id='word_1_289' title='bbox 1460 1622 1560 1672; x_wconf 81' lang='lat' dir='ltr'><strong>[cap.</strong></span> 
     </span>
     <span class='ocr_line' id='line_1_55' title="bbox 903 1678 1562 1730; baseline 0.003 -18"><span class='ocrx_word' id='word_1_290' title='bbox 903 1678 1051 1726; x_wconf 80' lang='lat' dir='ltr'><strong>21fin.]</strong></span> <span class='ocrx_word' id='word_1_291' title='bbox 1085 1678 1207 1714; x_wconf 76' lang='lat' dir='ltr'>attulit</span> <span class='ocrx_word' id='word_1_292' title='bbox 1228 1678 1473 1728; x_wconf 57' lang='lat' dir='ltr'>WVesseling„</span> <span class='ocrx_word' id='word_1_293' title='bbox 1497 1680 1562 1730; x_wconf 85' lang='lat' dir='ltr'><em>qni</em></span> 
     </span>
     <span class='ocr_line' id='line_1_56' title="bbox 902 1730 1561 1785; baseline 0.008 -16"><span class='ocrx_word' id='word_1_294' title='bbox 902 1733 1007 1771; x_wconf 82' lang='lat' dir='ltr'>idem</span> <span class='ocrx_word' id='word_1_295' title='bbox 1023 1735 1129 1770; x_wconf 85' lang='lat' dir='ltr'>verbi</span> <span class='ocrx_word' id='word_1_296' title='bbox 1150 1730 1387 1785; x_wconf 80' lang='grc' dir='ltr'><em>όφθαλμιάν</em></span> <span class='ocrx_word' id='word_1_297' title='bbox 1412 1743 1448 1772; x_wconf 80' lang='lat' dir='ltr'><em>et</em></span> <span class='ocrx_word' id='word_1_298' title='bbox 1470 1735 1561 1774; x_wconf 76' lang='grc' dir='ltr'><em>ἕπο-</em></span> 
     </span>
     <span class='ocr_line' id='line_1_57' title="bbox 903 1792 1561 1843; baseline 0 -14"><span class='ocrx_word' id='word_1_299' title='bbox 903 1792 1115 1841; x_wconf 83' lang='grc' dir='ltr'><em>φθαλμιᾶν</em></span> <span class='ocrx_word' id='word_1_300' title='bbox 1136 1792 1333 1839; x_wconf 85' lang='lat' dir='ltr'>meminit,</span> <span class='ocrx_word' id='word_1_301' title='bbox 1365 1806 1441 1843; x_wconf 80' lang='lat' dir='ltr'><em>quo</em></span> <span class='ocrx_word' id='word_1_302' title='bbox 1463 1793 1561 1829; x_wconf 67' lang='lat' dir='ltr'><em>velte—</em></span> 
     </span>
     <span class='ocr_line' id='line_1_58' title="bbox 900 1849 1560 1898; baseline 0 -14"><span class='ocrx_word' id='word_1_303' title='bbox 900 1861 992 1884; x_wconf 82' lang='lat' dir='ltr'><em>mens</em></span> <span class='ocrx_word' id='word_1_304' title='bbox 1031 1849 1242 1898; x_wconf 76' lang='lat' dir='ltr'>explicatur</span> <span class='ocrx_word' id='word_1_305' title='bbox 1279 1849 1489 1886; x_wconf 71' lang='lat' dir='ltr'><em>desiderium</em></span> <span class='ocrx_word' id='word_1_306' title='bbox 1521 1851 1560 1885; x_wconf 88' lang='lat' dir='ltr'><em>in</em></span> 
     </span>
     <span class='ocr_line' id='line_1_59' title="bbox 901 1905 1561 1957; baseline 0.003 -17"><span class='ocrx_word' id='word_1_307' title='bbox 901 1906 1015 1940; x_wconf 80' lang='lat' dir='ltr'>simili</span> <span class='ocrx_word' id='word_1_308' title='bbox 1044 1906 1200 1954; x_wconf 82' lang='lat' dir='ltr'>negotio</span> <span class='ocrx_word' id='word_1_309' title='bbox 1235 1905 1336 1955; x_wconf 83' lang='lat' dir='ltr'>apud</span> <span class='ocrx_word' id='word_1_310' title='bbox 1364 1906 1499 1957; x_wconf 59' lang='lat' dir='ltr'>Polyb.</span> <span class='ocrx_word' id='word_1_311' title='bbox 1531 1907 1561 1952; x_wconf 92' lang='lat' dir='ltr'><em>I,</em></span> 
     </span>
     <span class='ocr_line' id='line_1_60' title="bbox 901 1962 1560 2008; baseline 0.003 -12"><span class='ocrx_word' id='word_1_312' title='bbox 901 1964 939 2001; x_wconf 87' lang='lat'><em>7.</em></span> <span class='ocrx_word' id='word_1_313' title='bbox 962 1963 1125 2008; x_wconf 86' lang='lat' dir='ltr'>XXXII,</span> <span class='ocrx_word' id='word_1_314' title='bbox 1146 1965 1186 2002; x_wconf 83' lang='lat'><em>2.</em></span> <span class='ocrx_word' id='word_1_315' title='bbox 1219 1962 1369 1999; x_wconf 71' lang='lat' dir='ltr'>Aeliam.</span> <span class='ocrx_word' id='word_1_316' title='bbox 1395 1964 1440 1999; x_wconf 88' lang='lat' dir='ltr'><em>N.</em></span> <span class='ocrx_word' id='word_1_317' title='bbox 1462 1964 1509 1998; x_wconf 87' lang='lat' dir='ltr'><em>A.</em></span> <span class='ocrx_word' id='word_1_318' title='bbox 1531 1964 1560 2008; x_wconf 92' lang='lat' dir='ltr'><em>l,</em></span> 
     </span>
     <span class='ocr_line' id='line_1_61' title="bbox 904 2019 1560 2064; baseline 0.002 -11"><span class='ocrx_word' id='word_1_319' title='bbox 904 2020 974 2064; x_wconf 86' lang='lat'><em>12,</em></span> <span class='ocrx_word' id='word_1_320' title='bbox 1004 2019 1070 2054; x_wconf 87' lang='lat' dir='ltr'>ubi</span> <span class='ocrx_word' id='word_1_321' title='bbox 1098 2031 1202 2054; x_wconf 86' lang='lat' dir='ltr'>nunc</span> <span class='ocrx_word' id='word_1_322' title='bbox 1224 2019 1300 2056; x_wconf 81' lang='lat' dir='ltr'><em>vid.</em></span> <span class='ocrx_word' id='word_1_323' title='bbox 1322 2020 1466 2056; x_wconf 72' lang='lat' dir='ltr'><em>Jacobs.</em></span> <span class='ocrx_word' id='word_1_324' title='bbox 1490 2034 1560 2055; x_wconf 69' lang='lat' dir='ltr'><em>un-</em></span> 
     </span>
     <span class='ocr_line' id='line_1_62' title="bbox 901 2074 1245 2126; baseline 0.003 -16"><span class='ocrx_word' id='word_1_325' title='bbox 901 2076 1046 2111; x_wconf 74' lang='lat' dir='ltr'>notatio</span> <span class='ocrx_word' id='word_1_326' title='bbox 1068 2088 1155 2126; x_wconf 81' lang='lat' dir='ltr'><strong>pag.</strong></span> <span class='ocrx_word' id='word_1_327' title='bbox 1181 2074 1245 2114; x_wconf 81' lang='lat'><em>14.</em></span> 
     </span>
    </p>
   </div>
   <div class='ocr_carea' id='block_1_8' title="bbox 1120 2200 1342 2250">
    <p class='ocr_par' dir='ltr' id='par_1_9' title="bbox 1120 2200 1342 2250">
     <span class='ocr_line' id='line_1_63' title="bbox 1120 2200 1342 2250; baseline 0.005 -14"><span class='ocrx_word' id='word_1_328' title='bbox 1120 2200 1212 2250; x_wconf 82' lang='lat' dir='ltr'><strong>Cap.</strong></span> <span class='ocrx_word' id='word_1_329' title='bbox 1233 2201 1342 2237; x_wconf 84' lang='lat' dir='ltr'><strong>XIX.</strong></span> 
     </span>
    </p>
   </div>
   <div class='ocr_carea' id='block_1_9' title="bbox 896 2297 1559 2863">
    <p class='ocr_par' dir='ltr' id='par_1_10' title="bbox 896 2297 1559 2863">
     <span class='ocr_line' id='line_1_64' title="bbox 955 2297 1559 2352; baseline -0.002 -13"><span class='ocrx_word' id='word_1_330' title='bbox 955 2303 1090 2340; x_wconf 77' lang='grc' dir='ltr'><em>κακῶν</em></span> <span class='ocrx_word' id='word_1_331' title='bbox 1125 2297 1316 2352; x_wconf 70' lang='grc' dir='ltr'><em>ἀπαθής]</em></span> <span class='ocrx_word' id='word_1_332' title='bbox 1347 2302 1372 2338; x_wconf 89' lang='lat' dir='ltr'><em>i.</em></span> <span class='ocrx_word' id='word_1_333' title='bbox 1395 2315 1427 2338; x_wconf 84' lang='lat' dir='ltr'><em>e.</em></span> <span class='ocrx_word' id='word_1_334' title='bbox 1450 2301 1559 2338; x_wconf 82' lang='lat' dir='ltr'>malo-</span> 
     </span>
     <span class='ocr_line' id='line_1_65' title="bbox 898 2358 1558 2409; baseline 0.003 -16"><span class='ocrx_word' id='word_1_335' title='bbox 898 2370 975 2394; x_wconf 76' lang='lat' dir='ltr'><em>rum</em></span> <span class='ocrx_word' id='word_1_336' title='bbox 1004 2371 1147 2408; x_wconf 72' lang='lat' dir='ltr'><em>expers,</em></span> <span class='ocrx_word' id='word_1_337' title='bbox 1187 2358 1284 2395; x_wconf 80' lang='lat' dir='ltr'><em>mala</em></span> <span class='ocrx_word' id='word_1_338' title='bbox 1312 2358 1410 2396; x_wconf 78' lang='lat' dir='ltr'><em>haud</em></span> <span class='ocrx_word' id='word_1_339' title='bbox 1440 2371 1558 2409; x_wconf 73' lang='lat' dir='ltr'><em>exper-</em></span> 
     </span>
     <span class='ocr_line' id='line_1_66' title="bbox 901 2416 1558 2466; baseline 0.002 -16"><span class='ocrx_word' id='word_1_340' title='bbox 901 2418 979 2461; x_wconf 80' lang='lat' dir='ltr'><em>tus,</em></span> <span class='ocrx_word' id='word_1_341' title='bbox 1017 2416 1137 2452; x_wconf 64' lang='lat' dir='ltr'><em>waullas</em></span> <span class='ocrx_word' id='word_1_342' title='bbox 1169 2428 1297 2466; x_wconf 81' lang='lat' dir='ltr'><em>passus</em></span> <span class='ocrx_word' id='word_1_343' title='bbox 1323 2416 1558 2462; x_wconf 74' lang='lat' dir='ltr'><em>calamitates,</em></span> 
     </span>
     <span class='ocr_line' id='line_1_67' title="bbox 901 2474 1559 2524; baseline 0.003 -18"><span class='ocrx_word' id='word_1_344' title='bbox 901 2484 1033 2522; x_wconf 86' lang='lat' dir='ltr'><strong>quum,</strong></span> <span class='ocrx_word' id='word_1_345' title='bbox 1059 2486 1134 2523; x_wconf 84' lang='lat' dir='ltr'><em>quo</em></span> <span class='ocrx_word' id='word_1_346' title='bbox 1157 2474 1316 2524; x_wconf 81' lang='lat' dir='ltr'>quisque</span> <span class='ocrx_word' id='word_1_347' title='bbox 1339 2480 1559 2523; x_wconf 76' lang='lat' dir='ltr'>aetatepro-</span> 
     </span>
     <span class='ocr_line' id='line_1_68' title="bbox 900 2529 1559 2582; baseline 0 -18"><span class='ocrx_word' id='word_1_348' title='bbox 900 2529 1043 2564; x_wconf 74' lang='lat' dir='ltr'>vectior</span> <span class='ocrx_word' id='word_1_349' title='bbox 1063 2530 1120 2576; x_wconf 83' lang='lat' dir='ltr'>sit,</span> <span class='ocrx_word' id='word_1_350' title='bbox 1152 2542 1197 2566; x_wconf 85' lang='lat' dir='ltr'><em>eo</em></span> <span class='ocrx_word' id='word_1_351' title='bbox 1217 2529 1349 2579; x_wconf 80' lang='lat' dir='ltr'>plura,</span> <span class='ocrx_word' id='word_1_352' title='bbox 1380 2543 1478 2582; x_wconf 81' lang='lat' dir='ltr'>quae</span> <span class='ocrx_word' id='word_1_353' title='bbox 1498 2531 1559 2573; x_wconf 79' lang='lat' dir='ltr'><em>in-</em></span> 
     </span>
     <span class='ocr_line' id='line_1_69' title="bbox 900 2584 1558 2636; baseline 0.005 -16"><span class='ocrx_word' id='word_1_354' title='bbox 900 2586 1005 2621; x_wconf 84' lang='lat' dir='ltr'>venis</span> <span class='ocrx_word' id='word_1_355' title='bbox 1026 2584 1130 2622; x_wconf 78' lang='lat' dir='ltr'>haud</span> <span class='ocrx_word' id='word_1_356' title='bbox 1150 2586 1277 2632; x_wconf 84' lang='lat' dir='ltr'>novit,</span> <span class='ocrx_word' id='word_1_357' title='bbox 1316 2588 1417 2623; x_wconf 81' lang='lat' dir='ltr'>mala</span> <span class='ocrx_word' id='word_1_358' title='bbox 1439 2600 1558 2636; x_wconf 84' lang='lat' dir='ltr'>expe—</span> 
     </span>
     <span class='ocr_line' id='line_1_70' title="bbox 899 2640 1556 2692; baseline 0.003 -16"><span class='ocrx_word' id='word_1_359' title='bbox 899 2640 1036 2678; x_wconf 87' lang='lat' dir='ltr'>riundo</span> <span class='ocrx_word' id='word_1_360' title='bbox 1066 2643 1257 2692; x_wconf 79' lang='lat' dir='ltr'>cognovit.</span> <span class='ocrx_word' id='word_1_361' title='bbox 1327 2643 1383 2680; x_wconf 88' lang='lat' dir='ltr'><em>Cf.</em></span> <span class='ocrx_word' id='word_1_362' title='bbox 1414 2642 1556 2680; x_wconf 81' lang='lat' dir='ltr'>Herod.</span> 
     </span>
     <span class='ocr_line' id='line_1_71' title="bbox 896 2698 1556 2747; baseline 0.006 -15"><span class='ocrx_word' id='word_1_363' title='bbox 896 2699 926 2743; x_wconf 91' lang='lat' dir='ltr'><em>I,</em></span> <span class='ocrx_word' id='word_1_364' title='bbox 949 2701 1015 2738; x_wconf 79' lang='grc'><em>32.</em></span> <span class='ocrx_word' id='word_1_365' title='bbox 1039 2699 1116 2746; x_wconf 93' lang='lat' dir='ltr'><strong>VII,</strong></span> <span class='ocrx_word' id='word_1_366' title='bbox 1140 2698 1217 2739; x_wconf 85' lang='grc'><em>184</em></span> <span class='ocrx_word' id='word_1_367' title='bbox 1239 2699 1324 2736; x_wconf 88' lang='lat' dir='ltr'>coll.</span> <span class='ocrx_word' id='word_1_368' title='bbox 1346 2701 1375 2747; x_wconf 92' lang='lat' dir='ltr'><em>I,</em></span> <span class='ocrx_word' id='word_1_369' title='bbox 1395 2703 1556 2741; x_wconf 76' lang='lat'><strong>207.—</strong></span> 
     </span>
     <span class='ocr_line' id='line_1_72' title="bbox 897 2752 1556 2808; baseline 0.005 -19"><span class='ocrx_word' id='word_1_370' title='bbox 897 2755 940 2789; x_wconf 88' lang='lat' dir='ltr'><em>In</em></span> <span class='ocrx_word' id='word_1_371' title='bbox 961 2767 1066 2806; x_wconf 86' lang='lat' dir='ltr'><strong>seqq.</strong></span> <span class='ocrx_word' id='word_1_372' title='bbox 1096 2754 1144 2792; x_wconf 87' lang='lat' dir='ltr'><em>ad</em></span> <span class='ocrx_word' id='word_1_373' title='bbox 1173 2756 1288 2792; x_wconf 82' lang='lat' dir='ltr'>verba</span> <span class='ocrx_word' id='word_1_374' title='bbox 1310 2752 1388 2794; x_wconf 82' lang='grc' dir='ltr'><em>εἶκε</em></span> <span class='ocrx_word' id='word_1_375' title='bbox 1407 2759 1455 2808; x_wconf 70' lang='grc' dir='ltr'><em>τῇ</em></span> <span class='ocrx_word' id='word_1_376' title='bbox 1473 2754 1556 2806; x_wconf 73' lang='grc' dir='ltr'><em>ἥλι-</em></span> 
     </span>
     <span class='ocr_line' id='line_1_73' title="bbox 896 2810 1445 2863; baseline -0.002 -14"><span class='ocrx_word' id='word_1_377' title='bbox 896 2811 963 2863; x_wconf 82' lang='grc' dir='ltr'><em>κίῃ</em></span> <span class='ocrx_word' id='word_1_378' title='bbox 995 2810 1072 2849; x_wconf 79' lang='lat' dir='ltr'><em>vid.</em></span> <span class='ocrx_word' id='word_1_379' title='bbox 1093 2818 1187 2848; x_wconf 85' lang='lat' dir='ltr'><em>nott.</em></span> <span class='ocrx_word' id='word_1_380' title='bbox 1209 2811 1258 2849; x_wconf 79' lang='lat' dir='ltr'><em>ad</em></span> <span class='ocrx_word' id='word_1_381' title='bbox 1277 2813 1357 2858; x_wconf 88' lang='lat' dir='ltr'><em>Vll,</em></span> <span class='ocrx_word' id='word_1_382' title='bbox 1382 2814 1445 2852; x_wconf 84' lang='lat'><em>18.</em></span> 
     </span>
    </p>
   </div>
  </div>
 </body>
</html>
