1897 3340
0 2942 15 3094 sav:
13 2906 17 2912 -

413 255 498 295 816
808 250 1272 289 HERODOTI

414 365 546 407 τοῦτο
576 360 654 416 μὲν
680 362 741 416 τῷ
760 363 1000 418 Λευτυχίδῃ
1033 359 1059 416 ἡ
1090 360 1222 416 ἔχθρη
1252 359 1278 414 ἡ
1318 358 1360 409 ἐς
1398 358 1478 402 τὸν
1516 359 1669 414 Δημά-

415 445 549 485 ρητον
577 426 787 483 ἐγεγόνεε·
817 428 911 471 τότε
943 430 1004 480 δὲ,
1045 428 1092 471 ἐκ
1120 432 1193 483 τῆς
1222 427 1486 483 Κλεομένεος
1504 431 1669 480 προθυ-
1681 432 1727 468 95

415 500 534 554 μίης,
575 495 600 539 ὁ
639 498 903 551 Λευτυχίδης
952 495 1215 549 κατόμνυται
1251 493 1539 551 Δημαρήτου,
1581 493 1671 548 ’φάς

414 563 579 618 ,,αὐτὸν
626 562 708 607 οὐκ
755 562 1012 619 ἱκνεομένως
1060 561 1303 618 βασιλεύειν
1348 560 1670 616 Σπαρτιητέων,

387 630 530 686 4,,οὐκ
563 631 687 675 ἐόντα
716 633 850 674 παῖδα
867 630 1161 684 Ἀρίστωνος.ιι
1219 629 1324 684 μετὰ
1363 630 1408 672 δὲ
1439 629 1518 683 τὴν
1538 643 1672 670 κατω-

416 701 575 754 μοσίην
604 698 777 748 ἐδίωκε,
818 695 1052 749 ἀνασώζων
1088 698 1225 740 ἐκεῖνο
1255 696 1305 740 τό
1337 697 1456 748 ἔπος,
1493 695 1542 738 to*
1582 693 1673 738 εἶπε

410 764 616 820 Ἀρίστων
646 764 760 812 τότε,
793 763 863 807 ὅτε
894 767 937 807 οῖ
965 763 1172 820 ἐξήγγειλε
1206 763 1229 807 ὁ
1257 763 1422 818 οἰκέτης
1441 765 1575 806 παῖδα
1602 778 1672 818 γε-

413 834 613 889 γονέναι,
652 829 675 874 ὁ
709 832 781 881 δὲ,
822 830 1194 887 συμβαλλεόμενος
1231 831 1333 881 τούς
1363 835 1520 887 μῆνας,
1551 828 1695 873 ἁπτά-1

386 909 544 956 ὅμοσε,
577 899 664 954 φὰς
693 897 804 951 ,,ου’κ
834 899 1003 943 ἑωυτοῦ
1033 897 1183 943 εἶναι.“
1240 898 1402 942 τούτου
1441 898 1494 954 δὴ
1526 897 1671 954 ἐπιβα-

356 1050 395 1086 Π
421 1063 460 1099 p.
489 1050 569 1088 282
599 1061 678 1100 seq.
705 1047 974 1099 explicandum
994 1062 1015 1084 e

354 1106 557 1160 Laconum
578 1118 684 1141 more
699 1135 708 1152 ‚
749 1118 825 1157 quo
846 1106 1014 1156 nuptiae,

358 1174 452 1213 quas
482 1174 640 1211 sponsae
670 1168 777 1212 pater
803 1169 890 1198 ante
921 1175 1016 1198 con-

359 1224 537 1264 cesserat,
578 1217 719 1254 fiebaut
745 1231 814 1269 per
852 1225 1017 1267 raptum.

360 1275 434 1319 Qui
471 1286 554 1310 mos
582 1281 733 1325 postea,
773 1281 817 1311 ut
853 1274 1015 1322 videtur,

359 1331 556 1368 obsolevit.

414 1382 498 1427 τότε
525 1383 567 1425 δὲ
596 1385 639 1426 ἐκ
665 1387 737 1438 τῆς
777 1384 1020 1436 Κλεομένεος

360 1443 623 1495 προθυμίης]
662 1445 685 1479 i.
709 1457 743 1480 e.
763 1444 905 1480 consilio
924 1442 1021 1480 Cleo-

359 1501 468 1537 menis
510 1513 539 1536 s.
579 1499 813 1544 sollicitante,
868 1501 1021 1536 instante

366 1556 555 1592 Cleomene.
609 1555 672 1592 Ad
689 1556 804 1592 verba
829 1550 1019 1606 κατόμνυ-

359 1626 423 1650 ται
444 1609 687 1662 Δημαρήτου
707 1612 732 1648 ἰ.
755 1625 788 1647 e.
817 1613 915 1648 iurat
936 1625 1018 1648 con-

361 1671 421 1704 tra
438 1667 680 1714 Demaratum,
695 1668 816 1703 refero
829 1679 934 1718 seqq.
947 1681 1016 1716 με·

361 1721 410 1763 τοὶ
431 1721 472 1762 δὲ
488 1721 561 1773 τη“ν
581 1723 832 1773 κατωμοσίην
852 1723 1017 1773 (posthoc

363 1778 645 1831 iuramentum),
674 1781 727 1815 ita
756 1786 798 1815 ut
818 1778 874 1815 his
895 1779 1017 1815 verbis

361 1834 623 1877 antecedentia
655 1836 874 1885 simpliciter
906 1848 1018 1885 repe-

362 1899 502 1930 tantur.
558 1894 692 1943 Neque
714 1892 818 1927 enim
837 1893 877 1927 iu
894 1893 1018 1927 Hero-

361 1948 495 1986 dotum
515 1947 650 1984 cadere
670 1955 820 1998 putem,
852 1960 948 1999 quae
970 1960 1019 1984 ex

361 2006 476 2041 Attici
512 2004 585 2041 sori
624 2004 896 2041 cousuetudine
942 2002 1019 2040 huo

361 2061 540 2098 translata
558 2061 692 2097 volunt
712 2067 856 2097 veteres
877 2061 1020 2097 Gram-

361 2118 508 2161 matici‚
552 2124 644 2153 teste
686 2115 858 2161 Eustath.
893 2118 1019 2152 Hero-

364 2173 475 2210 dotea
488 2174 626 2209 citante
639 2172 686 2208 acl
699 2172 830 2222 Odyss.
843 2186 880 2222 p.
898 2174 1016 2219 1660,

367 2229 417 2270 51
443 2242 472 2265 s.
493 2228 587 2275 400,
606 2227 671 2275 24,
689 2230 754 2265 ubi
775 2229 901 2264 soil.et
911 2234 1016 2263 actor

365 2291 403 2321 et
431 2298 514 2320 reus
544 2285 711 2331 iurabat,
759 2285 822 2319 ille
859 2295 948 2320 vera
977 2296 1017 2319 se

364 2341 622 2391 prolaturum,
671 2338 732 2376 hic
761 2352 850 2376 vera
879 2352 917 2376 se
949 2338 1019 2375 de-

363 2399 559 2433 fensurum
580 2409 590 2443 3
650 2394 755 2447 quod
811 2402 1017 2446 utrumque

365 2455 620 2489 iuramentum
667 2452 782 2501 vulgo
840 2447 1020 2500 οἷντωμο-

366 2509 433 2548 σία
481 2509 541 2545 vel
587 2509 780 2558 ὁιωμοσιά
826 2505 1019 2544 dicebatur

367 2565 495 2614 (conf.
509 2566 681 2600 Creuzer.
696 2564 926 2600 Commentt.
938 2565 1019 2599 He-

366 2621 474 2657 redd,
495 2634 580 2672 pag.
594 2622 686 2660 229.
700 2619 740 2657 C.
754 2621 795 2655 F.
809 2621 1017 2657 Hermann.

366 2676 505 2714 Lehrb.
528 2677 564 2713 d.
578 2675 729 2713 Griech.
741 2675 1016 2713 Staatsalterth.

366 2735 405 2779 ᾖ.
421 2732 489 2773 141
510 2740 590 2770 not.
607 2732 663 2780 3).
680 2734 775 2768 Item
797 2733 891 2768 infra
906 2733 950 2778 V,
965 2735 1017 2772 (39

367 2786 461 2841 (ἐγώ
508 2787 550 2828 δὲ
602 2785 896 2839 κατωμνύμην)
946 2790 1019 2825 tale

368 2845 459 2898 quid
479 2846 602 2883 valere
627 2857 704 2882 nou
735 2845 961 2882 existimem.

1129 1043 1204 1088 οὐκ
1235 1045 1501 1097 ἱκνεομένως]
1541 1047 1567 1083 ἰ.
1599 1060 1632 1084 e.
1660 1059 1729 1083 non

1073 1105 1240 1153 legitime.
1336 1105 1467 1141 Glossa
1511 1102 1728 1140 Herodotea

1071 1162 1240 1213 itemque
1262 1162 1419 1211 Gregor.
1443 1159 1610 1198 Corinth.
1668 1160 1727 1195 De

1074 1216 1160 1257 dial.
1203 1219 1284 1256 Ion.
1321 1218 1358 1262 ξ.
1401 1218 1480 1257 156
1510 1229 1598 1267 pag.
1631 1215 1728 1256 548.

1074 1273 1227 1311 Schaef.
1267 1280 1466 1323 exponunt
1487 1268 1535 1311 οὔ
1571 1285 1727 1323 προση-

1073 1329 1220 1375 κόντως
1241 1324 1290 1368 ου’
1304 1324 1576 1379 καθηκόντως,
1595 1340 1727 1379 quum,

1074 1393 1117 1423 ut
1137 1393 1243 1423 notat
1254 1384 1457 1430 Valcken„
1479 1398 1547 1421 rex
1567 1386 1613 1421 sit
1631 1385 1730 1434 legi-

1075 1444 1212 1489 timus,
1264 1441 1303 1489 ἔς
1339 1439 1404 1481 τὸν
1426 1439 1590 1480 ἱκνέεται
1630 1439 1731 1490 ἔχειν

1077 1496 1169 1550 (τήν
1191 1498 1422 1549 βασιληΐην)
1443 1498 1506 1545 VI,
1527 1498 1594 1538 57,
1614 1498 1731 1533 Plura

1075 1555 1123 1592 de
1153 1553 1224 1591 hac
1255 1568 1349 1591 voce
1378 1553 1481 1590 idem
1505 1553 1610 1590 addit
1637 1554 1730 1589 Val-

1073 1611 1187 1648 cken.
1209 1618 1245 1647 et
1264 1609 1539 1662 VVyttenbach.
1567 1609 1615 1646 ad
1635 1610 1731 1646 Plu-

1072 1666 1190 1704 tarch.
1226 1668 1322 1703 Mor.
1353 1668 1371 1702 Ι
1391 1679 1477 1716 pag.
1500 1665 1578 1706 104
1599 1679 1678 1717 seq.
1707 1678 1729 1701 a

1074 1723 1141 1761 Cr.
1165 1724 1310 1760 citatus.
1369 1723 1433 1760 Sic
1448 1722 1546 1758 infra
1565 1723 1628 1768 Vl,
1651 1720 1726 1761 84:

1072 1777 1276 1830 ὁμιλέοντα
1315 1776 1357 1817 δὲ
1395 1781 1546 1828 μᾶλλον
1581 1780 1654 1817 τοῦ
1684 1777 1730 1816 ἱ-

1071 1834 1368 1885 κνευμένου
1390 1836 1568 1881 etvl,z56
1589 1836 1657 1879 §.1
1683 1832 1728 1873 ἐν

1071 1887 1200 1944 χρόνῳ
1243 1888 1548 1943 ἱκνευμένῳ.
1616 1889 1729 1927 Held.

1074 1947 1123 1985 ad
1152 1946 1345 1985 Plutarch.
1372 1947 1511 1984 Aemil.
1536 1946 1647 1983 Paul.
1674 1949 1731 1988 22

1073 2016 1160 2057 pag.
1178 2007 1273 2044 233.

1130 2056 1362 2106 ἀνασώζων]
1386 2060 1580 2105 „Pertinet
1600 2057 1733 2102 ad,eos

1073 2116 1196 2162 locos,
1240 2116 1305 2152 ubi
1334 2115 1467 2151 itidem
1509 2110 1645 2162 σώζειν
1684 2114 1732 2151 de

1073 2171 1237 2208 memori&
1258 2178 1477 2221 usurpatur:
1518 2170 1565 2207 de
1595 2171 1733 2221 quibus

1074 2235 1233 2277 egerunt
1271 2226 1461 2263 Heindorf
1495 2225 1542 2262 ad
1580 2227 1731 2263 Platon.

1073 2282 1273 2320 Theaetet.
1294 2296 1382 2334 pag.
1406 2285 1486 2323 318
1522 2289 1557 2318 et
1577 2283 1657 2318 Ast.
1681 2282 1731 2318 ad

1074 2341 1277 2390 Rempubl.
1317 2341 1380 2386 vl,
1421 2341 1448 2377 2
1488 2351 1574 2388 pag.
1609 2338 1730 2379 535.“

1078 2396 1191 2433 Creu
1206 2411 1224 2431 z
1238 2409 1295 2432 er.
1326 2397 1365 2431 in
1398 2395 1628 2431 Commentt.
1650 2396 1732 2430 He-

1075 2451 1184 2488 rodd.
1214 2465 1300 2502 pag.
1333 2454 1427 2491 230.
1452 2473 1507 2478 —
1549 2450 1611 2487 Ad
1632 2463 1732 2499 συμ-

1075 2504 1331 2559 βαλλεὸμενος
1368 2508 1469 2544 conf.
1515 2520 1628 2558 supra
1666 2508 1731 2556 VI,

1075 2567 1142 2605 63.

1131 2615 1337 2670 ἀπώμοσε]
1368 2619 1526 2656 Restitui
1547 2617 1618 2655 hoc
1639 2631 1729 2655 cum

1073 2683 1230 2713 recentt.
1251 2675 1338 2712 edd.
1355 2677 1459 2712 Unus
1481 2675 1670 2711 Sancrofti
1686 2676 1728 2710 li-

1073 2733 1141 2769 ber
1154 2728 1339 2783 ἆττὸμοσε,
1353 2731 1455 2783 quod
1468 2733 1732 2781 amplexisunt

1075 2788 1226 2826 Sclmef.
1241 2795 1277 2824 et
1291 2787 1416 2826 Bekk.
1450 2790 1506 2824 Ac
1518 2790 1582 2824 vix
1599 2800 1731 2839 quem-

1075 2859 1192 2897 quam
1203 2845 1300 2896 sugit
1309 2842 1381 2882 hoc
1391 2845 1431 2881 iu
1442 2845 1557 2883 verbo
1577 2844 1734 2893 negamlz·
