1897 3340
563 174 1038 213 POLYMNIA.
1097 175 1201 213 vll.

1421 183 1503 222 597

248 287 460 336 Δίκαιαν,
510 281 718 339 Ἄβδηρα.
774 280 935 333 ταύτας
970 298 1015 325 τε
1060 282 1113 338 δὴ
1155 283 1374 339 παρεξήιε,
1432 290 1506 331 καὶ

247 353 356 396 κατα
392 351 562 403 ταύτας,
593 353 745 406 λίμνας
774 349 1017 406 ὀνομαστὰς
1045 349 1197 393 τάσδε·
1242 354 1506 409 Μαρωνείης

244 422 324 476 μὲν
352 420 507 476 μεταξὺ
536 419 608 462 καὶ
639 417 844 474 Στρύμης
883 419 1084 475 κειμένην
1112 418 1351 474 Ἰσμαρίδα·
1395 423 1505 464 κατὰ

245 490 291 532 δὲ
323 491 532 540 Δίκαιαν,
562 487 816 539 Βιστονίδα,
848 487 890 538 ἐς
917 487 998 543 τήν
1026 488 1216 544 ποταμοὶ
1247 487 1329 532 δύο
1359 487 1505 532 ἐσιεῖσι

187 701 224 723 u.
245 689 355 724 Ro'm.
385 687 453 724 VII
486 700 573 738 pag.
613 690 708 729 211.
740 691 841 727 Krii-

183 757 253 794 ger
272 742 319 780 ad
343 742 526 795 Xenoph.
556 746 722 784 Anabas.
758 747 839 796 Vn,

184 804 221 847 3,
241 801 305 839 16.

237 855 446 904 Δίκαιαν]
486 858 541 893 Ita
581 872 602 894 e
640 858 837 910 Stephano

180 913 274 963 Byz.
304 926 331 949 s.
360 927 397 950 v.
418 927 456 964 p.
478 916 559 954 302
580 914 837 954 exhibuerunt

179 968 423 1020 Schweigln,
454 970 569 1009 Gaisf.
602 979 639 1009 et
673 972 838 1011 Bekker.

176 1040 246 1077 pro
274 1028 378 1077 vulg.
411 1028 600 1075 Δικαίαν,
638 1029 742 1080 quod
778 1037 838 1066 te-

176 1091 341 1120 nuerunt
364 1082 558 1121 Schaeser.
585 1092 620 1122 et
640 1086 836 1125 Matthiae.

177 1141 289 1177 Novit
310 1140 480 1178 Dicaeam
503 1142 602 1178 Plin.
626 1143 651 1180 i.
673 1144 699 1181 l.
721 1145 836 1180 item-

176 1210 250 1248 que
271 1197 413 1248 Scylax
429 1199 466 1242 ξ.
484 1200 537 1239 68
557 1211 646 1249 pag.
671 1203 724 1240 27
746 1213 834 1251 pag.

173 1255 254 1294 280
276 1255 385 1301 Gai1.,
409 1255 473 1306 qui
502 1268 620 1306 prope
641 1255 834 1294 Abderam

175 1322 253 1346 non
290 1311 406 1361 longe
444 1324 465 1347 a
514 1313 602 1348 lacu
637 1313 833 1351 Bistonide

173 1379 259 1403 eam
289 1368 461 1405 collocat.
536 1370 685 1406 Mature
715 1370 834 1421 'oppi-

172 1422 266 1460 dum
302 1423 470 1461 dirutum
503 1432 610 1476 putat
643 1428 835 1466 Mannert.

173 1481 197 1519 Ι.
227 1481 252 1518 l.
274 1495 312 1532 p.
345 1484 425 1521 213
448 1494 469 1518 a
500 1481 691 1534 Philippo,
715 1497 829 1536 quem

171 1537 280 1587 plura
301 1536 490 1575 Thraciae
510 1541 660 1577 castella
682 1539 831 1578 destru-

170 1595 268 1631 xisse
289 1596 478 1632 novimus.

213 1648 422 1703 ”Αβδηρα]
446 1653 552 1690 Unus
573 1653 666 1689 liber
685 1653 828 1690 Parisi-

170 1705 477 1761 ι]ι13”Αβόηραν.
517 1707 830 1760 Ξεάτοὶ”Λβδη-

171 1779 220 1813 ρα
263 1772 408 1802 veteres
447 1767 645 1817 scriptores
690 1765 827 1803 dixisse

169 1828 328 1868 constat,
356 1820 459 1858 unde
479 1823 539 1859 vel
561 1821 609 1858 ad
635 1824 827 1860 Romanos

169 1879 315 1915 transiit
332 1878 471 1916 Abdera
499 1879 643 1930 plurale
664 1892 826 1926 noment,

170 1937 319 1972 serioris
351 1936 480 1972 aetatis
513 1938 712 1986 scriptores
751 1936 827 1972 Ab·

172 1993 278 2041 clera,
321 2005 375 2032 ae.
444 1992 553 2029 Conf.
587 1993 628 2030 C.
659 1994 701 2028 F.
727 1994 826 2028 Her—

170 2062 301 2086 mann.
338 2050 423 2085 loco
452 2062 546 2086 mox
573 2048 765 2085 laudando
787 2062 825 2099 p.

170 2105 250 2145 507
270 2113 349 2144 not.
373 2107 411 2144 9.
470 2108 519 2143 Et
547 2106 648 2143 conf.
681 2104 822 2144 Herod.

168 2162 249 2209 vn,
275 2165 363 2203 126.
385 2163 483 2210 VIII,
508 2165 598 2204 120.
620 2163 723 2199 Haec
737 2163 837 2199 urbs¹

172 2230 288 2267 prope
341 2219 522 2255 Dicaeam
582 2218 822 2256 occidentem

169 2286 296 2310 versus
323 2273 371 2309 ad
406 2276 509 2312 Nesti
548 2277 640 2312 ostia
671 2275 823 2313 condita

170 2342 191 2365 a
220 2330 468 2367 Clazomeniis
499 2338 535 2368 et
564 2333 667 2369 Teiis
699 2330 758 2383 (ut
778 2331 825 2368 ad

170 2388 199 2430 l,
225 2388 303 2426 186
334 2386 580 2436 monuimus)
615 2395 744 2438 postea
776 2388 824 2424 ad

170 2455 355 2493 magnum
377 2443 546 2493 pervenit
556 2443 688 2479 ssorem
709 2450 745 2480 et
764 2445 824 2480 vel

170 2501 432 2536 Romanorum
453 2505 574 2535 aetate
595 2498 718 2536 adhuc
739 2513 825 2536 me-

169 2563 350 2603 moratur,
372 2557 411 2591 in
431 2555 566 2605 vulgus
586 2562 675 2592 nota
696 2556 755 2593 vel
775 2557 823 2593 ob

172 2613 334 2660 incolas,
377 2612 441 2664 qui
471 2612 648 2648 stultitiae
667 2612 824 2649 nomine

172 2669 268 2705 male
300 2668 516 2705 audiebant.
582 2669 692 2704 Nunc
727 2681 825 2718 pau-

176 2737 242 2760 cae
270 2726 451 2776 reliquiae
480 2725 614 2761 veteris
645 2724 746 2761 urbis
766 2725 825 2761 lo-

175 2793 262 2817 cum
274 2781 449 2819 indicant.
481 2782 518 2818 T
520 2794 546 2817 u
558 2779 633 2819 vid.
650 2779 826 2817 Tzschu-

900 686 972 724 cke
992 685 1041 724 ad
1061 687 1151 723 Mel.
1172 688 1219 733 ΙΙ,
1240 687 1310 732 2§.
1324 688 1350 728 9
1369 699 1457 737 pag.
1480 686 1556 727 134

896 751 993 781 nott.
1026 756 1162 794 exegg.
1204 745 1392 782 Mannert.
1424 744 1450 780 l.
1470 743 1497 779 l.
1517 756 1555 794 p.

896 799 977 840 214
1009 814 1088 851 seq.
1120 799 1507 837 Choiseul-Goul'fier.
1529 801 1555 837 l.

894 858 920 894 l.
943 858 977 892 II
998 870 1086 908 pag.
1110 859 1188 897 113
1209 870 1315 908 seqq.
1337 863 1373 893 et
1403 857 1554 906 potissi-

894 927 1003 950 mum
1025 915 1067 950 C.
1080 915 1122 951 F.
1136 915 1343 949 Hermann.
1360 914 1400 949 in
1413 911 1555 951 Schul-

896 972 982 1007 zeit.
1011 972 1118 1011 1830
1138 983 1197 1006 nr.
1220 972 1287 1011 63.
1309 969 1375 1011 64,

950 1025 1018 1066 καὶ
1058 1023 1157 1065 κατοέ
1186 1022 1344 1074 ταύτας,
1380 1025 1551 1078 λίμνας]

893 1084 1078 1121 Voculam
1090 1081 1144 1131 δὲ,
1177 1096 1292 1135 quam
1305 1090 1392 1120 ante
1412 1084 1553 1134 λίμνας

893 1138 1115 1190 Schweigh.
1152 1147 1188 1177 et
1210 1140 1326 1177 Gaisf.
1349 1154 1369 1176 e
1391 1141 1552 1177 Floren-

892 1199 970 1234 tino
992 1204 1238 1248 receperunt,
1261 1196 1440 1248 equidem
1461 1210 1552 1234 cum

891 1253 1059 1302 Schaef„
1107 1252 1244 1290 Matth.
1289 1260 1326 1290 et
1369 1253 1550 1290 Bekkero

891 1313 1060 1362 recipere
1089 1311 1209 1349 nolui.
1267 1311 1366 1346 Nam
1397 1311 1444 1347 ab
1477 1309 1551 1348 hoc

889 1369 973 1405 loco
994 1381 1084 1405 sane
1105 1369 1228 1404 aliena
1246 1366 1409 1407 videtur.

944 1420 1169 1476 Ἰσμαρίδα]
1200 1427 1260 1462 Ab
1281 1425 1428 1474 Ismaro,
1451 1439 1548 1479 quae

891 1482 1079 1518 Ciconum
1119 1483 1190 1519 fuit
1228 1485 1405 1535 antiquae
1441 1482 1549 1520 sedes

888 1539 934 1575 ab
975 1540 1101 1590 Ulyxe
1148 1539 1339 1577 devastata
1389 1539 1546 1592 (OdySS.

885 1596 954 1643 IX,
985 1594 1067 1645 40)
1104 1597 1275 1648 Scymno
1320 1609 1474 1649 quoque
1511 1604 1548 1635 et

887 1650 1085 1703 Stephano
1121 1655 1336 1704 Byzantino
1372 1666 1547 1691 comme—

886 1716 1045 1758 morata,
1066 1711 1193 1747 lacum
1206 1712 1392 1760 accepisse
1402 1723 1544 1746 nomen

885 1767 1089 1816 probabilis
1120 1773 1173 1803 est
1202 1767 1392 1802 Mannerti
1422 1767 1546 1817 suspi—

884 1824 942 1858 cio
977 1824 1000 1861 l.
1031 1824 1054 1861 l.
1087 1836 1173 1873 pag.
1204 1826 1301 1863 212.
1360 1824 1443 1867 Ono
1476 1836 1544 1859 eo-

884 1877 973 1915 dem
994 1878 1097 1915 idem
1117 1879 1231 1915 refert
1258 1877 1420 1916 Ismaron
1440 1879 1541 1930 apud

884 1936 1053 1972 Plinium
1068 1938 1114 1974 H.
1136 1937 1183 1975 N.
1205 1937 1268 1984 lv,
1293 1939 1341 1976 11
1375 1937 1483 1985 (18)
1505 1938 1540 1982 §-

938 2048 1151 2087 Βιστονίδα
1171 2049 1188 2096 ]
1241 2046 1422 2095 Βιστονῖς
1461 2050 1541 2087 scil.

881 2105 1005 2156 λίμνη
1044 2106 1090 2142 ab
1122 2106 1200 2142 aliis
1231 2118 1407 2157 quoqne,
1447 2112 1541 2143 teste

882 2161 1178 2213 Stephan.Byz.‚
1198 2163 1372 2199 scribitur
1383 2164 1476 2201 Βιστ
1486 2178 1540 2202 ω-

879 2218 942 2265 νὶς
965 2218 1081 2271 idque
1114 2220 1241 2269 ipsum
1262 2217 1302 2255 h.
1336 2219 1362 2256 l.
1383 2220 1539 2270 praebet

881 2275 1020 2313 Aldina
1041 2276 1291 2316 coll‚Aristot.
1313 2277 1360 2312 H.
1382 2277 1538 2324 A.V111‚

886 2333 935 2373 15
959 2334 996 2378 ξ.
1018 2335 1057 2372 2.
1116 2333 1266 2385 Reliqui
1285 2333 1371 2369 libri
1390 2334 1430 2370 in
1451 2334 1538 2370 vul-

881 2396 967 2438 gata
997 2390 1193 2440 scriptura,
1225 2402 1342 2441 quam
1375 2389 1536 2426 eandem

880 2446 1035 2495 praebet
1075 2445 1204 2483 Schol.
1243 2446 1371 2496 Apoll.
1410 2445 1536 2483 Rhod.

878 2502 925 2547 Π,
948 2505 1043 2542 706.
1066 2502 1191 2540 Strab.
1211 2503 1281 2539 ¹VII
1302 2502 1367 2538 fin.
1390 2504 1536 2540 Aelian.

878 2558 925 2594 N.
946 2558 994 2597 Α,
1014 2559 1098 2605 XV,
1117 2559 1183 2600 25.
1219 2560 1382 2595 Ptolem.
1406 2561 1468 2603 111,
1484 2562 1528 2598 11

880 2615 1125 2652 conveniunt.
1158 2617 1208 2652 Et
1218 2616 1299 2661 Vll,
1316 2618 1394 2655 110
1404 2627 1534 2650 omnes

880 2669 964 2706 libri
992 2671 1202 2720 Βίστονες,
1231 2672 1297 2722 qui
1325 2671 1427 2707 lacus
1447 2677 1533 2706 suut

881 2726 1044 2775 accolae,
1067 2740 1181 2780 quem
1202 2726 1313 2763 valde
1335 2733 1535 2763 extensum

882 2783 934 2820 ait
953 2783 1145 2835 Scymnus
1167 2782 1282 2820 Chius
1303 2785 1382 2822 673
1397 2812 1405 2828 ‚
1434 2795 1535 2818 nnnc

1563 290 1613 323 vii,
1633 292 1736 319 'I‘rann
1757 314 1764 326 ‚

1563 323 1750 359 Compi-amsi,
1772 328 1828 353 Neu

1561 360 1626 381 ntus
1657 358 1716 385 Imr
1807 361 1815 386 l

1630 377 1635 382 .
1670 371 1688 383 Δι
1712 369 1752 385 ill*
1778 369 1803 385 ss(

1562 390 1701 422 oppidum
1734 393 1831 427 Vim<

1562 429 1625 447 rum
1644 423 1777 457 piflcmnu
1803 433 1832 453 et

1561 461 1639 489 aqna
1658 458 1822 485 salsi-mima

1561 495 1583 526 ss,
1598 489 1669 515 solie
1688 491 1798 517 inmen-

1562 525 1601 547 tiu
1620 523 1797 551 exsiccat-iu.
