1897 3340
269 381 367 427 162

427 271 512 312 690

824 269 1281 308 HERODOTI

425 378 541 432 ,ἐστι
566 376 705 433 λέγειν
730 380 907 422 ταῦτα.“
931 378 1139 436 Ἀμείβετο
1162 378 1310 423 Γέλων
1328 380 1492 423 τοῖσδε·
1521 378 1676 433 ,,Ξεῖνε

425 444 676 503 ,,Ἀθηναῖε,
715 445 837 501 ὑμεῖς
867 449 1011 491 οἴκατε
1048 447 1152 498 τούς
1188 447 1267 502 μὲν
1307 445 1519 503 ἄρχοντας
1555 446 1730 503 ἔχειν,85

399 513 562 566 2,,τοῦς
590 513 635 557 δὲ
666 510 931 568 ἀρξομένους
959 513 1040 558 οὐκ
1071 516 1187 567 ἕξειν.
1247 514 1335 558 ἐπεὶ
1365 516 1516 558 τοίνυν
1545 513 1676 559 οὐδὲν

426 580 648 633 ,,ὑπιέντες
686 580 795 634 ἔχειν
828 581 878 624 τό
915 586 1003 625 πᾶν
1039 582 1224 635 ἐθέλετε,
1271 581 1350 626 οὐκ
1380 581 1437 625 ἂν
1465 578 1678 636 φθάνοιτε

427 648 534 703 ,,τὴν
560 647 762 702 ταχίστην
791 644 927 691 ὀπίσω
944 647 1329 705 ἀπαλλασσόμενοι,
1359 649 1432 693 καὶ
1451 648 1679 704 ἀγγέλλον-

428 730 522 765 ,,τες
557 717 611 770 τῇ
646 713 818 758 Ἑλλάδι
855 715 923 759 ὅτι
958 715 1005 759 ἐκ
1041 720 1118 760 τοῦ
1149 716 1353 759 ἐνιαυτοῦ
1380 716 1428 760 τὸ
1463 717 1538 771 ἔαρ
1569 715 1734 771 αὕτῇ90

399 788 422 821 3
434 781 779 837 ,,ἐξαραι’ρηται.“

373 977 439 1004 σαι
461 960 638 1017 στρατόν.
692 965 788 1003 Mihi
807 967 1026 1019 suspicionis

371 1022 478 1058 nulla
508 1029 665 1073 apparet
686 1036 798 1060 causa
817 1023 969 1062 idonea.

570 1111 837 1163 Cap.CLx1L

431 1203 526 1236 τους
552 1187 595 1229 δὲ
628 1186 870 1242 ἀρξομένους
889 1187 963 1232 ου’κ
995 1190 1034 1231 ἕ-

313 1256 316 1260 ·
376 1245 475 1294 ξειν]
517 1241 762 1298 ἆρξομένους
793 1248 929 1285 eodem
949 1262 1034 1286 sen-

375 1315 421 1338 su
452 1303 598 1352 passivo
630 1316 706 1355 quo
735 1305 815 1352 Vll,
845 1306 924 1346 159
965 1304 1032 1342 fin.

374 1359 469 1394 Mox
488 1371 575 1395 cum
585 1358 765 1397 Bekkero
783 1362 920 1397 retinui
933 1360 1033 1408 ἕξειν

377 1427 398 1450 e
418 1413 501 1451 cod.
522 1415 852 1464 Medic.‚Florent.
873 1418 952 1454 aliis
961 1430 1030 1468 pro

375 1469 490 1521 ἔχειν,
512 1471 615 1524 quod
627 1474 744 1510 Gaisf.
759 1487 848 1510 cum
861 1475 940 1511 aliis
962 1487 1032 1510 ex-

374 1525 509 1566 hibuit.
550 1530 644 1565 ·Vix
676 1530 778 1566 enim
806 1531 895 1566 ferri
923 1543 1032 1581 posse

374 1590 508 1633 putem
530 1583 631 1636 ἔχειν
650 1599 728 1623 uno
743 1593 875 1624 tenore
895 1587 948 1624 bis
958 1599 1031 1638 po-

375 1641 504 1677 situm.

432 1713 553 1761 οὕὸὲν
596 1716 872 1771 ὑπιέντες]
931 1721 1031 1757 Male

376 1773 469 1810 olim
490 1772 676 1822 ἕπιέντες.
723 1777 824 1814 Nam
851 1775 1033 1824 ὑπιέντες

376 1831 478 1867 valet
510 1831 599 1868 nillil
632 1834 853 1880 remittentes,
878 1833 1032 1871 cedentes

377 1886 479 1923 conf.
518 1888 548 1935 I,
582 1887 675 1929 156.
707 1890 775 1936 111,
808 1890 875 1930 52.
905 1891 976 1937 IX,
1005 1888 1031 1929 4

377 1943 463 1980 coll.
483 1943 546 1993 IV,
570 1945 643 1985 181
671 1951 707 1981 et
725 1946 773 1994 Π,
793 1948 883 1993 122,
904 1947 970 1982 ubi
990 1947 1031 1982 in

376 1997 505 2036 medio
553 2002 728 2039 occurrit.
813 2003 871 2038 De
919 2001 1031 2040 huius

376 2055 481 2092 verbi
493 2062 675 2106 potestate
688 2059 861 2109 exposuit
875 2065 1031 2097 notante

378 2110 629 2152 Valckenaer.
667 2116 816 2152 Kuster.
857 2114 904 2152 ad
942 2117 1032 2152 Ari-

378 2166 502 2218 stoph.
530 2170 626 2205 Ran.
651 2171 754 2211 1251
778 2170 1031 2210 0011.5011011.

379 2222 579 2262 inAristid.
600 2239 639 2275 p,
658 2229 736 2268 196
754 2226 813 2264 ed.
825 2229 1030 2265 Frommel.

381 2299 436 2304 —
474 2279 537 2315 Ad
571 2281 684 2317 verba
724 2284 897 2349 proxime
925 2296 1032 2336 seqq.

380 2328 456 2372 ου’κ
478 2331 528 2373 ἂν
550 2332 748 2384 φθάνοιτε
766 2359 821 2364 -—
837 2333 1032 2377 απαλλασ-

378 2384 541 2440 σόμενοι
574 2391 674 2429 conf.
713 2392 849 2429 Matth.
879 2395 943 2430 Gr.
965 2396 1030 2432 Gr.

378 2446 415 2492 ᾗ.
438 2445 530 2493 553,
552 2448 575 2486 3
596 2459 684 2497 pag
709 2448 814 2489 1085
844 2456 879 2486 et
907 2448 954 2487 ad
985 2446 1030 2490 o’-

377 2500 482 2540 πίσω
520 2496 864 2557 ἆπαλλασσόμενοι
917 2507 1028 2544 allata

377 2556 427 2594 ad
445 2557 490 2605 V,
512 2560 578 2599 27.

435 2630 496 2674 ότι
526 2634 568 2676 ἐκ
594 2639 667 2676 τοῦ
694 2636 878 2677 ἐνιαυτοῦ
896 2655 938 2679 το
961 2639 1028 2692 ἔαρ

379 2686 482 2746 αυτῇ
523 2690 801 2745 ἐξαραίρηται]
841 2696 1030 2734 Μηῃειωι·

378 2745 452 2785 hoc
490 2749 643 2786 Periclis
684 2748 796 2797 dicto,
837 2754 902 2803 qui
936 2760 1029 2791 teste

379 2804 567 2842 Aristotel.
615 2803 743 2843 Rhett.
796 2808 832 2853 Ι,
881 2811 921 2848 7.
961 2809 1028 2850 34.

378 2860 444 2908 111,
468 2863 518 2901 10
539 2862 574 2907 §.
590 2863 640 2902 7
630 2875 670 2899 ιιι
688 2863 837 2900 funebri
859 2866 1027 2904 oratione

837 778 980 836 Οὗτος
1017 783 1063 827 δὲ
1092 781 1115 826 ὁ
1144 783 1249 835 νόος
1277 786 1405 828 τοῦδε
1434 787 1514 828 τοῦ
1546 782 1686 851 §rigua

1081 968 1134 1006 sic
1145 980 1298 1004 exorsus
1308 979 1385 1004 esse
1396 967 1534 1005 fertur:
1557 964 1632 1018 τήν
1644 962 1737 1007 νεό-

1080 1039 1178 1075 τητα
1216 1022 1259 1062 ἐκ
1287 1025 1360 1074 τῆς
1394 1021 1547 1070 πόλεως
1581 1020 1737 1079 ἀνῃρῆ-

1084 1085 1182 1120 σθαι
1209 1076 1337 1130 ὥσπερ
1361 1094 1404 1118 το
1422 1078 1494 1129 εἀρ
1511 1079 1552 1118 ἐκ
1565 1082 1637 1119 τοῦ
1657 1079 1738 1119 ἔνι-

1084 1139 1208 1176 αυτοῦ
1229 1136 1264 1175 εἰ
1281 1135 1522 1187 ἐξαιρεθείης
1553 1137 1738 1188 quaeipsa

1089 1194 1277 1230 Periclem
1313 1205 1363 1228 ex
1391 1191 1585 1229 Herodoto
1612 1192 1740 1229 suble-

1088 1251 1186 1299 gisse
1214 1249 1296 1286 vult
1322 1249 1459 1285 Wasse
1490 1247 1538 1285 ad
1559 1247 1739 1300 Thucyd.

1089 1307 1136 1353 ΙΙ,
1160 1305 1226 1346 35.
1255 1303 1549 1342 Valckenaerius
1582 1303 1630 1341 ad
1651 1303 1739 1341 11.1.

1088 1363 1160 1398 alia
1182 1360 1370 1413 quaedam
1388 1360 1515 1408 affert,
1530 1361 1585 1397 ‘in
1606 1361 1742 1413 quibus

1087 1416 1145 1455 ver
1163 1418 1341 1454 translate
1361 1417 1546 1467 significat
1576 1418 1741 1455 iuventu-

1088 1478 1177 1522 tem,
1216 1473 1510 1518 adolescentiam5
1546 1473 1647 1512 conf.
1675 1474 1740 1511 Ci-

1087 1545 1163 1569 cer.
1183 1532 1240 1567 De
1259 1536 1442 1579 senectut.
1466 1531 1517 1570 19
1547 1531 1582 1576 ξ.
1603 1532 1672 1571 70.

1146 1625 1274 1677 Οὗτος
1313 1627 1354 1669 δὲ
1382 1628 1407 1670 ὅ
1439 1625 1533 1678 νόος
1563 1645 1600 1670 κ.
1627 1644 1661 1669 τ.
1683 1630 1737 1679 L]

1087 1688 1191 1724 Haec
1211 1687 1325 1724 verba
1344 1687 1382 1723 iu
1418 1687 1594 1724 omuibus
1615 1699 1740 1739 quan-

1087 1750 1171 1780 tum
1211 1744 1288 1780 scio
1316 1741 1428 1781 codd.
1453 1755 1551 1795 quae
1579 1749 1739 1789 exstant,

1089 1800 1223 1836 merito
1251 1806 1423 1850 suspecta
1455 1798 1597 1836 habent
1620 1801 1740 1837 Wes-

1088 1856 1267 1906 selingius
1287 1863 1323 1893 et
1335 1853 1583 1893 Valckenaer.
1600 1856 1740 1908 quippe

1087 1911 1359 1963 interpretandi
1387 1925 1499 1950 causa
1528 1911 1673 1950 adiecta
1699 1914 1740 1950 in

1090 1970 1278 2006 lectorum
1329 1970 1503 2019 gratiam.
1588 1969 1740 2007 Assensi

1088 2032 1176 2062 sunt
1196 2023 1418 2074 Larcherus,
1449 2023 1674 2063 Schaeferus
1703 2031 1740 2062 et

1087 2081 1281 2129 Matthiae,
1301 2083 1409 2119 uncis
1427 2079 1522 2118 haec
1538 2079 1740 2118 includen-

1088 2144 1162 2181 tes,
1201 2139 1336 2189 quihus
1369 2137 1496 2174 denuo
1533 2137 1740 2175 liberarunt

1089 2192 1306 2242 Sclnveigh.
1339 2200 1376 2229 et
1405 2193 1519 2231 Gaisf.
1541 2205 1629 2229 cum
1649 2195 1738 2233 alias

1088 2261 1241 2301 quoque
1261 2249 1348 2285 talia
1370 2247 1617 2286 addictorum
1638 2263 1739 2302 quo-

1088 2303 1250 2341 rundam
1292 2306 1371 2343 vim
1400 2304 1668 2356 explicandam
1702 2313 1739 2346 et

1087 2360 1347 2398 illustrandam
1378 2362 1425 2398 ab
1453 2360 1647 2400 Herodoto
1668 2361 1739 2401 ad-

1086 2417 1279 2463 iiciuntur,
1311 2424 1352 2454 ut
1381 2418 1445 2466 IV,
1476 2417 1568 2458 149.
1588 2419 1650 2467 Vl,
1671 2421 1736 2460 87.

1085 2472 1153 2513 84.
1203 2476 1296 2514 138.
1362 2475 1447 2511 Una
1484 2476 1617 2512 vocula
1657 2474 1738 2515 ἐστὶ

1083 2529 1182 2565 male
1193 2528 1736 2581 liabetSchweighaeuserum
1725 2560 1736 2580 ,

1087 2587 1228 2644 quippe
1260 2600 1377 2638 quam
1399 2560 1484 2625 vel(³
1489 2587 1572 2624 eiici
1607 2589 1668 2625 vel
1695 2589 1736 2625 in

1087 2638 1189 2680 εἶναι
1209 2645 1346 2680 mutari
1367 2645 1460 2681 vult.
1517 2642 1632 2692 Mihi,
1664 2644 1736 2682 alia

1085 2705 1127 2735 ut
1162 2705 1331 2747 taceam,
1360 2701 1420 2737 vel
1448 2700 1598 2737 initium
1623 2673 1735 2741 ’huius

1084 2756 1312 2792 sententiae:
1354 2750 1470 2802 οὗτος
1501 2753 1544 2794 δὲ
1583 2771 1604 2796 ο
1641 2753 1736 2804 νόος

1083 2811 1202 2852 τοῦδε
1221 2809 1296 2851 τοῦ
1319 2808 1513 2863 ῥήματος,
1543 2809 1588 2851 ‘to'
1606 2811 1735 2852 ἐθέλει

1083 2865 1210 2919 λέγειν
1240 2869 1315 2907 tale
1335 2881 1414 2906 esse
1431 2867 1601 2917 videtur,
1622 2869 1734 2921 qualo
