1897 3340
406 222 1066 262 TERPSICHORE.
1126 223 1171 259 V.

1339 226 1420 266 161

160 331 240 389 τήν
279 332 324 376 ὁὲ
367 333 529 388 ἐσθῆτα
567 330 831 387 μετέβαλλον
875 328 1042 373 αὐτέων
1080 330 1123 381 ές
1161 329 1241 386 τὴν
1280 330 1420 374 Ἰάδα·

162 399 351 456 ἐφόρεον
378 401 461 456 γὰρ
495 398 548 456 δὴ
577 397 664 454 πρὸ
694 400 774 441 τοῦ
805 398 852 440 αἱ
879 400 969 440 τῶν
994 394 1245 453 Ἀθηναίων
1272 404 1421 455 γυναῖ·

106 584 126 607 e
147 571 364 608 Florentino
384 583 473 607 cum
486 568 707 621 Schweigh.
725 577 762 607 et

105 628 222 669 Gaisfi
244 628 298 664 bis
319 625 422 664 edidi
442 625 679 678 μετέβαλλον
691 640 761 678 pro

105 683 340 735 μετέβαλον,
375 683 479 736 quod
507 685 631 720 tenuit
660 685 762 721 Mat-

104 740 216 778 thiae.
276 741 342 777 Tu
395 741 560 777 celerem
609 739 762 777 adverte

104 797 280 834 orationis
299 798 500 834 transitum
511 810 560 833 ex
579 796 764 834 indirecta

103 855 143 890 in
174 852 357 890 directam
385 855 622 891 orationem:
655 851 762 908 ἄλλῳ

103 906 175 961 μὲν
201 907 251 961 δή
275 905 351 949 ου’ν,
371 909 540 961 ἕχειν-
561 907 634 961 τήν
657 909 699 950 δὲ
723 911 763 950 ἐ-

102 967 234 1017 σθῆτα
275 966 526 1018 μετέβαλλον.
598 969 674 1004 Pro
711 970 764 1022 τῇ

103 1025 321 1078 Κορινθίῃ,
341 1023 446 1076 quod
475 1025 648 1076 plerique
677 1024 763 1061 libri

99 1086 252 1128 tenent,
322 1080 465 1118 Aldina
510 1083 760 1132 Κορινθίων.

100 1136 219 1189 Seqq.
240 1138 329 1174 citat
347 1136 521 1175 Eustath.
536 1138 584 1175 ad
603 1139 647 1175 Il.
668 1151 757 1189 pag.

100 1193 196 1242 567,
236 1197 289 1234 37
317 1207 348 1231 s.
368 1194 463 1242 431,
484 1194 510 1235 4
532 1187 574 1231 et'
588 1194 683 1242 456,
709 1197 760 1234 10

98 1263 129 1290 S.
151 1251 245 1297 347,
277 1252 316 1290 9.
372 1253 456 1287 Iam
476 1250 525 1288 ad
549 1253 663 1288 totius
686 1251 761 1287 loci

99 1314 372 1356 argumentum
401 1309 538 1344 melius
576 1309 760 1358 perspici-

101 1362 245 1399 endum
264 1363 359 1400 haec
375 1366 497 1400 teneri
516 1365 645 1402 velim.
673 1366 760 1401 Du-

99 1420 191 1470 plex
217 1421 452 1457 Graecarum
471 1422 677 1458 mulierum
699 1421 760 1458 di-

99 1478 241 1527 stingui
261 1476 373 1515 debet
385 1479 668 1526 vestimentum,
678 1479 760 1514 Do·—

100 1534 223 1570 ricum
262 1541 376 1586 atque
422 1536 620 1583 Ionicum,
664 1533 760 1571 illud

99 1591 289 1642 antiquius
304 1589 478 1643 adeoque
497 1605 620 1628 unum
632 1592 762 1628 omni-

98 1647 168 1683 bus
201 1648 294 1684 olim
325 1648 478 1686 Graecis
506 1649 672 1685 Doribus
693 1661 760 1684 ae-

98 1716 174 1756 que
214 1710 328 1756 atque
366 1705 521 1744 Ionibus
563 1706 759 1753 usitatum,

97 1759 171 1798 hoc
192 1774 242 1798 ex
256 1762 360 1809 Asia,
382 1763 450 1799 ubi
467 1764 578 1799 Iones
589 1763 760 1814 primum

98 1825 366 1866 assumserunt,
398 1820 437 1855 in
455 1821 654 1870 Europam
669 1818 759 1856 inde

99 1873 148 1911 ad
172 1876 325 1912 Ionicae
362 1878 485 1927 stirpis
521 1884 653 1927 gentes
680 1883 760 1912 tra-

99 1930 272 1969 ductum.
329 1932 430 1969 Illud
461 1946 511 1969 ex
537 1934 625 1970 lana
644 1945 759 1984 para-

96 1995 180 2025 tum
212 1996 249 2026 et
278 1988 436 2041 quidem
464 2003 542 2026 uno
575 2004 623 2026 ex
650 1991 758 2040 frag—

96 2052 229 2082 mento
249 2059 320 2083 nec
350 2047 520 2097 pluribus
549 2061 569 2083 e
589 2048 757 2098 partibus

98 2109 324 2150 consutum,
372 2105 454 2140 sine
495 2105 676 2152 manicis,
715 2105 757 2140 in

97 2157 265 2196 humeris
286 2166 437 2197 tantum
462 2174 619 2214 unoque
639 2161 757 2197 latere

100 2229 320 2254 connexum
338 2216 478 2266 fibulis,
500 2219 618 2255 altero
638 2219 756 2254 latere

100 2279 272 2323 apertum
293 2273 423 2324 (unde
445 2272 597 2326 σχιστός
620 2272 755 2328 χιτών)

98 2330 149 2365 itu
173 2337 318 2378 tamen,
347 2338 390 2368 ut
409 2330 533 2369 fibulis
564 2346 593 2369 s.
615 2332 757 2369 acubus

99 2387 342 2436 probabiliter
372 2390 580 2439 constringi
619 2395 756 2440 posset,

101 2455 149 2477 ne
176 2444 255 2480 scil.
286 2443 408 2481 nudas
441 2458 481 2482 se
515 2445 649 2483 darent
667 2458 759 2481 mu-

102 2498 230 2547 lieres,
277 2500 459 2552 idemque
507 2504 622 2539 etiam
663 2503 758 2539 solvi

102 2562 245 2604 posset,
265 2559 296 2593 si
314 2558 466 2594 liberior
485 2561 650 2610 corporis
671 2572 759 2595 mo-

104 2616 160 2647 tus
191 2610 261 2661 (ut
288 2627 325 2651 v.
347 2628 379 2650 c.
408 2615 590 2663 inludis,
619 2616 756 2668 quibus

106 2672 143 2702 et
181 2667 278 2717 ipsas
319 2671 497 2709 mulieres
545 2672 757 2709 interfuisse

105 2723 307 2773 novimus)
336 2725 410 2764 hoc
435 2729 664 2780 requireret,
693 2728 759 2764 ubi

106 2785 263 2830 utraque
290 2782 424 2820 lacinia
443 2786 490 2822 ab
519 2792 681 2837 utroque
700 2785 760 2821 la-

107 2843 183 2871 tere
204 2837 465 2887 explicaretur,
485 2842 759 2893 inferioresque

161 2893 382 2931 Hrnonor.
401 2897 468 2933 III.

819 570 986 621 corporis
1007 577 1143 621 partes,
1164 578 1207 608 ut
1227 571 1356 624 pedes,
1373 585 1482 609 crura

819 634 1057 678 apparerent.
1128 627 1237 665 Unde
1279 644 1484 680 φαινομη-

820 685 934 734 ρίδας
953 684 1132 722 mulieres
1143 686 1350 736 Spartanas
1369 693 1484 737 poeta

820 740 915 777 dixit
946 742 1095 792 Ibycus.
1159 744 1218 779 Ac
1253 744 1484 795 plerumque

819 810 869 833 ne
889 810 1028 834 zonam
1050 797 1208 850 quidem
1223 798 1313 837 huic
1325 802 1482 837 amictui

819 854 917 890 infra
940 861 1072 905 pectus
1108 855 1313 894 addebant.
1383 858 1482 894 Tale

820 918 950 947 autem
986 913 1259 949 vestimentum
1292 914 1482 950 muliebre

819 968 944 1005 fibulis
956 967 1178 1006 adstrictum
1190 977 1348 1007 vocatur
1359 972 1483 1007 Grae-

819 1025 871 1061 cis
899 1024 1136 1078 περονητρὶς
1165 1033 1202 1064 et
1239 1025 1483 1078 καταπτυχὲς

819 1080 1072 1134 ἔμπερόναμα
1113 1084 1181 1132 (ut
1219 1091 1355 1121 monet
1388 1085 1481 1121 Val-

816 1137 929 1175 cken.
963 1138 1010 1176 ad
1031 1138 1070 1181 h.
1090 1140 1116 1178 l.
1153 1147 1190 1177 et
1210 1141 1283 1177 alia
1304 1141 1423 1179 citans
1445 1148 1482 1179 et

815 1193 1024 1246 Spanhem.
1074 1195 1123 1233 ad
1171 1196 1394 1236 Callimach.
1440 1198 1482 1235 in

815 1253 943 1303 Apoll.
965 1253 1038 1303 32)
1070 1255 1149 1291 sive
1180 1256 1380 1291 communi
1411 1267 1482 1306 ap·-

815 1310 1019 1359 pellatione
1031 1307 1152 1360 χιταίν
1168 1318 1284 1363 atque
1296 1307 1456 1362 ἱμάτιον
1469 1325 1482 1360 3

814 1364 910 1402 illud
930 1367 1092 1414 rectius,
1123 1374 1165 1404 ut
1183 1369 1265 1419 ipsa
1298 1370 1385 1405 artis
1407 1367 1482 1406 do-

817 1429 905 1459 cent
941 1431 1215 1473 monumenta3
1275 1423 1351 1462 hoc
1389 1424 1482 1462 inde

816 1479 972 1516 fortasse
992 1481 1153 1517 invaluit
1172 1494 1317 1518 nomen
1334 1511 1344 1530 ,
1377 1481 1482 1533 quod

813 1536 846 1572 si
867 1549 956 1572 cum
975 1538 1116 1573 Ionum
1135 1536 1288 1574 chitone
1321 1551 1482 1589 compa-

816 1600 983 1641 raretur,
1014 1606 1104 1630 sane
1132 1590 1290 1645 ἱμάτιον
1321 1608 1400 1632 esse
1420 1596 1481 1633 vi-

818 1648 970 1686 deretur
999 1663 1043 1687 ac
1072 1664 1204 1688 revera
1224 1652 1276 1688 sic
1297 1652 1482 1703 appellari

815 1713 954 1757 posset.
1011 1706 1152 1744 Adhuc
1181 1709 1221 1744 in
1250 1710 1362 1746 variis
1391 1722 1482 1746 mo-

815 1765 1030 1811 numentis,
1060 1778 1159 1817 quae
1188 1772 1360 1802 nostram
1378 1767 1482 1803 tule-

816 1828 907 1857 runt
955 1828 1120 1858 aetatem
1133 1851 1142 1869 ,
1192 1823 1479 1873 conspiciuntur

815 1878 995 1915 mulieres
1013 1879 1175 1915 Doricae
1199 1877 1271 1916 hac
1292 1885 1398 1916 veste
1416 1880 1480 1915 in·-

817 1933 930 1970 dutae
952 1934 1126 1987 adeoque
1145 1937 1249 1986 ipsae
1277 1937 1382 1972 Deae
1396 1965 1406 1983 ,
1436 1943 1480 1974 ut

814 1992 951 2039 Diana,
973 1993 1091 2039 aliae;
1132 1994 1224 2044 quin
1246 2005 1290 2029 ea
1310 1994 1391 2044 ipsa
1409 2006 1480 2029 ve-

813 2055 868 2085 ste
879 2047 1129 2086 Athenienses
1146 2050 1239 2086 olim
1254 2062 1345 2086 usae
1364 2049 1479 2087 fuisse

814 2104 1014 2154 dicuutur,
1045 2105 1167 2143 donec
1194 2105 1351 2144 Iom'cam
1371 2120 1480 2144 assu—

812 2169 963 2199 merent
1000 2170 1167 2211 vestem,
1215 2176 1313 2215 quae
1357 2164 1478 2215 qualis

811 2219 938 2268 fuerit,
959 2232 1007 2256 ex
1023 2221 1110 2257 artis
1129 2222 1391 2258 monumentis
1410 2233 1479 2257 ae-

814 2289 888 2328 que
908 2278 1087 2327 cognosci
1107 2284 1243 2328 potest,
1277 2292 1297 2314 e
1319 2277 1477 2315 dearum

813 2334 1035 2381 simulacris,
1049 2335 1129 2370 aliis
1139 2333 1179 2370 id
1193 2347 1328 2384 genus.
1355 2336 1478 2371 Nam-

816 2403 890 2442 que
902 2392 1091 2427 manicata
1103 2392 1363 2428 amiciebatur.
1379 2392 1477 2428 Lin-

814 2454 874 2483 tea
897 2455 976 2484 erat
996 2449 1151 2495 tunica,
1192 2455 1272 2484 tota
1303 2455 1474 2497 consuta,

813 2504 851 2540 in
875 2517 951 2556 qua
971 2505 1095 2542 fibulis
1116 2505 1368 2553 nulluslocus,
1388 2518 1477 2542 ma-
1514 2553 1516 2558 ,

814 2562 909 2597 uicis
934 2562 1117 2598 instructa
1146 2561 1276 2610 (unde
1296 2562 1476 2613 χειριδω-

814 2615 881 2664 τός
903 2615 1051 2670 χιτών),
1079 2619 1197 2668 longa
1216 2619 1266 2655 ad
1286 2619 1401 2670 pedes
1416 2625 1477 2655 ta-

814 2675 948 2725 losque
967 2688 1089 2726 usque
1110 2674 1274 2712 deducta
1294 2683 1330 2712 et
1350 2682 1475 2712 totum

816 2743 952 2781 corpus
980 2732 1185 2782 obtegens,
1213 2730 1304 2768 hinc
1323 2732 1475 2768 sinuosa

817 2794 854 2823 et
893 2789 1132 2838 complicata.
1200 2789 1306 2833 Quae
1345 2787 1474 2823 omnia

817 2844 1058 2881 orientalium
1077 2843 1282 2881 hominum
1306 2844 1475 2880 referunt

1147 2903 1194 2939 11
