1897 3340
129 650 398 685 dilapsis,vacua1n

128 685 258 718 capiunt.
286 682 351 715 Qua
368 689 401 708 re

128 718 259 751 cognita,
287 718 383 744 Grae-

128 759 229 777 cornm
247 751 352 778 classis

128 783 229 811 hor-tes
254 788 387 811 metuens

127 854 174 877 cto
193 850 365 878 Chalcidem

128 884 157 910 in
178 886 299 912 Euboea.
318 892 364 912 re-

127 918 267 948 trocedit.

453 221 536 262 724

851 220 1306 258 HERODOTI

454 330 758 374 ἐπεδείκνυσαν
801 328 1128 385 ἐκπαγλεόμενοι
1166 325 1284 383 πάσῃ
1325 331 1381 386 τῇ
1412 332 1602 386 στρατιῇ,
1631 343 1704 373 πε-

454 396 674 454 ριέποντες
709 390 778 439 εὖ·
821 395 926 447 τούς
956 397 1002 440 δὲ
1033 396 1209 446 ἄλλους,
1249 395 1353 446 τούς
1392 395 1548 453 ἔλαβον
1576 396 1623 439 ἐν
1649 399 1703 452 τῇ

300 483 396 528 132
454 465 529 520 νηῒ
565 462 723 518 ταύτῃ,
759 467 980 515 περιεῖπον
1016 461 1075 514 ὥς
1115 460 1380 516 ἀνδράποδα.
1448 464 1505 506 Αἱ
1543 463 1622 518 μὲν
1651 462 1705 518 δὴ

128 549 247 576 tertiam
277 548 400 576 classia-
457 530 538 576 δύο
576 534 664 574 τῶν
692 531 802 571 νεῶν
833 528 947 572 οὕτω
991 528 1289 586 ἐχειρώθησαν.
1347 529 1374 586 ἡ
1406 531 1451 574 δὲ
1470 533 1602 587 τρίτη,
1631 534 1706 586 τῆς

129 583 181 609 riis
201 587 267 617 post
290 589 399 608 navem

128 617 166 643 aa
186 617 267 644 imus
283 615 399 642 anisam
457 597 726 653 ἐτριηράρχεε
743 594 933 649 Φόρμος,
955 594 1062 652 α’νὴρ
1088 596 1325 652 Ἀθηναῖος,
1348 597 1587 652 φεύγουσα,
1620 599 1704 649 ἐξο-
1715 604 1759 638 95

456 667 594 709 κέλλει
633 663 675 714 ἐς
712 661 788 712 τοὶς
826 661 1006 718 ἐσβολὰς
1044 667 1123 705 τοῦ
1164 667 1379 718 Πηνειοῦ·
1418 665 1492 708 καὶ
1519 671 1599 710 τοῦ
1627 665 1706 722 μὲν

458 731 645 787 σκάφεος
675 729 915 784 ἐκράτησαν
938 730 982 771 οἱ
998 728 1229 784 βάρβαροι,
1259 737 1345 776 τῶν
1365 733 1409 776 δὲ
1430 732 1605 787 ἀνδρῶν
1634 731 1702 776 οὔ.

128 817 286 844 Artemisio
307 803 398 843 reiis
431 798 525 849 2039
553 797 636 852 γάρ
667 797 720 853 δὴ
747 797 923 853 τάχιστα
943 795 1178 840 ἐπώκειλαν
1206 798 1285 852 τὴν
1313 801 1389 843 νέα
1407 803 1449 843 οἱ
1471 799 1704 855 Ἀθηναῖοι,

456 862 775 918 ἀποθορόντες,
813 863 922 907 κατὰ
961 866 1200 919 Θεσσαλίην
1228 866 1516 921 πορευόμενοι
1558 868 1704 921 ἐκομί-

457 938 627 988 σθησαν
657 931 700 982 ἐς
726 929 926 986 Ἀθήνας.
967 936 1113 974 Ταῦτα
1151 933 1193 975 οἱ
1224 932 1424 989 “”Ἐλληνες
1452 936 1494 976 οἱ
1523 933 1584 977 ἐπ’
1607 932 1704 987 Ἀρ-

455 1001 627 1056 τεμισίῳ
659 996 1099 1053 στρατοπεδευόμενοι
1127 999 1425 1044 πυνθάνονται
1455 1001 1571 1054 παρὰ
1598 1018 1705 1055 πυρ-

456 1071 544 1110 σῶν
587 1067 633 1110 ἐκ
662 1067 879 1110 Σκιάθου.
938 1064 1184 1122 πυθόμενοι
1225 1068 1270 1111 δὲ
1308 1070 1382 1111 καὶ
1419 1068 1730 1123 καταῤῥωδή-1

458 1146 621 1185 σαντες,
650 1131 734 1177 άπὸ
764 1137 844 1178 τοῦ
865 1131 1130 1190 ’Λρτεμισίου
1159 1136 1476 1190 μετωρμίζοντο
1514 1134 1556 1185 ἐς
1587 1138 1706 1176 Χαλ-

559 1357 652 1407 Cap.
677 1355 903 1392 CLXXXII.

457 1412 646 1460 ἐξοκέλλει
682 1412 721 1459 ἐς
760 1409 830 1458 τοὶς
860 1408 1045 1462 ἐσβολάς]

401 1466 567 1520 ἐσβολάς
604 1481 672 1520 pro
722 1469 825 1518 vulg.
868 1465 1048 1518 ἐμβολάς,

403 1526 506 1576 quod
532 1527 768 1562 retinuerunt
795 1522 988 1561 Schaefer.
1015 1530 1052 1560 et

401 1581 604 1627 Matthiae,
641 1580 728 1618 dedi
749 1593 837 1617 cum
857 1579 1053 1629 Schweig-

402 1636 529 1674 haeus.
545 1645 579 1674 et
595 1637 725 1682 Gaisf.3
747 1650 768 1672 e
788 1636 872 1673 cod.
894 1637 1053 1672 Floren-

401 1695 480 1731 tino
502 1694 724 1745 duobusque
747 1693 825 1729 aliis
853 1691 1052 1728 Bekkerus

402 1751 528 1786 nescio
570 1749 673 1786 uude
713 1748 817 1785 dedit
855 1743 1051 1799 ἐκβολάς.

402 1807 488 1843 Vox
526 1803 671 1856 ἐσβολή
709 1805 901 1842 invenitur
940 1806 1053 1841 etiam

401 1863 481 1909 Vll,
505 1864 597 1902 173.
624 1860 712 1902 175.
737 1863 835 1907 176,
875 1861 941 1897 ubi
961 1862 1054 1897 Gai-

400 1920 471 1955 lius
483 1919 626 1955 Gallice
637 1916 760 1954 reddit
771 1917 910 1954 l’entre'e
919 1918 1052 1954 e'troz'te.

401 1975 569 2012 Verbum
591 1972 803 2021 ἐξοκέλλειν
818 1973 864 2010 de
881 1974 1054 2021 navibus,

406 2043 505 2083 quae
543 2037 745 2066 ventorum
778 2030 815 2066 vi
846 2031 884 2065 in
915 2037 1056 2066 terram

404 2094 468 2123 aut
489 2086 585 2123 vada
612 2087 821 2133 eiiciantur,
852 2087 1054 2136 impingere,

403 2145 561 2179 illustrat
589 2145 794 2192 Bergman.
825 2141 873 2178 ad
901 2143 1054 2179 Isocrat.

403 2200 592 2248 Areopag.
616 2201 640 2238 6
661 2211 748 2248 pag.
772 2201 864 2237 177.
923 2198 1056 2234 Simile

404 2255 563 2289 verbum
591 2252 813 2292 ἐποκέλλειν
844 2254 922 2302 ipse
949 2253 1055 2300 attigi

405 2308 452 2346 ad
487 2310 548 2354 vl,
575 2310 636 2347 16.
687 2302 841 2355 σκάφος
874 2307 921 2343 de
954 2309 1055 2344 ηαυιέ

404 2365 502 2402 alueo
522 2362 810 2412 intelligendum
824 2391 833 2409 ‚
861 2370 901 2399 ut
923 2364 961 2399 in
977 2365 1057 2399 Ae-

405 2419 526 2471 schyl.
547 2420 652 2455 Pers.
669 2417 762 2465 425,
784 2419 847 2454 ubi
870 2420 976 2469 plura
997 2420 1056 2455 af-

403 2477 475 2513 fert
495 2474 708 2512 Blomfield.
740 2475 777 2510 in
808 2476 929 2512 Gloss.
959 2476 1056 2512 bene

404 2545 552 2569 memor
572 2532 643 2567 loci
673 2530 890 2567 Herodotei.
920 2554 970 2558 -—
1011 2534 1055 2568 In

403 2602 508 2640 seqq.
530 2586 616 2624 dedi
646 2586 683 2633 ἐς
707 2583 893 2636 Ἀθήνας
928 2601 994 2638 pro
1016 2588 1056 2634 ἐς

404 2660 424 2683 τ
436 2642 460 2683 εὶ
473 2660 492 2691 ς
515 2639 710 2692 Ἀθήνας,
742 2643 844 2694 qnod
861 2644 944 2680 libri
960 2645 1054 2681 scri-

404 2702 458 2752 pti
478 2705 669 2750 respuunt.

459 2752 599 2806 παρά
637 2755 888 2804 πυρσῶν]
942 2755 1051 2799 Quod

403 2814 442 2848 in
473 2812 661 2850 Sancrosti
699 2809 786 2848 cod.
826 2818 944 2847 exstat
985 2809 1052 2850 διά

1108 1354 1310 1392 correctori
1340 1353 1467 1391 deberi
1505 1360 1660 1406 putem,
1699 1352 1764 1404 qui

1109 1409 1216 1460 παρά
1248 1411 1296 1448 de
1330 1407 1524 1461 ἐμψύχοις
1555 1422 1674 1461 aeque
1705 1415 1764 1444 at-

1115 1481 1189 1520 que
1220 1467 1266 1504 de
1302 1463 1478 1517 άψύχοις
1518 1466 1661 1504 dictum
1695 1463 1765 1500 ad-

1111 1525 1218 1574 iungi
1249 1525 1371 1561 verbis
1393 1518 1570 1571 άκούειν,
1604 1516 1765 1572 μανθά-

1112 1594 1220 1626 νειν,
1251 1575 1551 1626 πυνθάνεσθαι,
1581 1577 1765 1616 similibus

1110 1637 1280 1683 nescivit,
1305 1637 1401 1672 bene
1422 1643 1577 1672 notante
1601 1632 1766 1671 Valcke-

1112 1693 1254 1739 naerio,
1276 1693 1336 1729 cui
1358 1691 1444 1730 add.
1465 1690 1599 1728 Matth.
1616 1692 1682 1728 Gr.
1697 1690 1764 1726 Gr.

1113 1750 1148 1794 ξ.
1172 1749 1252 1789 588
1283 1762 1316 1785 a.
1339 1760 1423 1798 pag.
1450 1750 1568 1788 1172.
1609 1745 1766 1783 Facibus

1113 1812 1241 1841 autem
1279 1805 1481 1841 utebantur
1509 1811 1693 1854 tanquam
1713 1803 1766 1838 si-

1112 1862 1208 1911 gnis,
1231 1874 1298 1911 pro
1319 1873 1425 1897 more
1442 1861 1688 1905 Graecorum,
1717 1857 1765 1894 de

1113 1930 1189 1969 quo
1219 1918 1328 1968 plura
1357 1915 1459 1967 apud
1495 1917 1663 1952 Aeneam
1682 1914 1766 1950 Ta-

1113 1975 1198 2010 ctic.
1229 1978 1253 2014 7
1285 1973 1350 2009 fin.
1380 1974 1508 2024 ibique
1536 1974 1563 2008 1.
1587 1973 1629 2008 C.
1651 1970 1766 2007 orell.

1113 2044 1150 2080 p.
1178 2028 1267 2069 140.
1296 2029 1433 2080 Polyb.
1453 2030 1502 2074 X,
1525 2026 1576 2066 43
1600 2033 1637 2063 et
1667 2038 1764 2077 quae

1100 2098 1102 2101 ·
1113 2085 1221 2122 affert
1234 2083 1444 2134 KrUgenad
1455 2081 1762 2133 Xenoph.Anab.

1114 2142 1194 2187 Vll,
1226 2144 1251 2181 8
1278 2142 1317 2185 ξ.
1357 2139 1418 2179 15.
1482 2137 1583 2175 Add.
1622 2136 1764 2174 Herod.

1114 2197 1182 2242 IX,
1213 2198 1251 2235 3.
1308 2195 1390 2240 Quo
1423 2195 1535 2230 eliam
1563 2192 1765 2244 Aeschylei

1114 2251 1412 2301 Agamemnonis
1451 2252 1603 2287 initium
1648 2251 1766 2301 perti-

1115 2321 1217 2354 nere,
1238 2308 1303 2343 ubi
1323 2314 1365 2343 tu
1386 2307 1502 2344 'confi
1538 2307 1764 2354 Stanleium,

1115 2376 1230 2400 nemo
1251 2364 1380 2400 nescit.

1173 2420 1457 2470 μετωρμίζοντο
1497 2417 1535 2464 ἐς
1566 2417 1763 2466 Χαλκίδα]

1115 2477 1140 2513 i.
1161 2489 1194 2512 e.
1226 2476 1376 2512 navibus
1403 2475 1447 2512 ab
1475 2475 1660 2512 Artemisio
1685 2486 1763 2523 pro-

1107 2532 1199 2582 fecti
1218 2532 1417 2569 Chalcidem
1435 2544 1470 2567 se
1490 2534 1685 2581 receperunt
1696 2530 1764 2567 ibi·
1826 2525 1828 2581 j

1115 2602 1178 2638 que
1189 2590 1366 2625 stationem
1378 2591 1569 2624 tenuerunt.
1598 2588 1641 2622 In
1656 2598 1762 2636 seqq.

1113 2639 1436 2695 ἡμεροσκόπους,
1485 2655 1506 2678 a
1537 2643 1670 2694 quibus
1702 2640 1763 2677 di-

1112 2700 1326 2749 stinguendi
1368 2696 1582 2747 πυρσευταὶ
1612 2697 1762 2748 ignibus

1113 2757 1278 2793 accensis
1313 2756 1378 2806 qui
1409 2756 1517 2805 sigua
1538 2753 1648 2800 dant,
1670 2759 1761 2789 teste

1112 2812 1243 2848 Aenea}
1285 2811 1430 2849 Tactic.
1461 2823 1544 2860 cap.
1583 2813 1622 2856 6,
1671 2808 1760 2846 dicit
