1897 3340
398 194 482 233 796

688 193 953 231 HERODOTI
980 192 1244 228 POLYMNIA
1273 192 1355 231 VII.

397 299 644 352 κελεύουσα,
680 301 754 344 καὶ
783 299 980 356 εὑρήσειν
1009 300 1144 355 σφέας
1173 299 1402 355 γράμματα
1432 298 1479 342 ἐν
1507 303 1567 357 τῷ
1583 298 1650 351 ξύ-

365 373 468 425 Ίλῳ.
520 367 776 422 πειθόμενοι
817 369 887 420 δὲ,
933 362 1065 422 εὗρον
1106 369 1179 410 καὶ
1211 368 1473 419 ἐπελέξαντο,
1507 368 1650 410 ἔπειτα

396 436 443 479 δὲ
470 440 580 479 τοῖσι
608 436 776 478 ἄλλοισι
799 434 974 490 ”Ἐλλησι
1004 435 1261 479 ἐπέστειλαν.

396 502 512 548 οὕτω
543 504 705 559 λέγεται
735 502 950 558 γενέσθαι.

340 701 445 726 soror
457 695 547 734 erat,
568 685 710 723 utfalso
731 683 843 720 tradit
864 685 994 721 lustin.

339 746 365 781 l.
387 746 426 790 1.‚
448 743 512 780 sed
542 756 652 787 uxor,
674 742 887 777 Cleomenis
904 743 994 779 filia.

338 800 428 837 vid.
450 801 495 846 V,
527 798 592 838 48.
627 798 695 834 Cr.
728 798 888 833 conferri
914 798 996 834 vult

339 854 616 907 VVyttenbach.
637 853 683 890 ad
700 852 889 893 Plutarch,
909 855 997 890 Μο-

340 914 408 952 ral.
439 913 467 959 I,
489 914 514 951 2
535 925 572 961 p.
594 912 686 950 902.
746 909 808 945 Ad
836 911 996 946 verbum

339 967 633 1019 ἐπιφρασθεῖσα
653 967 753 1003 cous.
773 967 836 1013 IV,
861 968 956 1006 200.

397 1077 468 1119 τόν
488 1075 609 1131 κηρὸν
632 1079 751 1125 κνᾶν]
766 1077 888 1114 Affert
903 1077 996 1114 Sui-

341 1136 406 1174 das
433 1150 463 1173 s.
494 1150 532 1173 v.
561 1136 662 1173 κνᾶν
684 1136 719 1170 ΙΙ
749 1148 786 1184 p.
808 1136 887 1174 333
909 1134 995 1171 coll.

339 1207 369 1230 s.
390 1207 424 1230 v,
448 1191 673 1239 ἐπελέξαντο
695 1192 712 1226 Ι
732 1205 768 1241 p.
791 1191 885 1230 793.
933 1189 996 1226 Ad

339 1249 654 1299 significationem
666 1249 731 1285 vix
743 1248 908 1283 multum
921 1245 996 1284 dif-

1323 439 1470 478 Ταῦτα
1490 435 1567 490 μὲν
1598 436 1650 490 δὴ

1050 684 1123 720 sert
1134 686 1237 723 κνᾶν
1258 692 1294 722 et
1306 684 1464 732 ἒκκνᾶν,
1478 684 1610 730 radere,
1624 697 1708 722 era-

1053 740 1144 777 «lere.
1212 742 1392 778 Extrema
1426 742 1555 791 capitis
1595 739 1707 777 huius

1051 797 1166 832 verba
1193 799 1314 834 ταῦτα
1345 795 1417 847 μὲν
1442 796 1491 847 δή
1524 793 1626 836 οὕτω
1650 796 1707 835 λέ-

1051 867 1157 903 γεται
1180 850 1380 903 γενέσθαι,
1405 855 1519 902 vulgo
1536 853 1583 889 ad
1602 860 1707 890 octn-

1052 910 1090 946 vi
1110 909 1193 944 libri
1213 909 1365 944 initium
1385 909 1607 956 referuntur,
1641 910 1707 945 ubi

1052 977 1142 1001 saue
1165 965 1280 1000 etiam
1309 966 1347 1001 in
1376 963 1488 1001 codd.
1522 966 1732 1013 Florenti-7

1052 1034 1116 1068 no,
1145 1019 1341 1065 mediceo,
1375 1021 1454 1057 allis
1475 1029 1707 1071 comparent,

1051 1079 1131 1114 sine
1158 1077 1235 1114 ulla
1257 1090 1368 1113 causa
1394 1078 1537 1115 iterata.
1597 1077 1708 1114 Conf-

1051 1141 1145 1170 nott.
1162 1132 1210 1169 ad
1223 1135 1307 1170 VIII
1319 1134 1383 1172 fin.
1416 1133 1709 1184 Sa11crofii11ber

1051 1190 1169 1226 semel
1189 1203 1233 1227 ea
1253 1191 1396 1242 profert
1415 1191 1456 1226 in
1477 1191 1599 1228 octavi
1623 1190 1709 1227 libri

1051 1248 1173 1284 initlo.

634 1453 959 1499 ἽΣΤΟΡΙῼΝ
984 1454 1084 1499 ‘HP
1092 1458 1207 1500 ΟΛΟ
1215 1458 1336 1499 ΤΟΥ
1360 1454 1418 1498 Z'.
