1897 3340
418 259 501 299 222

835 259 1295 297 HERODOTI

418 365 664 422 πυθόμενοι
693 364 740 409 δὲ
769 367 812 410 οἱ
845 369 990 421 Κᾶρες
1019 366 1302 422 συνελέγοντο
1338 367 1408 411 ἐπὶ
1438 367 1607 420 Λευκάς
1625 386 1679 414 ’τε

420 433 595 490 Στήλας
639 434 928 488 καλεομένας,
983 435 1056 478 καὶ
1101 434 1301 490 ποταμὸν
1347 435 1606 493 ΜαρσύηνΔ
1628 436 1680 489 ὃς

421 502 533 557 ῥέων
565 501 618 545 ’ἐκ
646 505 732 558 τῆς
775 500 984 557 Ἰδριάδος
1017 500 1183 558 χώρης,
1221 502 1263 554 ἐς
1300 502 1377 546 τὸν
1414 505 1734 560 Μαίανδρονθο

363 663 593 712 Florentino,
629 663 731 710 aliis;
762 669 802 699 ut
832 657 1022 712 πρότερον

361 718 391 772 ἢ
412 722 510 770 (sine
530 719 653 770 πρὶν)
683 719 764 766 VII,
793 721 831 758 2.
862 716 927 759 54.
952 717 1023 764 IX,

363 780 417 819 86
439 784 476 814 et
499 776 594 826 πρὶν
617 772 644 824 ἢ
676 774 784 823 (sine
803 770 1025 825 πρότερον)

361 835 458 879 VIII,
499 834 537 872 8.
615 832 665 867 At
701 832 879 883 frequens
917 829 1021 866 idem

363 901 517 941 quoque
537 889 710 924 iunctum
727 889 934 937 reperitur:
956 887 1020 934 VI,

363 946 431 987 45.
452 946 544 992 vll,
566 946 603 991 8,
625 947 664 984 2.
684 945 714 991 I,
739 943 830 984 140.
859 944 959 990 VIII,
981 945 1020 984 8.

362 1004 430 1049 IX,
455 1004 520 1042 16.
543 1002 610 1042 95.
667 1001 719 1037 At
737 1001 806 1047 IX,
827 1002 880 1040 87
901 1000 1022 1050 pluri-

364 1060 417 1094 mi
434 1059 521 1094 libri
536 1058 716 1094 omittunt
736 1055 853 1109 πρὶν;
885 1070 933 1093 ex
943 1069 1020 1108 quo

360 1117 446 1151 loco
466 1115 622 1151 forsitan
644 1115 811 1164 colligas,
832 1112 905 1150 hoc
921 1126 1022 1165 quo-

362 1185 437 1224 que
467 1172 551 1207 loco
587 1170 796 1208 delendum
815 1183 894 1207 esse
914 1168 1022 1221 πρὶν,

359 1229 581 1280 praesertim
593 1229 730 1264 cumin
742 1228 906 1278 reliquis,
928 1239 1024 1278 quos

361 1286 623 1334 allegavimus,
644 1286 734 1321 locis
747 1313 756 1331 ,
777 1296 928 1334 semper
947 1295 1025 1319 una

361 1343 555 1392 alteraque
589 1353 666 1377 vox
705 1342 804 1376 iuter
833 1335 1024 1392 πρότερον

335 1413 339 1417 ·
363 1406 402 1435 et
422 1397 518 1449 πρὶν
538 1399 735 1434 interiecta
755 1398 976 1447 reperiatur.

419 1453 485 1494 ἐπὶ
510 1451 672 1500 Λευκάς
695 1468 736 1492 τε
765 1449 921 1504 Στήλας
948 1468 1022 1491 κα-

360 1509 576 1560 λεομένας]
619 1513 676 1547 De
702 1509 776 1547 hoc
814 1511 900 1547 loco
927 1508 1024 1545 nihil

361 1567 576 1619 quidquam
633 1568 795 1603 relatum
854 1567 1022 1605 invenio.

360 1626 461 1661 Nam
483 1622 604 1660 Leuca
621 1624 710 1659 urbs
721 1624 761 1658 in
780 1623 865 1659 sinu
885 1623 1024 1673 Smyr-

362 1692 459 1717 naeo
483 1679 548 1727 (de
561 1692 634 1730 qua
645 1686 793 1735 praeter
803 1677 1023 1715 Tzschuck.

363 1736 413 1774 ad
441 1737 531 1772 Mel.
561 1737 590 1782 l,
625 1739 674 1775 17
709 1736 775 1772 fin.
797 1736 954 1771 V01.111
978 1735 1022 1771 Ρ.

365 1797 384 1833 1
409 1807 447 1844 p.
469 1792 550 1833 509
571 1805 676 1843 seqq.
699 1792 747 1828 cf.
771 1792 906 1828 Cellar.
944 1793 1025 1827 No-

363 1851 418 1889 tit.
443 1849 532 1886 Orb.
554 1850 672 1899 antiq.
701 1850 766 1895 111,
789 1851 812 1888 3
842 1861 927 1899 pag.
958 1849 1025 1889 68.

365 1906 446 1955 69)
478 1904 553 1942 huc
581 1906 712 1941 referri
742 1907 887 1957 nequit.
945 1906 1024 1940 Nec

364 1964 487 2012 magis
515 1960 591 1998 huc
622 1962 752 1998 referri
780 1963 918 2012 poterit
939 1961 1024 1998 litus

365 2018 490 2056 Leuca
529 2017 631 2069 apud
669 2019 758 2055 Mel.
794 2020 824 2066 1,
863 2020 913 2058 16
944 2017 1023 2064 fin.,

365 2087 482 2126 quam
514 2088 602 2111 cum
633 2075 714 2111 aliis
740 2076 929 2111 Mannert.
961 2075 1022 2120 Vl,

365 2133 389 2172 3
407 2144 495 2182 pag.
517 2131 594 2171 241
621 2130 785 2168 eandem
818 2131 1025 2181 probabili-

363 2194 421 2224 ter
442 2201 520 2224 esse
542 2189 648 2237 ponit
678 2195 791 2240 atque
811 2187 1026 2238 Leucopolin

365 2244 466 2294 apud
487 2245 586 2280 Plin.
610 2245 657 2280 H.
678 2247 723 2282 N.
738 2245 784 2291 V,
806 2245 858 2285 29
881 2245 1024 2289 §.107-

364 2301 430 2337 Tu
451 2300 528 2337 vid.
542 2299 771 2338 Tzschucke
790 2302 828 2336 in
849 2307 1025 2337 nott.ex-

365 2364 479 2406 egett.
511 2356 571 2393 ad·
588 2358 710 2394 Melae
738 2358 763 2394 l.
784 2358 808 2394 l.
833 2369 921 2408 pag.
943 2356 1024 2396 470

365 2414 451 2451 Vol.
474 2415 528 2449 Ill
548 2414 592 2450 P.
614 2416 643 2450 I.

421 2469 488 2509 καὶ
507 2466 687 2520 ποταμὸν
701 2465 923 2519 Μαρσύην]
938 2470 1023 2504 Me-

366 2525 428 2564 dia
449 2526 701 2562 Celaenarum
729 2527 822 2562 urbe
843 2525 1023 2562 decurre-

366 2583 430 2620 bat
457 2584 590 2629 amnis,
623 2584 708 2634 qui,
741 2590 781 2619 ut
807 2584 905 2619 Livii
939 2589 1024 2618 utar

367 2640 490 2678 verbis
503 2640 719 2685 XXXVIII,
736 2642 798 2691 13,
821 2638 922 2675 haud
934 2652 1024 2689 pro-

366 2697 428 2734 cul
449 2709 469 2732 a
488 2695 684 2733 Maeandri
704 2697 869 2732 sontibus
888 2697 1024 2743 oriens,

368 2754 407 2790 iu
429 2753 800 2790 Maeandrumcadit.
831 2752 931 2789 Add.
945 2754 1026 2788 Xe-

364 2809 482 2862 noph.
504 2811 629 2847 Anab.
654 2812 683 2857 1,
705 2812 731 2849 2
752 2810 790 2855 §-
812 2810 850 2855 8,
881 2810 946 2860 qui
966 2811 1027 2845 vi-

366 2868 461 2916 giuti
483 2867 652 2919 quinque
672 2864 788 2918 pedes
807 2866 927 2903 latum
949 2879 1028 2903 esse

1078 667 1236 700 testatur
1265 663 1425 701 fluvium
1457 665 1496 702 in
1517 661 1653 702 fabulis
1670 677 1736 702 ce-

1078 717 1267 756 lebratum
1297 721 1346 757 ob
1386 722 1628 772 Apollinem,
1668 722 1736 773 qui

1080 775 1273 826 Marsyam
1290 804 1301 819 ‚
1322 790 1411 814 cum
1431 780 1512 828 ipso
1534 777 1736 815 decertan-

1081 837 1174 877 tem,
1188 834 1397 870 excoriasse
1413 834 1541 871 fertur.
1555 836 1660 880 Quae
1672 847 1738 871 ea-

1077 886 1167 924 dem
1187 890 1322 925 Noster
1341 891 1461 940 attigit
1479 891 1561 938 VII,
1581 894 1648 938 26,
1670 892 1738 936 ubi

1078 943 1246 981 eundem
1275 947 1468 997 Marsyam
1494 944 1655 983 fluvium
1675 948 1738 983 in·-

1077 999 1203 1038 dicare
1232 1001 1381 1039 videtur
1400 1003 1470 1039 sub
1490 1004 1648 1040 nomine
1669 1002 1740 1041 Ca-

1077 1061 1271 1106 tarractae,
1294 1060 1360 1111 qui
1380 1072 1429 1096 ex
1454 1061 1534 1110 ipso
1555 1059 1738 1097 celaena-

1078 1127 1165 1150 rum
1193 1115 1276 1152 foro
1305 1117 1478 1152 exoriens
1514 1117 1554 1153 in
1585 1117 1740 1153 Maean-

1079 1169 1194 1207 drum
1233 1171 1347 1209 cadit.
1419 1174 1550 1224 Atque
1590 1173 1740 1211 Curtius

1078 1228 1144 1274 III,
1180 1230 1199 1267 1
1234 1229 1270 1274 ξ.
1293 1232 1319 1269 2
1347 1229 1446 1265 iuter
1467 1230 1551 1277 alia,
1573 1241 1672 1281 quae
1693 1228 1741 1266 de

1079 1285 1229 1334 Marsya
1251 1292 1400 1321 enarrat
1414 1315 1424 1333 ,
1467 1284 1561 1322 haec
1583 1298 1739 1338 quoque

1080 1340 1242 1391 profert:
1276 1341 1393 1388 „fons
1422 1343 1524 1390 eius,
1565 1354 1613 1379 ex
1631 1355 1741 1379 sum-

1080 1410 1145 1434 mo
1166 1399 1306 1434 montis
1318 1400 1516 1434 cacumine
1536 1412 1742 1436 excurrens

1078 1455 1119 1490 in
1159 1455 1370 1491 subiectam
1410 1462 1558 1506 petram
1596 1468 1740 1506 magno

1077 1512 1235 1560 strepitu
1256 1524 1442 1562 aquarum
1460 1511 1604 1549 cadit.“
1635 1512 1742 1558 Quae

1079 1565 1184 1602 haud
1227 1569 1303 1604 scio
1336 1580 1385 1603 au
1425 1567 1473 1604 ad
1504 1569 1740 1607 Catarractae

1077 1635 1220 1658 nomen
1234 1622 1442 1675 quidquam
1454 1625 1612 1669 faciant3
1624 1638 1742 1677 quem

1081 1678 1248 1715 eundem
1296 1687 1409 1733 atque
1445 1682 1636 1731 Marsyam
1666 1681 1742 1719 dici

1082 1735 1279 1772 contendit
1330 1749 1484 1788 quoque
1535 1736 1741 1775 Chaudler.

1079 1793 1215 1828 Reisen
1237 1793 1277 1828 in
1293 1793 1509 1830 Kleinasien
1530 1807 1613 1844 cap.
1631 1795 1742 1831 LXX

1080 1861 1168 1898 pag.
1197 1848 1290 1895 334,
1323 1849 1389 1885 ubi
1419 1849 1519 1897 vid.3
1560 1852 1631 1887 nisi
1651 1862 1742 1888 oum

1079 1906 1264 1942 Mannert.
1293 1906 1356 1953 VI,
1384 1909 1407 1946 3
1430 1920 1468 1956 Ρ.
1495 1908 1586 1947 192.
1617 1908 1742 1944 Hero-

1080 1960 1160 1998 doti
1180 1960 1370 2012 IIIarsyam
1391 1962 1439 1999 ad
1469 1963 1618 2000 Cariam
1639 1964 1742 2000 rese·-

1080 2031 1160 2065 ras,
1203 2031 1324 2054 uuum
1364 2031 1384 2053 e
1413 2020 1563 2067 rivulis,
1605 2022 1670 2072 qui
1699 2022 1739 2057 in

1080 2076 1294 2124 Harpasum
1333 2073 1471 2112 cadant
1508 2089 1628 2128 prope
1656 2078 1743 2114 Ma-

1080 2133 1253 2181 gnesiam
1294 2132 1501 2169 Maeandro
1539 2146 1579 2170 se
1617 2132 1743 2170 admi-

1081 2195 1262 2224 scentem.
1328 2189 1386 2224 De
1425 2188 1626 2226 Maeandro
1662 2189 1739 2228 vid.

1080 2245 1178 2280 Livii
1208 2251 1244 2280 et
1273 2244 1540 2296 Xenophontis
1560 2247 1585 2282 l.
1606 2246 1632 2283 l.
1652 2247 1740 2285 coll.

1082 2301 1260 2338 strabon.
1282 2303 1367 2347 XII,
1389 2304 1414 2343 8
1435 2316 1472 2352 Ρ.
1495 2305 1576 2344 577
1596 2315 1626 2340 s,
1645 2305 1740 2343 866.

1079 2359 1178 2394 Plin.
1202 2359 1248 2394 H.
1269 2360 1316 2394 N.
1336 2358 1369 2394 V
1397 2358 1489 2407 (29)
1512 2360 1561 2398 31
1586 2360 1623 2404 δ.
1649 2361 1741 2399 113.

1079 2415 1194 2451 Plura
1213 2413 1315 2450 dabit
1335 2413 1563 2452 Tzsclmcke
1583 2416 1622 2451 in
1643 2421 1740 2453 nott.

1080 2478 1244 2519 exegett.
1266 2470 1314 2507 ad
1329 2472 1419 2511 Mel.
1440 2473 1469 2519 1,
1496 2475 1545 2512 '17
1577 2472 1614 2516 §.
1650 2474 1667 2512 1
1701 2484 1740 2523 p.

1079 2527 1159 2568 484
1183 2527 1296 2575 (vol.
1318 2528 1372 2563 111
1392 2529 1436 2564 P.
1457 2528 1514 2575 1).
1573 2529 1684 2564 Nunc
1705 2529 1740 2565 ei

1079 2596 1222 2620 nomen
1232 2597 1310 2621 esse
1321 2584 1439 2620 fertur
1449 2583 1499 2621 M
1497 2583 1607 2631 inder,
1617 2583 1742 2622 Mein-

1079 2640 1152 2686 der,
1168 2642 1246 2676 sive
1265 2640 1400 2677 Boiuck
1420 2639 1581 2677 Minder.

1137 2696 1179 2736 ἐκ
1207 2699 1278 2746 τῆς
1309 2693 1561 2747 Ἰδριάδος
1590 2691 1739 2747 χώρης]

1082 2754 1181 2789 Male
1211 2754 1303 2789 olim
1322 2747 1405 2803 '1159
1419 2768 1441 2790 υ
1453 2749 1477 2790 ά
1491 2753 1572 2799 δος.
1624 2754 1741 2790 Recte

1084 2811 1186 2845 enim
1208 2807 1393 2859 Stephan.
1415 2810 1575 2860 Byzant.
1596 2822 1634 2861 p.
1658 2810 1735 2850 411

1082 2863 1230 2918 Ἰὁριοίς
1248 2863 1364 2912 πόλις
1375 2867 1445 2917 τῆς
1458 2866 1624 2918 Καρίας,
1641 2877 1740 2918 quae
