1897 3340
322 175 406 215 814
879 175 1230 212 ADDENDA

322 282 375 316 Ad
400 283 444 325 V,
467 284 509 319 61
535 281 608 316 init.
622 292 698 327 pag.
716 282 794 319 100.
843 281 943 323 Quod
966 282 1158 327 Schweigh.
1180 281 1327 316 coniecit
1350 279 1465 322 αὐτὸς
1489 282 1568 328 (pro
1592 280 1742 326 αὐτὸν),
1765 283 1800 317 id

538 339 625 362 nunc
647 327 681 360 in
703 332 831 361 textum
859 328 990 372 recepit
1014 329 1201 362 Bckkerus.
1228 347 1274 353 —-
1297 328 1350 362 De
1367 330 1488 363 Cerere
1511 329 1669 363 Archaea
1692 329 1800 363 disse-

537 373 606 408 ruit
628 384 761 418 quoque
784 373 956 407 Welcker.
980 374 1038 417 (ad
1062 373 1276 408 Scliwenckii
1299 373 1440 408 librum:
1466 374 1711 418 Andeutungen
1733 380 1799 408 etc.

535 431 570 465 p.
591 420 699 462 ⁶293);
725 417 783 452 ubi
809 419 950 453 Terram
974 418 1070 465 ponit
1093 431 1158 453 non
1183 431 1258 453 esse
1281 419 1450 454 diversam
1473 431 1494 454 a
1525 420 1741 464 Pelasgorum
1765 424 1801 454 et

541 465 742 498 Cabirorum
769 464 906 499 cerere.

321 513 374 549 Ad
404 514 443 554 V,
465 514 511 550 63
535 522 615 556 pag.
634 511 710 544 103.
758 508 830 550 Ea,
860 521 948 554 quae
978 509 1021 543 de
1047 510 1301 544 Paconidarum
1332 508 1428 542 demo
1455 509 1499 543 ad
1522 508 1632 543 vicum
1657 509 1799 551 Μεηίάί,

538 560 577 589 ut
598 565 685 588 nunc
708 559 842 595 vocant,
864 555 930 588 sito
952 555 1033 596 dixi,
1057 556 1218 601 probavit
1239 566 1373 600 quoque
1397 554 1498 597 Roszx,
1520 555 1572 589 vir
1587 556 1718 597 doctus,
1741 555 1799 599 qui

538 611 644 644 nuper
666 600 740 644 ipse
763 599 847 632 haec
869 600 944 633 loca
967 601 1219 634 accuratissime
1251 600 1483 646 perlustravit.
1550 603 1576 635 A
1613 601 1689 635 vico
1723 601 1800 634 Me-

538 646 606 680 nidi
631 645 659 678 si
683 656 781 677 unam
806 644 921 678 horam
945 645 1153 691 alteriusque
1167 647 1388 691 quadrantem
1402 645 1629 687 adscendens,
1652 647 1694 680 ad
1706 657 1798 679 mon-

535 691 581 724 tis
598 690 756 731 radicem,
771 690 829 723 ubi
853 701 960 735 prope
982 691 1081 734 iugis,
1102 692 1144 724 ad
1168 703 1276 736 aquae
1299 695 1421 725 sontem
1445 691 1554 725 diruta
1566 692 1669 725 aedes
1681 691 1798 725 Sancti

537 736 671 771 Nicolai
705 736 816 779 iacet,
852 737 1067 780 Lipsydrium
1098 742 1198 770 vetus
1231 737 1332 770 situm
1365 738 1469 770 fuisse
1504 739 1559 771 ille
1581 737 1705 770 statuit
1727 737 1799 770 loco

536 783 624 816 bene
647 781 767 823 electo,
789 780 914 826 quippe
938 781 1026 815 unde
1048 785 1120 815 tota
1145 786 1260 825 pateat
1282 782 1374 826 regio
1398 783 1553 828 undeque
1577 783 1674 816 simul
1692 782 1725 815 in
1748 782 1800 815 vi-

538 828 614 862 cina
648 827 722 860 loca
755 828 840 860 bene
863 838 1043 860 excurrere
1065 826 1187 871 possis.
1234 826 1312 860 Vid.
1336 827 1477 862 Blatter.
1510 830 1535 863 f.
1558 829 1647 862 liter.
1672 828 1800 862 Unter-

539 874 682 915 haltung
708 874 795 907 1833
820 883 870 905 ur.
895 874 958 907 231
986 884 1018 917 p.
1044 874 1124 907 955.

319 922 372 957 Ad
396 921 438 965 V,
462 922 508 957 63
531 931 609 964 pag.
635 920 700 952 105
725 918 778 951 lin.
803 919 836 952 2.
885 918 936 951 Ad
959 915 1162 961 προφέρειν
1185 916 1363 951 Bekkerus
1387 916 1421 949 in
1435 920 1534 951 nota:
1557 930 1689 960 „noune
1709 929 1800 962 προ-

539 964 724 1008 φαίνειν.“
771 963 857 997 Mihi
881 964 945 997 hoc
970 964 1185 997 veliementer
1208 962 1376 1007 displicet,
1398 962 1456 1008 qui
1480 964 1589 996 malim
1613 975 1634 998 a
1661 964 1799 1007 vulgata
1866 972 1869 981 '

535 1016 641 1044 stare.
664 1028 710 1033 -
734 1009 773 1041 In
798 1008 948 1053 proxime
964 1020 1059 1054 seqq.
1079 1020 1193 1043 vocem
1217 1005 1336 1051 Ἀστήρ
1361 1007 1437 1042 hinc
1461 1008 1589 1042 excitat
1617 1009 1723 1042 Lehrs
1747 1009 1798 1042 De

538 1054 729 1090 Aristarchi
752 1055 870 1088 studiis
893 1067 925 1100 p.
949 1056 1017 1089 302
1041 1056 1084 1088 de
1107 1057 1248 1088 accentu
1276 1065 1393 1097 agens,
1427 1065 1525 1098 quem
1548 1053 1581 1087 iu
1615 1054 1798 1088 nominibus

537 1101 683 1146 propriis
709 1100 830 1134 mutari
851 1102 990 1142 volunt,
1017 1105 1054 1134 et
1076 1100 1194 1133 similia
1221 1100 1308 1133 haud
1334 1110 1442 1144 pauca
1466 1099 1612 1133 afferens
1635 1099 1775 1133 nomina.

319 1148 372 1183 Ad
396 1149 440 1192 V,
463 1150 509 1184 63
532 1159 599 1192 pag
628 1147 693 1180 106
716 1146 775 1199 lin.
798 1148 822 1182 2
844 1158 906 1191 pro
928 1143 1097 1191 προσχιὸν
1131 1146 1278 1180 Bekker.
1312 1145 1407 1179 dedit
1440 1150 1476 1179 et
1508 1145 1540 1179 h.
1565 1145 1587 1180 l.
1613 1151 1649 1179 et
1675 1145 1732 1187 VI,
1754 1146 1799 1181 33

356 1200 358 1204 '
539 1205 565 1226 π
592 1202 671 1226 οσσ
703 1203 765 1225 ων.

319 1240 372 1274 Ad
397 1240 439 1282 V,
465 1240 509 1276 63
533 1205 610 1284 paeg.
638 1203 704 1274 103
728 1237 787 1274 fin.
832 1237 918 1272 Add.
943 1235 1105 1270 Sintenis.
1129 1235 1172 1270 ad
1197 1235 1370 1270 Plutarch.
1393 1235 1613 1270 Themistocl.
1636 1235 1654 1269 I
1676 1247 1710 1280 p.
1734 1236 1769 1270 7.

318 1286 372 1320 Ad
398 1286 442 1330 V,
467 1287 511 1321 65
536 1296 613 1330 pag.
644 1285 709 1319 112
732 1283 790 1317 liu.
817 1285 847 1317 1.
894 1283 946 1316 Ad
970 1294 1086 1315 vocem
1111 1279 1288 1326 ἐπήλυδες
1311 1282 1398 1316 conf.
1421 1281 1610 1316 Blomfield.
1645 1282 1799 1315 Glossar.

537 1331 579 1364 ad
603 1330 759 1373 Aeschyl.
783 1329 881 1374 Sept.
907 1340 937 1362 c.
961 1329 1071 1362 Theb.
1095 1327 1152 1363 34.

319 1376 372 1410 Ad
396 1378 439 1419 V,
463 1378 508 1412 67
531 1387 610 1422 pag.
638 1377 716 1411 116.
760 1374 811 1408 Ad
840 1386 893 1415 ea,
929 1385 1017 1418 quae
1045 1374 1088 1407 de
1117 1374 1302 1418 rhapsodis
1337 1372 1592 1417 disputavimus,
1628 1371 1801 1417 pertinent

536 1433 625 1465 quae
647 1430 754 1465 nuper
776 1419 914 1464 scripsit
933 1420 1083 1453 Kreuser
1104 1419 1138 1452 iu
1154 1419 1250 1461 libro,
1271 1418 1328 1464 qui
1344 1418 1556 1452 inscribitur:
1584 1418 1800 1452 Homerische

537 1467 742 1511 Rhapsoden
778 1465 895 1509 (coln
929 1467 1034 1509 1833)
1069 1476 1146 1510 pag.
1174 1467 1240 1500 119
1276 1476 1347 1510 seq.
1372 1466 1440 1500 296
1464 1464 1529 1507 (ibi
1554 1464 1654 1498 citat:
1681 1463 1799 1497 Fortia

535 1512 701 1546 d'Urbau.
739 1511 886 1545 Homere
923 1516 958 1544 et
990 1522 1045 1544 ses
1080 1510 1184 1544 ecrits
1215 1521 1291 1554 pag.
1330 1512 1386 1545 80.
1413 1510 1486 1552 82).
1533 1509 1601 1543 Ubi
1625 1510 1798 1552 observat,

536 1558 677 1604 primam
702 1557 764 1590 hoc
788 1557 859 1591 loco
882 1556 957 1590 fieri
980 1557 1225 1600 rhapsodorum
1248 1555 1459 1597 mentionem,
1484 1565 1568 1600 quos
1595 1555 1643 1588 ita
1671 1566 1712 1588 ex
1735 1557 1798 1588 At-

535 1604 680 1638 ticorum
714 1614 788 1644 usu,
811 1602 869 1647 qui
893 1602 1023 1636 scilicet
1047 1602 1108 1636 soli
1143 1602 1385 1646 rhapsodorum
1408 1612 1527 1635 nomen
1555 1606 1588 1635 et
1609 1601 1799 1634 invenerint

535 1654 571 1684 et
594 1648 828 1694 propagarint,
850 1648 1044 1681 Herodotus
1059 1648 1201 1681 vocarit.

317 1694 369 1730 Ad
393 1695 436 1738 V,
459 1696 504 1732 67
528 1706 606 1740 pag.
633 1696 709 1730 117.
758 1695 868 1728 Voces
891 1691 937 1726 τὰ
962 1691 1079 1727 πολλὰ
1103 1691 1227 1726 πάντα
1252 1689 1468 1736 (ὑμνέαται)
1482 1690 1608 1735 Negris
1628 1690 1799 1735 interpre-

537 1745 649 1774 tatur:
672 1736 767 1773 κατὰ
790 1737 832 1774 τὸ
855 1741 1023 1773 πλεῖστον
1045 1737 1169 1782 μέρος,
1193 1744 1232 1772 ut
1254 1739 1282 1781 1,
1294 1739 1373 1774 203.
1397 1757 1442 1762 -
1465 1737 1518 1772 De
1544 1738 1692 1771 Adrasto
1717 1736 1798 1770 ibid.

537 1786 616 1820 add.
658 1786 828 1820 Welcker.
857 1785 902 1820 ad
940 1785 1064 1819 calcem
1104 1784 1181 1818 libri
1203 1783 1420 1818 Schwenckii
1451 1782 1686 1827 Andeutungg.
1728 1787 1797 1816 etc.

558 1844 576 1865 a
602 1858 610 1867 .
634 1833 713 1867 303.
875 1839 881 1844 '

316 1878 371 1914 Ad
393 1879 437 1920 V,
461 1880 506 1914 67
531 1844 600 1923 {ing
631 1879 695 1912 118
730 1877 787 1910 lin.
822 1877 855 1911 2.
887 1877 920 1912 3.
978 1876 1046 1910 Pro
1079 1872 1228 1921 ἐκβάλοι
1265 1874 1439 1910 Dobraeus
1470 1873 1602 1908 mavult
1631 1869 1797 1918 ἐκβάλλῃ.

535 1923 622 1959 Mihi
646 1922 735 1956 haud
759 1933 842 1966 opus
865 1922 1008 1956 videtur.
1056 1922 1133 1955 Vid.
1158 1922 1269 1955 citatt.
1554 1961 1563 1972 Ι
1772 1960 1781 1972 Ι

315 1968 369 2004 Ad
394 1969 437 2012 V,
461 1971 507 2007 69
530 1981 609 2015 pag.
636 1971 711 2004 125.
759 1968 925 2002 Herodoti
949 1968 1077 2001 verba:
1115 1965 1205 2001 δέκα
1230 1964 1268 2000 δὲ
1295 1965 1357 2000 καὶ
1391 1962 1482 2004 τούς
1514 1964 1659 2008 δημους
1691 1973 1798 1996 κατε-

533 2025 616 2068 νεμε
641 2011 677 2054 ἐς
699 2012 765 2054 τοὶς
801 2011 920 2057 φυλάς
937 2013 1063 2057 Negris
1087 2013 1135 2047 ita
1157 2013 1250 2057 iungi
1275 2012 1369 2046 vult:
1400 2009 1436 2050 ἐς
1460 2008 1528 2050 τὰς
1551 2009 1641 2044 δέκα
1665 2007 1703 2042 δὲ
1728 2020 1796 2051 φυ-

535 2062 602 2099 λας
648 2058 819 2102 natiuae
835 2059 897 2093 καὶ
921 2056 1008 2099 τούς
1024 2056 1175 2102 δήμους.
1198 2078 1243 2084 -
1263 2058 1301 2090 Iu
1325 2057 1438 2091 verbis
1462 2055 1560 2100 paulo
1595 2054 1797 2088 anteceden-

542 2106 635 2140 tibus
659 2106 832 2139 Bekkerus
855 2105 890 2138 in
913 2105 987 2149 ipso
1010 2111 1106 2138 textu
1130 2104 1269 2138 retinuit
1291 2100 1375 2136 τότε
1397 2099 1541 2141 πάντα,
1579 2100 1637 2132 sed
1660 2099 1694 2132 in
1717 2105 1797 2134 nota

535 2151 621 2185 haec
643 2151 784 2185 adiecit:
809 2148 987 2193 ,,πα’ντων
1011 2151 1086 2191 alii3
1112 2161 1154 2183 an
1178 2147 1385 2186 παίιτωςῗ66
1432 2145 1516 2179 mihi
1538 2144 1704 2189 displicet.

318 2195 369 2230 Ad
393 2197 434 2238 V,
457 2198 503 2233 69
526 2208 605 2242 pag.
632 2199 698 2232 125
722 2197 756 2230 iu
780 2197 887 2230 altera
911 2196 1051 2229 column.
1077 2195 1135 2229 lin.
1162 2197 1202 2231 11
1239 2194 1281 2227 ab
1313 2192 1374 2225 ins.
1409 2195 1486 2236 post
1519 2188 1796 2234 φυλοβασιλέων

535 2243 748 2275 inserendum
765 2244 893 2284 fecerit
912 2242 1126 2274 mentionem.

317 2286 368 2320 Ad
392 2287 436 2330 V,
459 2289 502 2323 71
527 2299 611 2340 pag.
634 2289 710 2322 127.
736 2289 813 2339 128.
861 2283 1184 2338 νετὺυιηὶέκόμηησε
1209 2282 1336 2327 Negris
1358 2282 1605 2336 interpretatur
1628 2277 1796 2334 ἐμεγαλρ-

535 2329 1294 2419 mZZZ.i‘ZJ“3⁵1²z-5252535.5⁰,?022552‚.
1317 2325 1549 2418 ’ἷιῗῖῗζῗρῖἶέἐ
1580 2326 1684 2416 ..¹:332
1705 2336 1796 2410 {333

535 2423 767 2460 διοικοῦντας
793 2417 982 2464 ἄρχοντας.
1028 2422 1083 2455 Tu
1108 2422 1175 2455 vid.
1199 2426 1284 2455 nott.
1302 2425 1427 2453 nostra.

317 2468 368 2503 Ad
393 2469 435 2511 V,
457 2469 501 2504 71
527 2479 604 2513 pag.
631 2469 708 2503 130.
755 2468 807 2500 Ad
831 2479 942 2500 vocem
967 2464 1149 2510 ὑπέγγυος
1170 2467 1367 2511 (sponsione
1389 2463 1578 2508 adductus)
1602 2464 1645 2497 cl'.
1682 2462 1795 2496 Blom-

534 2513 623 2548 field.
647 2513 679 2546 in
705 2514 856 2547 Glossar.
884 2513 925 2546 ad
951 2514 1103 2556 Aeschyl.
1130 2513 1320 2557 Choeplior.
1345 2522 1392 2543 vs>
1421 2512 1477 2545 35.

318 2559 366 2593 Ad
392 2559 433 2602 V,
455 2560 500 2594 72
524 2571 603 2604 pag.
629 2560 704 2593 130.
755 2559 866 2598 Locis,
890 2558 947 2591 ubi
972 2570 1032 2603 pro
1067 2556 1171 2592 ἕσσον
1195 2556 1328 2591 restitui
1350 2550 1475 2599 ἧσσον,
1510 2553 1585 2588 add.
1611 2552 1706 2594 vm,
1735 2552 1792 2588 73.

536 2607 612 2640 113.
633 2604 696 2647 lx,
715 2606 789 2638 111.
851 2605 894 2638 lis
918 2616 999 2637 vero
1023 2605 1116 2644 locis,
1141 2603 1197 2637 ubi
1224 2603 1295 2637 sine
1319 2602 1386 2635 ulla
1410 2601 1576 2635 varietate
1597 2598 1711 2633 brevis
1733 2610 1794 2632 vo-
1862 2620 1866 2624 -

535 2650 617 2684 calis
639 2661 753 2683 vocem
778 2650 909 2694 incipit,
934 2651 1009 2684 add.
1034 2650 1133 2692 vm,
1158 2650 1235 2685 130.
1261 2648 1324 2688 IX,
1352 2649 1428 2682 122.

317 2696 369 2730 Ad
395 2696 437 2737 V,
460 2697 505 2731 72
528 2708 606 2740 pag.
631 2697 694 2730 131
720 2696 780 2728 ius.
830 2697 878 2728 Ad
906 2707 1017 2729 vocem
1045 2692 1186 2730 ἄδυτον
1208 2706 1296 2740 quae
1319 2692 1505 2737 adscripsi,
1534 2691 1575 2724 iis
1604 2689 1679 2724 add.
1704 2692 1794 2723 Rose

535 2741 708 2786 inscriptt.
730 2743 811 2775 Grr.
836 2753 868 2786 p.
897 2743 972 2776 155.

319 2787 370 2820 Ad
396 2788 436 2830 V,
463 2788 508 2823 73
531 2799 607 2833 pag.
635 2788 699 2824 133
722 2786 795 2820 iuit.
843 2787 933 2821 Male
966 2786 1104 2821 retinuit
1137 2786 1312 2820 nokkerus
1343 2781 1437 2828 πρὸς
1466 2779 1791 2823 Λακεδαιμονίους,

1870 2782 1880 2803 -.
1870 2724 1882 2776 ὣς
