1897 3340
651 219 952 256 ERATO.
1012 220 1081 256 Vl.
1417 224 1499 264 367

240 329 281 378 ἐς
310 328 362 371 τὰ
393 327 503 382 ἄκρα
532 333 606 385 τῆς
625 327 838 382 Εὐβοίης·
871 326 995 370 ἄλλοι
1016 327 1060 371 δὲ
1083 326 1252 377 αὐτῶν,
1283 328 1373 370 ἰ’δια
1405 329 1498 384 κέρ-

239 399 313 439 δεα
334 395 674 451 προσδεκόμενοι
702 393 821 447 παρὰ
844 398 925 437 τοῦ
949 394 1125 447 Πέρσεω
1157 397 1367 442 οἴσεσθαι,
1397 402 1555 450 προ-45

212 466 397 519 4ὄοσίην
428 463 723 516 ἐσκευάζοντο.
771 461 930 516 μαθών
960 462 1004 505 δὲ
1034 461 1201 505 τούτων
1230 461 1411 517 ἑκάτερα
1442 463 1500 515 ὥς

241 530 321 586 εἶχε
353 532 556 586 Αἰσχίνης
585 528 609 573 ὁ
640 528 881 581 Νόθωνος,
924 529 1009 575 ἐών
1047 533 1136 572 τῶν
1166 529 1417 584 Ἐρετριέων
1446 531 1499 574 τὰ

236 602 410 650 πρῶτα,
441 596 593 652 φράζει
623 602 736 641 τοῖσι
773 598 931 654 ἥκουσι
968 602 1057 641 τῶν
1082 595 1327 654 Ἀθηναίων
1357 598 1500 642 πάντα

235 664 287 709 τα
330 665 546 718 παρεόντα
588 677 668 720 σφι
705 665 962 721 πρήγματα·
1008 664 1263 718 προσεδέετό
1292 683 1335 710 τε
1366 664 1499 710 ἀπαλ-

232 732 470 789 λάσσεσθαί
512 744 648 788 σφεας
680 734 720 784 ἐς
749 735 830 790 τήν
859 734 1091 790 σφετέρην,
1133 735 1206 776 ἵνα
1241 733 1298 790 μή
1339 743 1556 788 προσα-ὅΟ

209 799 470 844 ὅπόλωνται.
523 803 567 844 οἱ
597 801 642 844 δὲ
671 801 896 857 Ἀθηναῖοι
928 806 1064 844 ταῦτα
1095 803 1276 857 Αἰσχίνῃ
1308 806 1498 858 συμβου-

232 868 434 913 λεύσαντι
485 871 737 916 πείθονται·
796 870 869 913 καὶ
911 865 1033 913 οὗτοι
1072 869 1151 925 μὲν
1191 869 1416 925 διαβάντες
1457 871 1499 922 ές

75 945 162 991 101
229 934 452 990 Ὠρωπὸν,
503 938 663 990 ἔσωζον
712 937 849 994 σφέας
892 937 1065 989 αὐτούς.
1139 940 1192 982 Οἱ
1233 939 1278 982 δὲ
1328 939 1496 992 Πέρσαι
1554 944 1661 979 Pugna
1680 954 1729 973 sex
1749 946 1810 974 die-

229 1003 431 1056 πλέοντες
465 1006 673 1062 κατέσχον
712 1006 789 1058 τοὶς
829 1006 929 1057 νέας
966 1010 1041 1062 τῆς
1075 1006 1317 1062 Ἐρετρικῆς
1353 1007 1496 1064 χώρης
1552 979 1793 1042 {ffiffesffiffigf-

228 1178 339 1221 ἄλλοι
363 1179 404 1220 δὲ
420 1177 553 1221 αὐτῶν
575 1197 610 1220 κ.
626 1182 722 1230 τ.λ.]
746 1182 830 1218 Xe-

169 1237 358 1291 nophonti
377 1240 408 1276 si
428 1238 520 1275 fides
541 1240 580 1275 in
601 1240 750 1276 Hellen.
763 1240 828 1286 111,

174 1298 210 1339 1,
233 1296 271 1343 4,
302 1309 399 1332 unus
419 1296 491 1333 fuit
511 1297 679 1333 Eretrius
701 1295 830 1344 homo,

172 1353 395 1403 Gongylus,
426 1355 492 1405 qui
512 1355 716 1390 Persarum
742 1366 832 1404 par-

171 1416 225 1446 tes
247 1411 409 1460 suscepit
429 1409 596 1461 indeque
625 1412 739 1446 etiam
761 1411 833 1446 ali-

171 1473 264 1518 quot
297 1465 526 1516 oppidorum
556 1466 657 1504 dono
689 1480 710 1502 a
741 1479 832 1516 rege

170 1529 224 1559 est
243 1522 477 1560 affectus.—
499 1519 631 1562 αὐτῶν
653 1522 740 1560 dedi
759 1536 830 1577 pro

170 1575 320 1622 αὐτέων
360 1581 531 1631 itemque
569 1576 719 1619 τούτων
759 1593 829 1630 pro

169 1634 349 1675 τουτέων.
389 1636 452 1673 Ad
471 1637 729 1674 locutionem:
751 1634 828 1676 ἐών

172 1715 220 1720 --
237 1689 283 1732 τοὶ
305 1695 442 1743 πρῶτα
457 1694 554 1730 conf.
565 1692 747 1730 Matthiae
761 1695 825 1731 Gr.

170 1749 235 1786 Gr.
276 1762 363 1800 pag.
398 1752 492 1791 818.
530 1749 827 1788 Valckeuaerius

168 1806 257 1846 citat
270 1806 443 1857 Euripid.
463 1806 565 1844 Med.
588 1810 685 1848 917.
708 1809 828 1845 Orest.

171 1862 290 1904 1252.
323 1863 459 1913 Synes.
488 1864 528 1900 in
557 1865 670 1901 Dion.
701 1878 737 1915 p.
760 1863 828 1904 35.

167 1919 213 1964 D,
241 1919 312 1955 alia
333 1919 590 1957 Hemsterhus.
604 1920 652 1957 ad
669 1922 829 1959 Lucian.

168 1975 273 2011 Tim.
295 1989 376 2026 cap.
408 1976 475 2017 35.
531 1976 632 2016 Add.
665 1978 825 2014 Siebelis

168 2030 216 2070 ad
236 2032 398 2070 Pausan.
421 2033 518 2080 VIII,
541 2035 594 2075 50
617 2036 654 2080 ξ.
679 2037 712 2075 1.
761 2033 824 2071 Ad

166 2089 407 2139 participium
432 2093 534 2128 τοῖσι
558 2087 704 2142 ἥκουσι
734 2090 821 2140 (iis,

167 2146 230 2194 qui
247 2146 438 2196 venerant)
469 2148 570 2185 conf.
591 2147 728 2185 Matth.
758 2149 823 2186 Gr.

165 2201 231 2240 Gr.
252 2215 288 2252 p.
310 2202 406 2244 956.

221 2256 260 2303 ές
288 2253 494 2310 Ὠρωπὸν]
550 2259 687 2310 Oropus
720 2274 740 2296 e
759 2274 822 2297 re—

164 2314 278 2363 gione
317 2321 395 2352 erat
420 2316 613 2364 Eretriae,
655 2316 822 2369 quadra-

164 2371 270 2419 ginta
297 2372 358 2407 vel
386 2374 582 2423 sexaginta
613 2373 822 2411 stadiorum

166 2426 363 2463 intervallo
383 2425 472 2465 hinc
492 2436 650 2468 remota.
709 2430 821 2476 Quod

167 2481 352 2533 oppidum
371 2485 473 2532 prius
483 2486 663 2522 Boeotiae
684 2500 821 2524 accen-

165 2551 272 2585 sum,
303 2539 349 2575 ab
373 2538 666 2578 Atheniensibus
690 2551 821 2593 postea

168 2602 396 2646 occupatum
436 2603 513 2644 est,
562 2599 627 2648 qui
654 2598 744 2635 inde
781 2602 822 2637 in

167 2651 347 2688 Boeotiae
367 2664 476 2702 agros
497 2666 696 2690 excurrere
723 2657 823 2692 sole-

166 2705 269 2743 bant.
326 2709 424 2745 Hinc
444 2711 590 2760 saepius
610 2718 824 2760 pugnatum

169 2774 246 2798 esse
258 2765 470 2814 accepimus
484 2764 615 2802 dehoc
635 2767 715 2816 ipso
725 2768 822 2805 loco.

168 2817 252 2855 Vid.
272 2819 459 2858 Mannert.
478 2823 565 2858 VIII
584 2836 622 2872 p.
651 2822 745 2867 241,
786 2831 823 2861 et

886 1181 1071 1233 imprimis
1093 1183 1212 1218 Kruse
1232 1183 1359 1219 Hellas
1380 1184 1426 1229 II,
1461 1186 1479 1222 1
1512 1196 1548 1234 p.

888 1241 978 1279 282.
1051 1240 1162 1275 Nunc
1192 1240 1243 1275 ibi
1272 1241 1377 1277 vicus
1405 1253 1550 1291 pauper

889 1295 992 1347 Ropo
1013 1309 1040 1333 s.
1065 1297 1192 1347 Oropo.

1128 1420 1219 1472 Cap.
1250 1421 1309 1458 CL

943 1519 1131 1572 κατέσχον
1144 1519 1213 1569 τᾶς
1227 1520 1346 1572 νέας]
1377 1521 1441 1560 Ad
1461 1537 1549 1561 ver-

887 1577 981 1613 bum
1002 1577 1176 1629 κατέχειν
1207 1579 1333 1628 (naves
1352 1580 1546 1631 adpellere)

885 1634 986 1671 conf.
1011 1636 1073 1682 VI,
1094 1637 1160 1675 95.
1180 1637 1260 1683 VII,
1274 1639 1338 1677 59.
1359 1638 1438 1685 VII,
1456 1641 1546 1679 188,

882 1692 982 1739 VIII,
994 1690 1061 1732 40.
1076 1691 1338 1732 41.Schaefer.
1351 1693 1399 1731 ad
1411 1696 1546 1732 Lamb.

882 1750 971 1785 Bos.
991 1749 1189 1800 DeEllips.
1209 1752 1253 1789 L.
1271 1752 1338 1788 Gr.
1351 1764 1439 1802 pag.
1452 1754 1546 1792 318.

882 1807 987 1842 Plut.
1010 1806 1166 1845 Aristid.
1206 1807 1245 1848 5.
1276 1810 1400 1855 Δᾶτις
1421 1831 1472 1835 --
1491 1808 1548 1855 εἰς

885 1865 1136 1913 Μαραθῶνα
1176 1863 1296 1914 παντὶ
1335 1868 1389 1918 τῷ
1424 1861 1546 1919 στόλῳ

883 1919 1055 1968 κατέσχε.
1087 1921 1145 1955 De
1166 1921 1333 1970 genitivo
1354 1923 1426 1972 τῆς
1436 1917 1544 1972 Ἐρε-

885 1978 1024 2026 τρικῆς
1058 1971 1189 2027 χώρης
1217 1978 1368 2014 monuit
1405 1977 1544 2016 Matth.

882 2034 946 2070 Gr.
970 2033 1033 2068 Gr.
1055 2046 1142 2083 pag.
1166 2036 1260 2074 629.
1319 2035 1424 2080 Quae
1450 2048 1544 2072 mox

881 2089 1032 2126 ditionis
1082 2091 1307 2128 Eretriensis
1357 2099 1544 2129 vocantur

882 2145 1040 2197 oppida,
1098 2159 1231 2183 eornm
1254 2149 1402 2185 nullam
1440 2148 1543 2200 apud

881 2204 972 2240 alios
999 2204 1196 2254 scriptores
1223 2207 1347 2256 reperi
1373 2208 1542 2243 mentio—

880 2273 993 2307 nem,
1036 2261 1108 2297 nisi
1138 2261 1242 2312 quod
1272 2263 1410 2299 Strabo
1441 2265 1480 2299 X
1500 2277 1539 2314 p.

878 2316 960 2357 447
984 2330 1015 2354 S·
1039 2319 1119 2358 687
1151 2319 1195 2356 Β.
1226 2320 1444 2371 Tamynas,
1473 2322 1542 2357 ubi

876 2375 1025 2424 insigne
1034 2375 1220 2425 Apollinis
1232 2377 1540 2427 templum‚com-

876 2438 1078 2467 memorat.
1136 2432 1264 2483 Atque
1287 2432 1458 2470 eiusdem
1474 2448 1541 2471 ur-

876 2488 932 2524 bis
962 2489 1077 2524 etiam
1105 2491 1251 2526 mentio
1281 2488 1383 2542 apud
1404 2490 1539 2543 steph.

876 2545 970 2596 Byz.
993 2557 1020 2582 s.
1042 2558 1078 2583 v.
1099 2558 1188 2596 pag.
1212 2549 1306 2587 691.
1336 2548 1538 2586 Demosth.

878 2614 912 2640 c.
941 2600 1034 2637 Mid.
1056 2615 1092 2652 p·
1114 2601 1207 2649 364,
1222 2605 1314 2643 301.
1338 2604 1445 2654 [pag.
1458 2606 1538 2646 567

877 2657 1025 2706 Reisk.]
1059 2672 1091 2696 c.
1119 2659 1255 2696 Boeot.
1284 2674 1321 2710 p.
1344 2661 1441 2707 578,
1471 2663 1536 2701 20.

878 2713 938 2763 [p.
959 2716 1038 2754 999
1055 2715 1127 2763 R.]
1161 2722 1254 2762 etc„
1286 2729 1383 2768 quae
1412 2717 1536 2752 attulit

878 2768 1011 2806 Valck.
1053 2768 1152 2808 κατοέ
1186 2770 1248 2809 hic
1289 2773 1425 2808 eodem
1455 2773 1535 2808 fere

878 2825 995 2863 modo
1025 2839 1100 2878 quo
1115 2828 1181 2874 111,
1207 2827 1268 2868 14.
1289 2827 1355 2868 64.
1383 2829 1430 2875 II,
1454 2830 1530 2868 121
