1897 3340
0 1982 18 2023 ie

0 2428 20 2510 ζμ.-
0 2386 24 2411 3
0 2306 22 2372 πμ.
0 2232 17 2293 a:
0 2200 13 2211 ⁴:

283 323 380 367 134
437 320 562 362 νυκτὶ
592 319 761 376 ἐξῄρετο
792 318 1023 375 διπλήσιον
1062 322 1144 361 τοῦ
1184 317 1381 373 ἀρχαίου.

112 388 282 419 Miltiades,
313 388 371 414 etsi

111 431 162 449 ear
166 422 228 448 ewl
231 427 280 448 »nst
303 430 351 448 ιιι-

112 455 372 482 iusd·11111'l'ari.1u,

111 498 162 525 op(
163 498 206 516 --ιη
231 489 363 523 adiutus,

113 524 194 550 taes«)
212 523 337 557 seniore,

438 212 523 252 414

845 209 1310 246 IIERODOTI

1439 317 1513 369 Ἐς
1539 318 1619 373 μὲν
1648 318 1701 375 δή

445 391 631 430 τοσοῦτο
661 391 742 431 τοῦ
770 387 906 443 λόγου
937 388 980 430 οἱ
1007 386 1163 437 πάντες
1186 386 1390 442 ΓΈλληνες
1424 385 1621 441 λέγουσι·
1651 384 1700 428 τὸ

446 455 654 498 ἐνθεῦτεν
694 456 741 499 δὲ
784 455 910 499 αὐτοὶ
949 452 1111 508 Πάριοι
1149 453 1354 509 γενέσθαι
1397 448 1480 496 ὦδε
1516 452 1701 507 λέγουσι.

418 522 671 579 ΞιΜιλτιάδῃ
703 522 935 578 ἀπορέοντι
974 521 1118 565 ἐλθεῖν
1157 522 1201 572 ἐς
1240 521 1398 577 λόγους
1436 519 1706 576 αἰχμάλωτον

443 594 654 646 γυναῖκα,
696 591 856 633 ἐοῦσαν
884 589 962 645 μὲν
991 591 1165 645 Παρίην
1193 591 1342 645 γένος,
1387 588 1558 644 οὔνομα
1589 589 1635 630 δέ
1664 589 1707 630 οἱ
1720 595 1762 627 70

443 655 557 700 εἶναι
598 661 786 713 Τιμοῦν·

837 655 949 700 εἶναι
987 655 1034 700 δὲ
1070 656 1351 711 ὑποζάκορον
1390 660 1478 699 τῶν
1513 657 1707 711 χθονίων

416 729 577 768 ὃθεών.
616 723 779 780 ταύτην
798 725 843 767 δὲ
866 725 1083 768 ἐλθοῦσαν
1112 723 1154 775 ἐς
1181 722 1286 775 ὄψιν
1308 724 1569 776 Μιλτιάδεω,
1601 736 1707 778 συμ-

443 794 681 847 βουλεῦσαί
710 793 772 843 οἱ,
802 793 838 835 εἰ
866 792 963 847 περὶ
990 795 1157 835 πολλοῦ
1177 792 1365 835 ποιέεται
1398 791 1554 846 Πάρον
1584 791 1706 842 ἑλεῖν,

415 858 502 902 4τὰ
531 859 588 902 ἂν
618 857 727 915 αὐτὴ
756 857 1001 915 ὑποθῆται,
1030 862 1166 902 ταῦτα
1193 861 1368 904 ποιέειν.
1407 859 1512 916 μετὰ
1543 859 1600 910 ὁὶ,
1630 847 1765 915 τὴν75

445 926 526 981 μὲν
553 925 826 970 ὑποθέσθαι·
857 925 934 969 τὸν
963 926 1032 980 δὲ,
1075 924 1343 985 ἀπικόμενον
1371 927 1440 970 ἐπὶ
1467 926 1546 970 τόν
1574 932 1708 971 κολω-

443 993 525 1038 νόν
553 994 632 1038 τὸν
660 994 746 1049 πρὸ
777 997 853 1050 τῆς
882 993 1035 1045 πόλιος
1061 993 1209 1048 ἐόντα,
1249 994 1298 1038 τὸ
1333 995 1460 1050 ἕρκος
1487 995 1708 1051 θεσμοφό-

446 1077 531 1115 ρου
561 1061 795 1119 Δήμητρος
823 1062 1130 1117 ὑπερθορέειν,
1161 1061 1215 1106 οὐ
1246 1062 1492 1118 δυνάμενον
1519 1062 1596 1114 τὰς
1627 1062 1710 1106 θύ-

445 1146 525 1184 ρας
555 1128 749 1182 ἀνοῖξαι·
780 1128 1090 1185 ὑπερθορόντα
1120 1130 1190 1181 δὲ,
1239 1130 1350 1174 ἰέναι
1387 1131 1456 1175 ἐπὶ
1494 1129 1544 1174 τὸ
1583 1130 1709 1186 μέγα·

445 1213 550 1251 ρον,
585 1195 611 1240 ὅ
640 1215 680 1241 τι
712 1197 764 1254 δὴ
792 1197 1034 1254 ποιήσοντα
1064 1197 1208 1251 ἐντός,
1247 1200 1288 1241 εἴ
1320 1215 1365 1242 τε
1400 1197 1637 1255 κινήσοντά
1665 1213 1705 1241 τι
1720 1204 1766 1238 80

557 1380 651 1458 cap.
671 1406 884 1444 cxxxlv.

444 1459 507 1511 Ἐς
529 1462 601 1515 μὲν
625 1460 675 1515 ὀὴ
696 1475 862 1502 τοσουτο
889 1464 962 1502 τοῦ
985 1457 1052 1502 λό-

389 1535 461 1572 γου
488 1535 523 1559 κ.
545 1535 575 1559 τ.
600 1522 634 1558 λ.
646 1520 664 1568 ]
695 1521 768 1556 Ηίο
789 1532 944 1571 quoque
966 1519 1051 1555 elu-

390 1584 450 1614 cet
489 1583 709 1613 accuratum
745 1577 934 1626 scriptoris
968 1581 1050 1611 stu-

391 1633 498 1670 dium
518 1634 557 1669 in
577 1645 667 1670 vero
687 1631 919 1682 indagando,
941 1632 1048 1668 nullo

390 1691 555 1742 partium
585 1688 709 1726 studio
751 1695 906 1739 captum
939 1700 1053 1739 prae-

393 1748 523 1784 sertim
561 1747 601 1781 in
641 1758 680 1782 re
714 1752 796 1781 tam
823 1745 956 1795 gravi,
987 1744 1053 1780 ubi

390 1801 683 1839 Atheniensium
719 1800 826 1838 ducis
871 1801 1054 1851 agebatur

392 1872 504 1897 causa
544 1857 874 1909 expeditionisque
917 1858 1054 1893 frustra

391 1917 432 1953 iu
454 1917 600 1952 Parum
629 1921 823 1966 susceptae
852 1915 947 1950 ratio
976 1920 1055 1950 erat

393 1971 657 2010 reddenda.—
673 1970 713 2017 ἐς
735 1972 902 2010 τοσοῦτο
923 1972 1056 2007 intan-

393 2033 468 2066 tum
496 2043 525 2066 s.
562 2028 732 2065 hactenus
763 2025 886 2063 reddit
927 2026 1057 2076 Vigeri

393 2087 578 2136 interpres
609 2097 630 2120 a
662 2083 732 2121 Cr.
760 2082 933 2119 laudatus
966 2095 1054 2133 pag.

395 2143 489 2182 592.
519 2139 620 2177 Add.
647 2138 790 2179 Herod.
809 2140 854 2187 V,
876 2139 944 2179 50.

452 2247 734 2302 ὑποζάκορον]
766 2248 943 2298 ίηῙεΓὶοήε
961 2249 1055 2285 orcle*-

393 2309 448 2344 πίε
469 2307 675 2344 sacerdotem
696 2313 732 2342 et
748 2304 786 2341 h.
801 2306 825 2341 l.
848 2311 883 2340 et
900 2305 1054 2351 V1,136

396 2365 563 2414 accipio3
617 2374 707 2399 cum
738 2358 905 2410 ζάκορον
935 2361 1052 2407 vulgo

396 2421 692 2470 interpretentur
725 2418 955 2462 sacerdotem,
974 2419 1054 2454 ,ῃιί-

395 2478 556 2513 nistram.
606 2476 703 2511 Hinc
725 2480 824 2510 recte
846 2472 982 2510 Suidns
1003 2473 1053 2510 T.

394 2533 430 2568 11
449 2545 538 2583 pag.
562 2535 596 2579 1,
624 2526 877 2581 ὑποζάκορον
898 2531 1053 2580 exponit

398 2588 564 2640 ἱέρειαν,
594 2587 696 2626 himo
721 2585 903 2622 Herodoti
926 2587 1054 2623 locum

396 2646 609 2696 respiciens.
671 2645 714 2679 In
735 2644 858 2693 glossa
877 2642 1053 2680 Herodo-

396 2709 455 2738 tea
496 2703 554 2747 le·
545 2703 633 2738 itur
664 2695 856 2750 ζάκορος·
905 2695 1044 2740 νεωκό-

396 2773 486 2823 ρος,
528 2754 666 2808 ἱερευς.
730 2756 788 2793 Cs.
828 2756 1051 2793 Buttmann.

396 2816 435 2851 in
455 2815 629 2865 Lexilog.
648 2824 735 2864 pag.
758 2815 853 2854 220.
882 2810 944 2848 Ad
965 2826 1052 2851 ver-

1110 1407 1204 1444 bum
1222 1405 1456 1446 ὑποθέσθαι
1475 1407 1576 1444 conf.
1597 1412 1692 1446 nott.
1718 1404 1768 1443 ad

1109 1464 1154 1511 V,
1185 1466 1239 1505 92
1260 1465 1297 1509 ᾗ.
1319 1467 1360 1505 6.

1163 1517 1207 1560 τό
1223 1519 1335 1569 ἕρκος
1350 1515 1609 1572 θεσμοφόρον
1624 1515 1769 1569 Δήμη-

1105 1591 1197 1628 τρος
1235 1575 1523 1627 ὑπερθορέειν]
1584 1575 1768 1626 „Septum

1105 1632 1225 1683 templi
1244 1632 1355 1683 ἕρκος
1377 1634 1526 1679 Nostro,
1557 1632 1768 1683 περίβολον

1109 1687 1288 1725 dixerunt
1308 1689 1417 1725 Plato
1437 1689 1488 1726 T.
1509 1690 1563 1725 III
1576 1702 1615 1739 p.
1631 1690 1707 1728 116
1725 1688 1767 1724 C.

1110 1752 1147 1781 et
1175 1758 1287 1796 saepe
1317 1746 1546 1793 Pausanias,
1578 1745 1645 1797 qui
1663 1744 1768 1780 nulla

1111 1814 1264 1853 quoqne
1285 1803 1417 1852 templi
1442 1801 1639 1838 mentione
1669 1801 1768 1837 facta

1109 1859 1208 1905 VIII,
1231 1859 1299 1906 [31
1323 1858 1478 1909 init.]p.
1493 1855 1578 1899 664
1605 1857 1769 1921 περίβο-

1111 1917 1181 1954 λον
1208 1916 1318 1953 θεῶν
1348 1911 1458 1965 ἱερὸν
1487 1915 1568 1952 τῶν
1588 1908 1769 1966 μεγάλων

1115 1969 1247 2008 Cererzs
1267 1974 1300 2008 et
1322 1969 1576 2021 Proserpinae,
1605 1982 1770 2021 quarum

1110 2026 1284 2065 sacerdos
1312 2027 1526 2064 Herodotea
1552 2025 1623 2062 fuit
1645 2025 1768 2074 Tim03

1110 2098 1148 2134 p.
1171 2082 1252 2123 675
1275 2083 1353 2132 [cp.
1374 2086 1427 2123 37
1448 2082 1551 2130 init]
1581 2080 1770 2121 ἐντεῦθεν

1111 2139 1151 2186 ἐς
1169 2136 1238 2178 τόν
1258 2136 1367 2188 ἱερὸν
1379 2139 1590 2189 περίβολον
1610 2139 1681 2187 τῆς
1692 2142 1768 2177 Δε-

1112 2195 1280 2245 σποίνης
1300 2191 1590 2246 (filiaeNeptuni
1601 2194 1767 2231 Cereris-

1113 2254 1210 2303 que)
1246 2251 1351 2290 ἐστὶν
1369 2251 1534 2297 εἴσοδος.
1566 2251 1643 2298 [Cf.
1661 2252 1767 2287 Pau-

1111 2320 1192 2345 san.
1214 2308 1313 2354 vm,
1334 2310 1387 2347 30
1408 2308 1495 2355 §.Q
1517 2308 1583 2343 ubi
1603 2307 1767 2359 περίβο-

1110 2366 1177 2410 λος
1197 2371 1325 2414 postea
1345 2361 1503 2414 τέμενος
1521 2361 1656 2400 dicitur
1671 2370 1708 2401 et
1718 2365 1766 2412 Π,

1110 2423 1162 2461 27
1185 2421 1222 2466 ᾗ.
1253 2422 1290 2468 1,
1317 2421 1445 2471 ibique
1485 2420 1644 2457 Siebelis
1679 2432 1768 2470 pag.

1111 2478 1192 2516 230
1230 2478 1329 2528 seq]
1363 2476 1508 2527 Septum
1546 2477 1577 2513 si
1606 2475 1768 2513 Miltiadi

1110 2533 1274 2570 licuisset
1300 2533 1448 2583 ingredi
1476 2533 1619 2570 cereris
1635 2562 1645 2580 ‚
1684 2533 1767 2570 viro

1111 2596 1212 2626 certe
1233 2590 1287 2626 fas
1319 2602 1398 2626 non
1420 2596 1499 2626 erat
1520 2587 1622 2627 ἰέναι
1641 2587 1704 2628 ἐπὶ
1725 2585 1769 2628 τὸ

1110 2643 1294 2698 μέγαρον.
1353 2646 1418 2683 Sic
1438 2645 1578 2682 eximie
1603 2645 1765 2682 sanctius

1106 2702 1284 2752 penetrale
1302 2703 1508 2749 vocabant,
1539 2703 1576 2738 in
1593 2713 1659 2751 quo
1688 2713 1764 2752 my-

1108 2761 1199 2797 stica
1219 2772 1323 2796 sacra
1338 2758 1482 2795 Cereris
1503 2755 1764 2794 recondeban-

1108 2821 1181 2852 tur.
1255 2816 1390 2866 Attigit
1427 2811 1686 2852 Hemsterhus.
1723 2813 1764 2849 in
