1897 3340
398 182 483 222 728
802 181 1255 250 HERODpTl

401 288 681 345 ἑξακισχίλιοι,
710 289 784 332 καὶ
810 289 932 344 πρὸς,
961 287 1175 345 διηκόσιοί
1193 304 1237 332 τε
1267 289 1341 332 καὶ
1370 289 1486 333 δέκα.
1515 302 1648 345 προσ·

373 355 531 414 4θήσω
569 354 604 399 δ’
645 354 705 399 ἔτι
742 355 884 415 τούτῳ
923 356 995 400 καὶ
1023 360 1084 413 τῷ
1113 355 1309 414 προτέρῳ
1340 356 1514 413 άριθμῷ
1547 357 1650 408 τούς

401 425 449 469 ἐκ
475 427 562 467 τῶν
590 422 959 478 πεντηκοντέρων·
991 423 1188 479 ποιήσας,
1214 422 1239 467 ὅ
1263 440 1304 467 τι
1332 424 1464 468 πλέον
1492 419 1549 480 ἧν
1578 422 1708 468 ati-30

375 494 496 535 5τῶν
547 489 576 546 ἢ
616 490 826 541 ἔλασσον,
878 488 942 533 ἀν’
996 489 1242 546 ὀγδώκοντα
1280 490 1442 546 ἄνδρας
1481 491 1653 534 ἐνεῖναι.

402 558 638 612 συνελέχθη
682 556 728 599 δὲ
764 560 901 600 ταῦτα
942 556 996 600 τά
1036 562 1191 612 πλοῖα,
1230 557 1289 609 ὥς
1327 559 1399 602 καὶ
1439 555 1655 612 πρότερόν

403 643 479 682 μοι
519 624 691 680 εἰρέθη,
733 624 954 679 τρισχίλια.
1011 623 1093 681 ἤδη
1136 620 1199 668 ὦν
1235 625 1390 681 ἄνδρες
1421 625 1476 669 ἄν
1495 622 1581 668 εἶεν
1609 623 1656 667 ἐν

377 692 583 737 θαύτοῖσι
621 690 814 743 τέσσερες
847 690 1054 746 μυριάδες
1081 692 1156 734 καὶ
1185 694 1333 736 εἴκοσι.

1399 696 1540 736 Τοῦτο
1578 691 1657 746 μέν
1676 710 1679 711 ’

404 776 489 804 νυν
516 758 565 803 τὰ
587 758 634 802 ἐκ
662 760 738 813 τῆς
765 756 904 811 Ἀσίης
925 756 1134 801 ναυτικὸν
1165 754 1232 814 ἦν,
1264 759 1437 816 σύμπαν
1458 759 1531 803 ἐὸν
1559 765 1712 802 πεῖν-35

399 825 588 883 τήκοντα
634 822 842 880 μυριάδες
878 825 952 868 καὶ
981 826 1084 880 μία,
1132 825 1315 880 χιλιάδες
1352 843 1396 870 τε
1425 827 1558 870 ἔπεισι
1589 826 1659 869 ἐπὶ

404 892 586 951 ταύτῃσι
615 892 734 944 ἑπτὰ,
762 892 836 936 καὶ
864 892 996 947 πρὸς,
1027 891 1305 943 ἑκατοντάδες
1332 894 1389 944 ἓξ,
1418 894 1492 936 καὶ
1521 891 1657 943 δεκάς.

377 965 508 1006 7Τοῦ
548 960 595 1005 δὲ
639 963 794 1014 πεζοῦ,
835 959 1132 1016 ἑβδομήκοντα
1160 960 1233 1004 καὶ
1270 959 1426 1004 ἑκατὸν
1454 959 1659 1015 μυριάδες

404 1140 579 1195 ποιήσας
600 1138 635 1191 ὅ,
665 1156 702 1181 τι
718 1140 837 1182 πλέον
857 1137 911 1194 ἦν
931 1137 1005 1182 ocv’-

315 1198 318 1203 “
351 1203 432 1240 τῶν
456 1215 492 1239 κ.
511 1198 624 1249 τ.γλ.]
650 1199 677 1236 i.
698 1212 732 1236 e.
749 1212 878 1250 ponens
895 1201 935 1237 in
957 1200 1004 1237 iis

345 1258 429 1308 plus
456 1258 575 1295 minus
612 1257 720 1293 inesse
756 1260 933 1305 octogenos
954 1257 1008 1293 vi-

350 1327 419 1350 ros.
488 1312 658 1350 Verbum
693 1315 823 1350 ποιεῖν
847 1312 1008 1363 ponendi,

344 1368 516 1420 fingendi
542 1381 654 1405 sensu
682 1379 751 1418 pro
779 1367 935 1407 τιθέναι
960 1369 1009 1404 11-

352 1425 524 1462 lustravit
543 1422 790 1461 Valckenaer.
810 1423 1008 1462 Demosth.

353 1482 439 1518 loco
469 1481 508 1517 in
538 1483 631 1517 orat.
660 1481 811 1530 Leptin.
840 1495 879 1531 p.
913 1483 1008 1529 279,

354 1539 408 1576 36
453 1537 538 1581 (cui
587 1536 659 1573 Cr.
702 1535 807 1573 addit
845 1538 1010 1574 similem

353 1593 498 1630 Plotini
513 1594 643 1630 locum
662 1604 747 1642 pag.
769 1594 848 1634 533
866 1593 907 1629 C.
927 1592 1009 1634 534

353 1648 431 1697 A.)
463 1655 499 1685 et
527 1646 708 1697 Xenoph.
741 1649 865 1686 Anab.
896 1648 943 1696 V,
966 1650 1007 1689 7.

354 1706 380 1744 9
412 1711 574 1755 apteque
604 1704 717 1740 etiam
750 1703 797 1740 de
827 1705 1008 1741 Romanis

356 1759 568 1808 admonuit,
600 1760 666 1812 qui
688 1772 732 1796 eo
752 1773 863 1797 sensu
881 1759 1012 1797 dicunt

351 1815 482 1866 facore,
504 1816 586 1866 fac.
616 1817 715 1852 Hinc
735 1818 870 1854 Noster
898 1817 1012 1867 paulo

355 1873 511 1908 inferius
565 1874 725 1923 πλῆθος
783 1888 842 1912 πο
861 1869 1012 1924 ιήσας

356 1927 590 1980 δισμυρίους
642 1925 792 1979 ἄνδρας
843 1935 880 1965 et
931 1930 1011 1975 VII,

359 1986 452 2025 186.
511 1984 573 2021 Ad
606 1983 812 2021 dictionem
841 1981 1002 2024 πλέον
983 2000 1008 2035 η

358 2039 537 2088 ἔλασσον,
566 2041 713 2088 similia,
745 2041 900 2088 faciunt,
915 2054 1011 2092 quae

356 2095 525 2132 Lobeok.
571 2098 708 2133 excitat
741 2098 781 2133 in
820 2096 1011 2147 Aglaoph.

357 2165 396 2201 p.
419 2152 499 2192 385
531 2160 609 2191 not.
641 2152 741 2189 Add.
762 2155 918 2190 Lucian.
935 2155 1014 2189 De-

358 2220 466 2242 mon.
497 2208 533 2251 §.
559 2212 608 2248 10
641 2209 717 2255 (T.
740 2211 774 2244 11
812 2222 899 2259 pag.
931 2211 1012 2248 236

358 2260 477 2312 Blp.)·
497 2284 544 2289 —
571 2259 703 2302 αὐτῶν
724 2263 812 2300 dedi
840 2277 907 2314 pro
938 2259 1014 2301 αὕ-

360 2332 473 2356 τεων.

419 2393 473 2440 ὥς
497 2393 563 2432 καὶ
588 2390 780 2446 πρότερόν
813 2411 880 2445 μοι
913 2395 1013 2445 εἰρέ-

363 2451 440 2500 θη]
474 2449 559 2487 vid.
582 2463 692 2500 supi-a
726 2451 804 2498 Vll,
826 2454 891 2491 97.
913 2453 1012 2488 Male

362 2506 425 2544 hic
440 2505 663 2543 Schaeferus
686 2508 834 2544 retinuit
852 2505 1012 2559 εἰρήθη.

365 2564 478 2600 Conf.
499 2563 561 2609 lV,
583 2566 649 2603 77·
676 2564 767 2603 156.

419 2650 497 2702 ἤδη
521 2645 580 2690 οἷν
602 2648 789 2702 ἄνδρες
810 2649 868 2690 ἂν
891 2649 1010 2700 εἶεν]

366 2709 521 2745 lte-stimi
542 2721 629 2744 cum
642 2707 874 2757 Schweigh„
896 2710 1013 2746 Gaisi.

365 2772 398 2801 vt
423 2763 599 2801 Bekkero
621 2763 718 2802 hanc
739 2766 960 2812 lectionem,
991 2778 1011 2801 a

1065 1140 1218 1181 Schaef.
1261 1148 1298 1179 et
1336 1139 1518 1179 Matthiae
1553 1140 1718 1179 duorum

1065 1198 1176 1237 codd.
1189 1198 1408 1235 auctoritate
1390 1211 1617 1267 perperam
1630 1211 1719 1234 mu-

1065 1262 1184 1293 tatam
1204 1256 1245 1291 in
1264 1251 1343 1306 ἤδη
1373 1256 1430 1294 ὠν
1456 1251 1483 1294 ἆ
1496 1270 1518 1294 ν
1539 1269 1615 1305 ην.
1645 1256 1719 1291 Re-

1066 1319 1125 1349 cte
1161 1312 1265 1347 enim
1312 1309 1717 1362 Schweighaeuserus:

1068 1369 1223 1417 „Quum
1242 1380 1356 1404 naves
1373 1367 1487 1405 111οᾶ0
1501 1368 1720 1404 nominatae

1066 1425 1219 1471 fuerint,
1240 1430 1340 1460 recte
1360 1437 1462 1461 nunc
1491 1424 1720 1461 vocabulum

1068 1477 1212 1546 άνδρες
1231 1478 1426 1517 adiicitur:
1450 1492 1562 1531 porro
1584 1478 1720 1516 dictio-

1067 1549 1158 1573 nem
1179 1532 1231 1574 ἂν
1257 1532 1335 1575 εἷεν
1369 1537 1585 1593 requirebat
1613 1548 1721 1572 mens

1068 1592 1268 1642 scriptoris,
1288 1604 1367 1629 non
1391 1589 1442 1631 &v
1461 1593 1621 1643 ἠ1,οιιί
1649 1592 1722 1628 alia

1035 1690 1041 1699 J
1069 1649 1124 1687 vis
1144 1650 1253 1685 inest.
1257 1648 1280 1667 “
1338 1649 1518 1686 Probavit
1539 1648 1653 1685 etiam
1672 1648 1720 1684 G.

1070 1707 1282 1742 Hermann.
1303 1704 1464 1755 Opuscc.
1483 1704 1535 1741 IV
1564 1717 1602 1755 p.
1627 1705 1720 1751 169,

1071 1774 1192 1813 quum
1211 1759 1274 1797 hic
1295 1759 1342 1797 de
1364 1774 1404 1797 re
1422 1761 1609 1811 praesenti
1630 1771 1723 1808 aga-

1070 1824 1132 1855 tur
1164 1830 1289 1873 neque
1327 1818 1469 1868 opponi
1505 1817 1619 1867 possit
1644 1810 1724 1853 ἄλλ’

1072 1869 1147 1913 ov'n
1170 1874 1233 1924 ἠν.
1291 1874 1370 1910 Nec
1391 1874 1496 1910 aliter
1516 1874 1564 1920 11,
1587 1875 1625 1913 6.
1655 1871 1720 1918 IV,

1075 1929 1152 1970 195
1186 1936 1221 1965 et
1248 1930 1359 1977 vell,
1384 1932 1434 1969 2:
1482 1941 1579 1981 quae
1618 1926 1721 1964 idem

1069 1987 1311 2022 Hermannus
1332 1986 1466 2025 attulit.
1523 1985 1606 2030 Quo
1637 1995 1720 2019 ma-

1069 2042 1126 2091 gis
1156 2043 1274 2077 miror
1299 2040 1492 2078 Matthiae.
1510 2068 1519 2086 ,
1549 2038 1653 2090 quod
1682 2037 1721 2074 11.

1072 2099 1098 2134 1.
1120 2099 1272 2134 retinuit
1303 2093 1353 2135 ἂν
1386 2111 1439 2145 ην
1469 2094 1584 2146 idque
1605 2096 1723 2130 inter-

1071 2160 1239 2203 pretatur
1248 2152 1404 2201 sortasse
1419 2150 1579 2201 fuerint,
1601 2163 1722 2203 quum

1072 2212 1148 2247 εἰεν
1171 2209 1316 2245 valeat:
1339 2206 1496 2257 sortasse
1513 2209 1599 2244 sint.

1133 2319 1214 2355 Τοῦ
1228 2315 1270 2356 δὲ
1282 2317 1420 2367 πεζοῦ]
1443 2319 1499 2354 De
1517 2318 1632 2369 copiis
1653 2331 1722 2369 pe·
1774 2352 1776 2354 ,

1072 2371 1255 2411 desti-ibus
1284 2374 1360 2411 vid.
1389 2375 1552 2421 V11,60
1595 2375 1722 2426 ibique

1072 2436 1165 2466 nott.
1185 2453 1233 2457 ——
1284 2433 1328 2467 ln
1358 2443 1462 2482 seqq.
1495 2429 1626 2480 Libyes
1656 2431 1720 2482 qui

1073 2493 1206 2522 vocan·
1212 2499 1275 2531 ur,
1317 2494 1404 2523 sunt
1431 2486 1513 2522 Afri
1545 2489 1653 2537 Aeg)
1657 2494 1721 2536 pto

1073 2543 1205 2588 xicini,
1243 2544 1307 2593 qui
1340 2542 1518 2593 cambysi
1543 2556 1582 2579 se
1604 2542 1719 2579 dede—

1073 2605 1155 2634 rant
1182 2571 1262 2644 (111,
1292 2601 1355 2645 13,
1385 2598 1465 2646 91)
1497 2604 1533 2634 et
1564 2597 1651 2634 iude
1681 2599 1719 2634 111

1072 2655 1208 2690 xerxis
1229 2656 1343 2704 copiis
1363 2667 1474 2704 supra
1492 2667 1720 2690 enumeran—

1072 2717 1133 2746 tur
1164 2711 1242 2758 vll,
1265 2714 1330 2751 71.
1352 2712 1426 2756 863
1457 2723 1532 2761 quo
1553 2711 1635 2746 loco
1667 2717 1721 2746 et-

1071 2767 1147 2803 iam
1173 2766 1306 2804 Arabes
1330 2774 1688 2803 commemorantur.

1857 959 1890 1005 185
