1897 3340
412 191 496 231 776

804 190 1266 229 HERODOTI

411 296 466 341 τά
507 308 587 354 σφι
615 297 852 354 ἐκβαίνειν,
891 298 1082 354 φανερός
1112 299 1200 342 ἔστι
1228 301 1450 355 Λεωνίδης
1479 298 1670 356 ἀποπέμ-

386 367 526 417 Qatnu),
555 366 625 408 ἵνα
654 365 712 422 μή
744 365 1037 422 συναπόληταί
1059 377 1149 422 σφι.
1207 365 1231 411 ὁ
1263 357 1338 418 δέ,
1371 366 1672 423 ἀποπεμπόμε-

414 450 512 485 νος,
561 431 693 484 αὐτὸς
721 433 799 489 μὲν
829 430 913 476 οὐκ
942 432 1144 478 ἀπέλιπε·

1218 433 1297 477 τόν
1345 434 1390 477 δὲ
1434 437 1570 478 παῖδα
1601 442 1727 479 συ-75

255 517 353 561 222
413 499 770 556 στρατευόμενον,
801 500 927 544 ἐόντα
957 504 1000 544 οἵ
1027 501 1319 557 μουνογενέα,
1350 499 1584 558 ἀπέπεμψε.
1618 503 1673 546 Οἱ

84 579 150 605 Soti
174 579 343 607 retinentur

87 613 289 646 'rhos-piens&
315 618 361 641 at-

90 646 314 686 quv'sht-panjg
331 649 360 674 1ιί

89 680 209 714 quidem
228 689 273 708 un
281 685 324 708 ιιι,

91 1315 129 1339 m*
151 1313 270 1340 rrimum
294 1310 359 1339 lon-

87 1347 338 1384 {cique-temporis

92 1390 120 1415 pn
129 1382 250 1407 oenum.

418 569 497 624 μέν
538 583 624 611 νυν
670 566 888 623 σύμμαχοι
923 569 970 610 οἴ
1011 567 1364 625 ἀποπεμπόμενοι
1412 569 1583 624 οἴχοντό
1627 585 1673 613 τε

418 635 629 687 ἀπιόντες,
658 635 732 678 καὶ
769 633 997 678 ἐπείθοντο
1027 639 1238 694 Λεωνίδῃ.

1300 636 1498 688 Θεσπιέες
1526 638 1573 680 δὲ
1598 638 1674 681 καὶ

390 705 611 759 ΞΘηβαῖοι
651 701 907 756 κατέμειναν
940 706 1102 757 μοῦνοι
1128 703 1245 757 παρὰ
1279 706 1671 759 Λακεδαιμονίοισι.
1706 709 1709 711 ’

416 770 586 814 τούτων
623 769 694 818 δὲ,
746 771 931 824 Θηβαῖοι
967 769 1046 824 μὲν
1076 768 1272 821 ἀέκοντες
1302 771 1480 825 ἔμενον,
1511 773 1585 815 καὶ
1615 770 1672 815 ου’
1684 780 1729 814 80

416 836 703 894 βουλόμενοι·
744 841 908 892 κατεῖχε
936 835 1021 892 γάρ
1053 847 1189 892 σφεας
1217 839 1460 894 Λεωνίδης,
1491 839 1539 882 έν
1570 839 1674 894 ὁμή-

417 920 508 958 ρων
535 902 650 962 λόγῳ
680 904 958 960 ποιεύμενος·
993 904 1194 955 Θεσπιέες
1212 905 1269 957 δὲ,
1292 904 1461 955 ἑκόντες
1478 906 1674 960 μάλιστα·

419 976 462 1016 οἳ
520 969 603 1015 οὐκ
651 971 820 1027 ἔφασαν
865 969 1147 1022 ἀπολιπόντες
1188 973 1414 1026 Λεωνίδην
1452 973 1526 1015 καὶ
1572 976 1675 1026 τούς

416 1037 501 1096 μετ’
559 1037 699 1082 αὐτοῦ
755 1037 1110 1091 ἀπαλλάξεσθαι,

1179 1038 1286 1083 α’λλοὶ
1345 1041 1677 1094 καταμείναντες

417 1107 738 1151 συναπέθανον.
766 1106 1019 1164 ἐστρατήγεε
1049 1106 1094 1150 δὲ
1125 1106 1271 1150 αὐτῶν
1299 1107 1554 1163 Δημόφιλος
1574 1113 1678 1152 Δια·
1689 1117 1734 1152 85

346 1199 349 1203 ·
416 1174 597 1231 δρόμεω.

363 1454 433 1490 sul.
473 1452 521 1489 ob
577 1452 865 1489 coniunctivum
928 1462 1023 1491 συν-

366 1504 574 1560 απόληται.
668 1503 671 1507 ’

404 1602 479 1628 ουκ
491 1583 674 1636 ἀπέλιπε]
683 1586 739 1623 Ita
748 1583 1024 1636 cumSchwgh.

368 1652 404 1682 et
436 1643 553 1681 Gaisf.
581 1655 650 1694 pro
683 1638 891 1682 ἀπελίπετο
913 1642 1024 1679 exhi-

365 1702 452 1748 bui,
472 1700 670 1751 probante,
689 1700 936 1749 Wesseling„
957 1700 1024 1750 qui

366 1759 456 1794 citat
476 1758 555 1803 vll,
586 1758 682 1796 222.
702 1756 802 1802 VIII,
823 1757 890 1795 63.
928 1757 1025 1792 Plu-

366 1812 486 1850 tarch.
516 1814 552 1848 II
580 1825 618 1862 p.
649 1813 729 1852 261
761 1812 804 1850 C.
840 1810 1024 1849 Matthiae

366 1871 431 1907 Gr.
453 1871 519 1906 Gr.
536 1869 572 1914 ξ.
602 1866 697 1911 496,
721 1870 740 1907 1
763 1881 802 1918 p.
821 1869 901 1908 933
923 1875 1024 1905 recte

366 1926 474 1963 affert
496 1921 571 1964 οὐκ
593 1919 770 1971 ἀπέλιπε,
791 1923 895 1976 quod
906 1926 1025 1962 inter-

367 1989 556 2033 pretatur:
601 1993 638 2016 er
666 1982 774 2029 gz'eng
798 1981 895 2017 nicht
927 1993 1022 2029 weg,-

365 2042 440 2089 ipse
468 2051 535 2075 mm
575 2036 747 2073 discessit.
813 2036 899 2074 vid.
927 2039 1025 2074 Lex.

365 2093 617 2144 Xenophout.
637 2093 655 2128 I
674 2105 763 2143 pag.
784 2091 865 2134 347
894 2094 1024 2145 ibique

367 2148 578 2201 Cyropaed.
600 2149 647 2195 ll,
669 2152 693 2188 3
715 2150 751 2194 ξ.
773 2148 840 2189 24.
865 2150 932 2188 Cr,
954 2164 1025 2186 ex-

368 2209 455 2242 citat
477 2204 753 2256 VVytteubach.
767 2204 814 2241 ad
832 2205 1025 2242 Plutarch.

368 2264 425 2298 Do
454 2263 599 2297 virt-ult.
627 2261 795 2296 mulierr.
828 2262 892 2307 (11,
916 2262 958 2309 1)
987 2275 1025 2310 p.

371 2320 459 2357 17et
472 2315 751 2365 Plat.Sy1npos.
764 2329 801 2364 p.
815 2318 894 2355 209
907 2314 1024 2365 p.441

372 2371 513 2419 Bekk.,
534 2371 599 2407 ubi
620 2370 754 2406 eadem
765 2378 947 2420 potestate
957 2386 1029 2410 κα-

372 2429 622 2469 ταλείπουσιν
646 2433 682 2463 et
703 2427 937 2466 κατελίπετο.

549 2538 641 2588 Cap.
662 2536 847 2575 ocxxn.

429 2626 615 2673 Θεσπιέες
653 2624 695 2665 δὲ
729 2626 795 2666 καὶ
829 2629 1024 2678 Θηβαῖοι]

375 2685 492 2721 Ast'ert
521 2681 715 2724 Plutarch.
744 2685 778 2720 Π
813 2698 850 2734 p.
876 2686 957 2726 865
979 2687 1027 2723 Α.

373 2744 434 2789 R,
457 2754 534 2792 quo
564 2738 763 2777 refutando
794 2739 932 2777 diutius
952 2743 1028 2778 im-

374 2799 512 2834 morari
536 2810 612 2833 uon
635 2797 818 2834 lubet.—
838 2797 948 2834 Solos
967 2811 1029 2835 se·-

502 1242 680 1298 Ξέρξης,
719 1242 784 1293 δὲ,
814 1241 903 1286 ἐπεὶ
930 1240 1059 1298 ἡλίου
1088 1240 1392 1294 ἀνατείλαντος
1421 1242 1613 1295 σπονδὰς
1641 1243 1678 1287 ἐ-

1080 1463 1170 1489 cum
1180 1449 1391 1488 Leonidam
1416 1451 1611 1488 retinuisse
1625 1449 1735 1488 The-

1079 1509 1245 1559 spienses
1264 1514 1392 1544 narrat
1420 1506 1577 1544 Diodor.
1597 1509 1666 1557 XI,
1692 1511 1734 1549 9.

1079 1563 1263 1601 Herodoti
1281 1563 1476 1601 Thebanis
1509 1565 1737 1615 Mycenaeos

1080 1622 1271 1671 octoginta
1291 1621 1480 1657 substituit
1499 1622 1662 1659 Pausan.
1683 1622 1735 1669 X,

1080 1680 1134 1718 20
1155 1679 1192 1723 §·
1213 1680 1240 1717 2
1260 1684 1297 1714 et
1314 1678 1363 1723 ΙΙ,
1387 1679 1438 1718 16
1461 1678 1496 1722 §.
1517 1675 1584 1717 4.“
1630 1677 1737 1714 Val-

1079 1733 1223 1771 ckena
1236 1746 1289 1770 er.
1313 1733 1381 1770 Cr.
1403 1746 1557 1785 quoque
1576 1733 1738 1770 conferri

1079 1791 1161 1827 vult
1179 1789 1453 1840 Wytteubach.
1475 1789 1523 1826 ad
1543 1788 1737 1830 Plutarch.

1078 1847 1213 1883 Moral.
1233 1848 1263 1894 Ι,
1283 1848 1309 1886 2
1329 1860 1367 1897 p.
1390 1848 1510 1887 1182.
1560 1847 1603 1882 Iu
1631 1859 1738 1898 seqq.

1080 1916 1148 1954 pro
1180 1900 1350 1942 τουτέων
1392 1909 1430 1939 et
1465 1897 1618 1941 αὐτέων
1650 1902 1739 1939 dedi

1078 1954 1232 1998 τούτων
1264 1965 1301 1995 et
1335 1953 1483 1997 αὐτῶν.
1539 1957 1601 1995 Ad
1629 1960 1738 1996 locu-

1080 2016 1226 2053 tionem
1261 2013 1303 2053 ἒν
1331 2011 1492 2066 ὁμήρων
1523 2011 1625 2066 λόγῳ
1647 2029 1738 2053 ποι-

1081 2075 1216 2111 εῖσθαι
1249 2071 1348 2108 conf.
1382 2077 1479 2108 nott.
1499 2069 1547 2106 ad
1567 2071 1634 2118 111,
1657 2073 1738 2111 120

1080 2129 1167 2165 coll.
1191 2127 1284 2167 125.

1249 2214 1338 2263 cap.
1363 2213 1571 2252 ccxxm.

1138 2289 1255 2342 ἡλίου
1295 2287 1599 2341 ἀνατείλαντος]
1655 2293 1739 2330 Hoc

1083 2350 1220 2385 retinui
1251 2361 1340 2385 cum
1360 2346 1593 2398 Schweigh„
1621 2349 1737 2386 Gaisf.

1084 2412 1121 2441 et
1141 2404 1333 2441 Bekkero.
1390 2406 1422 2440 E
1450 2404 1595 2441 duobus
1625 2404 1739 2442 codd.

1084 2460 1280 2498 Schaeser.
1301 2468 1337 2496 et
1365 2459 1499 2498 Matth.
1532 2460 1740 2500 ἐπανατεί-

1083 2521 1237 2565 λαντος,
1249 2518 1360 2570 quale
1371 2518 1562 2554 invenitur
1581 2519 1629 2565 Π,
1645 2515 1738 2558 142.

1083 2576 1146 2620 111,
1168 2572 1235 2615 84.
1299 2572 1376 2610 Sed
1398 2575 1557 2610 alterum
1586 2586 1739 2625 quoque

1083 2637 1203 2667 exstat
1224 2630 1286 2677 lv,
1307 2629 1373 2670 40.
1394 2629 1461 2670 45.
1500 2631 1739 2666 Libatiouem

1085 2693 1213 2723 autem
1236 2687 1325 2722 fecit
1352 2699 1420 2722 rex
1448 2699 1515 2736 pro
1536 2687 1738 2723 Persarum

1083 2756 1190 2780 more
1221 2743 1353 2780 Solem
1384 2743 1569 2779 orientem
1601 2743 1740 2779 saluta-

1085 2807 1203 2846 turus,
1225 2806 1267 2836 ut
1290 2800 1481 2836 Zoroastri
1497 2799 1639 2836 serebat
1662 2799 1738 2835 lex.
