1897 3340
100 324 261 357 Leonidas,

98 361 233 385 tanornm
253 367 314 385 rex.

99 391 170 418 Eius
190 398 318 419 stemma.

99 433 193 459 usquc
212 427 248 452 ab
266 425 345 452 Her-

98 460 165 487 cnle
196 459 370 495 repetitum.

275 324 367 360 Spar-

425 221 510 262 754

834 221 1283 260 HERODOTI

424 326 504 384 μέν
531 341 616 369 νυν
642 327 714 370 καὶ
742 327 867 373 ἄλλοι
895 330 1125 386 στρατηγοὶ
1153 331 1262 375 κατά
1290 330 1444 383 πόλιας
1473 331 1676 376 ἑκάστων·

430 393 453 438 ὁ
476 394 521 438 δὲ
540 393 879 451 θωυμαζόμενος
896 396 1090 452 μάλιστα,
1112 399 1183 441 καὶ
1200 399 1362 450 παντὸς
1379 402 1461 443 τοῦ
1474 400 1676 453 στρατεύ-

427 478 562 517 ματος
598 460 854 518 ἡγεόμενος,
904 465 1250 521 Λακεδαιμόνιος
1294 464 1350 523 ἦν
1390 469 1620 524 Λεωνίδης,
1649 465 1674 510 ὁ

423 528 781 583 Ἀναξανδρίδεω,
842 534 922 574 τοῦ
951 533 1161 587 Λέοντος,
1213 539 1292 578 τοῦ
1323 534 1677 589 Εὐρυκρατίδεω,

425 602 506 642 τοῦ
535 596 851 651 Ἀναξάνδρου,
889 601 968 640 τοῦ
1006 598 1328 654 Εὐρυκράτεος,
1358 605 1438 645 τοῦ
1468 599 1678 645 Πολυδώ-

427 682 524 720 ρου,
553 668 634 707 τοῦ
660 662 955 720 Ἀλκαμένεος,
987 669 1066 708 τοῦ
1103 668 1328 722 Τηλέκλου,
1346 667 1437 712 ιτοῦ
1461 667 1675 726 Ἀρχέλεω,
1690 675 1734 710 15

425 737 504 776 τοῦ
529 732 784 788 Ἡγησίλεω,
814 735 896 775 τοῦ
922 731 1181 787 Δορύσσου,
1211 738 1289 778 τοῦ
1323 735 1565 791 Λεωβότεω,
1593 739 1676 780 τοῦ
1718 738 1721 740 ’

418 799 710 856 Ἐχεστράτου,
731 803 812 843 τοῦ
829 799 994 854 ’Ήγιος,
1024 803 1105 843 τοῦ
1124 800 1442 855 Εὐρυσθένεος,
1472 808 1553 847 τοῦ
1572 803 1680 859 Ἀρι·

425 867 672 924 στοδήμου,
723 870 801 910 τοῦ
826 864 1162 923 Ἀριστομάχου,
1201 872 1282 911 τοῦ
1313 871 1571 922 Κλεοδαίου,
1599 873 1680 913 τοῦ

410 934 573 978 Γ’Τλλου
585 968 595 984 ,
642 937 723 977 τοῦ
756 933 990 988 Ἡρακλέος
1002 948 1011 959 “

1059 935 1326 991 κτησάμενος
1345 936 1423 991 τὴν
1452 939 1678 992 βασιληίην
1690 943 1735 976 20

263 1003 362 1048 205
420 1002 467 1046 ἐν
493 1001 678 1058 Σπάρτῃ
709 1002 751 1053 ἐξ
772 1000 1120 1058 ἀπροσδοκήτου.
1152 1004 1300 1054 Διξῶν
1327 1001 1410 1058 γάρ
1444 1005 1487 1046 οἱ
1517 1002 1679 1047 ἐόντων

422 1069 725 1126 πρεσβυτέρων
755 1066 989 1124 άδελφεῶν,
1021 1069 1289 1125 Κλεομένεός
1317 1086 1360 1112 τε
1381 1070 1454 1113 καὶ
1473 1069 1679 1123 Δωριέος,

95 1069 162 1103 Qua
179 1069 298 1096 ratione
317 1076 364 1096 re-

94 1111 185 1138 gnum
204 1103 335 1137 Spartae

97 1140 201 1172 pinet?
205 1145 219 1163 r
235 1143 319 1171 spem

95 1173 210 1197 nactus.

344 1191 346 1194 Ι
396 1136 673 1194 Ξάπελήλατο
703 1139 778 1192 τῆς
812 1138 1050 1191 φροντίδος
1078 1138 1179 1192 περὶ
1208 1141 1282 1190 τῆς
1309 1139 1544 1193 βασιληίης.
1575 1135 1680 1180 άπο-

421 1206 643 1256 θανόντος
683 1202 728 1246 δὲ
766 1205 1033 1258 Κλεομένεος
1074 1204 1263 1256 ἄπαιδος
1315 1206 1491 1258 ἔρσενος
1529 1203 1681 1260 γόνου,

422 1274 617 1328 Δωριέος
645 1286 690 1314 τε
729 1268 874 1314 οὐκέτι
903 1271 1080 1324 ἐόντος,
1112 1272 1220 1316 άλλὰ
1249 1271 1580 1328 τελευτήσαντος
1607 1271 1736 1315 καὶ25

421 1340 583 1385 τούτου
613 1339 660 1383 ἐν
688 1339 884 1394 Σικελίῃ,
914 1339 1028 1383 οὕτω
1059 1339 1111 1396 δὴ
1151 1340 1194 1391 ἐς
1222 1342 1446 1396 Λεωνίδην
1475 1338 1678 1394 ἀνέβαινε

421 1408 448 1465 ἡ
478 1409 702 1474 βασιληίη·
731 1406 804 1449 καὶ
836 1404 948 1450 διότι
975 1406 1184 1462 πρότερος
1213 1408 1403 1463 ἐγεγόνεε
1429 1404 1678 1462 Κλεομβρό-

424 1492 519 1526 του,
553 1469 702 1528 (οὗτος
729 1474 812 1530 γάρ
843 1469 898 1530 ἦν
926 1473 1140 1525 νεώτατος
1163 1472 1505 1530 Ἀναξανδρίδεω
1535 1475 1678 1525 παῖς),

393 1543 499 1586 3καὶ
536 1542 589 1597 δὴ
631 1542 706 1586 καὶ
743 1539 825 1598 εἶχε
862 1542 1126 1599 Κλεομένεος
1169 1542 1403 1598 θυγατέρα.

366 1761 454 1800 pag.
478 1745 584 1788 1134
613 1745 691 1786 vid.
711 1744 760 1785 ad
789 1747 1024 1785 locutionem

361 1805 406 1852 ἐξ
428 1800 733 1856 ἀπροσδοκήτου
763 1817 806 1842 ex
830 1807 1023 1856 inopinato.

367 1861 478 1898 Conf.
512 1861 594 1909 VII,
627 1860 709 1901 205
741 1860 783 1900 ἐκ
802 1863 875 1901 τοῦ
895 1861 1024 1914 ἐμφω-

368 1916 457 1964 νὲος
478 1917 503 1953 ἰ.
525 1930 558 1954 e.
579 1920 708 1967 aperte,
733 1917 871 1968 palam.

581 2006 674 2056 Cap.
696 2006 806 2044 ccv.

404 2080 625 2133 ἐπελήλατο
637 2087 706 2135 τῆς
719 2084 949 2135 φροντίδος]
964 2097 1022 2122 re-

365 2145 477 2178 motus
501 2145 586 2187 erat,
619 2141 720 2190 longe
741 2142 863 2179 aberat
882 2155 906 2177 α
923 2143 1022 2190 cogi-

365 2200 499 2233 tatione
544 2197 585 2233 (le
625 2197 850 2246 adipiscendo
901 2210 1022 2245 regno.

366 2254 421 2288 Ita
443 2251 660 2301 Schweigh.
688 2255 728 2288 in
755 2255 850 2289 Lex.
880 2251 1022 2288 Herod.

365 2328 421 2335 ——
454 2307 515 2343 Ad
537 2320 647 2343 voces
674 2305 842 2352 ἄπαιδος
866 2306 1022 2357 ἔρσενος

366 2360 490 2415 γόνου
509 2362 584 2399 vm.
608 2364 687 2410 vll,
722 2365 769 2402 61
804 2370 839 2398 et
871 2362 917 2398 de
948 2363 1021 2399 Do-

367 2422 438 2457 rico
467 2419 505 2454 in
534 2419 661 2455 Sicilia
693 2425 840 2454 mortno
869 2418 945 2456 vid.
974 2419 1019 2466 V,

367 2475 421 2516 42
448 2487 550 2540 steqq.
600 2475 766 2510 νιιὺιιιη
789 2471 1020 2526 α’ναβαίνειν

367 2532 472 2581 attigi
492 2530 539 2566 ad
561 2530 639 2575 Vll,
658 2530 697 2569 4.

414 2584 488 2633 “Ος
504 2581 590 2625 τότε
619 2579 683 2636 ἤϊε
702 2585 739 2631 ἐς
763 2582 1020 2636 Θερμοπύλας

369 2657 405 2682 κ.
428 2657 462 2681 τ.
483 2645 518 2681 λ.
531 2643 548 2690 ]
600 2643 656 2678 De
686 2655 756 2678 usu
787 2644 1020 2692 pronominis

370 2699 514 2736 relativi
541 2697 614 2735 vid.
636 2697 826 2735 Matth.(›=
797 2701 862 2735 Gr.
894 2701 957 2735 Gr.
983 2701 1020 2744 §-

368 2754 462 2802 477,
484 2768 517 2793 a.
538 2768 576 2805 p.
598 2757 692 2795 892.
748 2756 823 2791 Pro
844 2753 1023 2802 ἐπιλεξά-

369 2825 486 2859 αενος
524 2811 629 2861 (sibi
664 2811 845 2861 elegerat)
877 2813 1023 2850 Isocra-

1459 1539 1539 1593 u03
1583 1538 1680 1584 τότε

1077 1753 1134 1785 tes
1162 1747 1350 1798 Panegyr.
1381 1758 1464 1797 cap.
1486 1746 1539 1788 25
1561 1747 1598 1792 §.
1619 1747 1673 1787 90
1689 1757 1734 1782 a·

1078 1805 1179 1841 ctivo
1189 1805 1304 1840 utitur
1318 1804 1434 1841 verbo
1446 1804 1624 1840 scribens:
1643 1805 1733 1841 Λα-

1079 1857 1318 1911 κεδαιμόνιοι
1339 1857 1411 1910 μὲν
1440 1859 1496 1906 είς
1523 1853 1734 1910 Θερμοπύ-

1079 1920 1148 1962 λας
1168 1914 1268 1967 πρός
1281 1912 1322 1954 τὸ
1343 1913 1473 1963 πεζόν,
1498 1916 1646 1966 χιλίους
1663 1911 1734 1953 av‘-

1078 1976 1158 2012 τῶν
1195 1971 1437 2019 ἐπιλέξαντες
1452 1971 1518 2010 καὶ
1537 1973 1616 2011 τῶν
1637 1983 1733 2021 συμ-

1078 2026 1214 2080 μάχων
1244 2023 1398 2079 ὀλίγους
1430 2023 1732 2078 παραλαβόντες.

1076 2087 1150 2121 Ubi
1171 2084 1275 2137 quod
1297 2087 1522 2121 trecentorum
1540 2083 1624 2118 loco
1637 2082 1731 2118 mille

1077 2148 1187 2179 vocat
1219 2142 1416 2185 Isocrates,
1459 2137 1562 2174 hunc
1585 2137 1731 2174 dissen-

1077 2210 1163 2233 sum
1196 2197 1246 2232 ita
1281 2194 1459 2244 componi
1485 2207 1594 2244 posse
1623 2199 1732 2244 putat

1077 2254 1219 2297 Morus,
1240 2258 1293 2295 ut,
1325 2249 1478 2300 qnando
1495 2252 1641 2287 trecenti
1670 2248 1732 2286 di-

1076 2314 1219 2354 cantur,
1242 2308 1498 2355 intelligantur
1528 2313 1651 2357 patres
1670 2305 1730 2343 fa-

1074 2364 1215 2410 milias,
1251 2364 1348 2399 cives
1376 2363 1554 2413 Spartani
1587 2375 1608 2398 e
1649 2368 1730 2399 toto

1074 2420 1215 2470 populo
1247 2418 1402 2466 delecti,
1429 2420 1532 2455 mille
1551 2431 1640 2456 vero
1663 2418 1731 2455 ubi

1076 2483 1279 2520 vocentur,
1309 2475 1444 2511 adiecti
1476 2474 1533 2512 his
1553 2474 1730 2511 trecentis

1076 2533 1289 2581 cogitentur
1316 2532 1506 2576 Helotae,
1545 2532 1611 2583 qui
1649 2531 1730 2567 bini

1076 2590 1302 2639 plerumque
1317 2589 1377 2625 vel
1397 2588 1483 2624 trini
1498 2587 1652 2637 singulis
1673 2587 1729 2623 ci-

1075 2645 1183 2682 vibus
1205 2645 1341 2681 fuerint
1360 2643 1489 2683 additi.
1519 2645 1618 2680 Hinc
1629 2655 1728 2694 quo-

1077 2714 1151 2752 que
1170 2700 1358 2738 Diodorus
1377 2702 1444 2747 XI,
1456 2700 1481 2739 4
1501 2700 1595 2736 mille
1613 2699 1726 2735 fuisse

1076 2764 1231 2794 testatur
1258 2757 1551 2794 Lacedaemonios
1578 2762 1615 2792 et
1634 2767 1725 2792 cum

1076 2814 1121 2850 iis
1140 2817 1304 2851 trecentos
1324 2813 1522 2864 Spartanos
1539 2824 1616 2849 uua
1634 2823 1724 2849 cum

1734 1415 1810 1456 601
