1897 3340
1373 192 1456 232 343

195 304 241 346 ἐκ
261 305 494 359 δαιμονίου
513 304 591 358 μὲν
620 298 800 349 οὐδενὸς
819 301 1013 353 μανῆναι
1040 295 1308 351 Κλεομένεα,
1340 299 1456 340 Σκύ-
1466 306 1782 377 75ιὸιεῖιιῖμυηρι-Ιςηι..ι,

1642 356 1704 372 ΕΓΟ(
1718 356 1732 372 Π
1750 357 1765 373 Η

192 377 299 427 θῃσι
329 373 374 415 δὲ
405 365 665 425 ὁμιλήσαντά
693 383 768 423 μιν
798 364 1099 422 ἀκρητοπότην
1129 365 1353 420 γενέσθαι,
1385 366 1457 408 καὶ
1514 378 1568 439 {13¹9
1585 380 1620 406 ue
1632 389 1665 408 rc
1682 381 1783 409 tiam>

21 0 27 41 l

21 45 25 180 Ι

15 188 25 270 f
605 190 1040 230 ERATO.V1.

19 276 25 380 :¹

167 438 246 481 Ξέκ
285 438 445 482 τούτου
483 440 685 492 μανῆναι.
756 432 940 484 Σκύθας
977 433 1062 489 γάρ
1103 432 1205 484 τούς
1244 433 1453 488 νομάδας,

194 575 329 615 ταῦτα
361 571 596 627 μεμονέναι
641 587 715 625 μιν
764 573 988 613 τίσασθαι·
1037 567 1287 624 πέμψαντας
1326 569 1372 612 δὲ
1413 568 1455 619 ἐς

192 639 422 695 Σπάρτην,
452 640 698 695 συμμαχίην
714 655 758 682 τε
783 637 1028 682 ποιέεσθαι·
1059 637 1132 680 καὶ
1154 638 1452 686 συντίθεσθαι,

191 707 250 759 ὥς
277 707 407 763 χρεόν
446 709 509 761 εἴη
550 705 714 758 αὐτούς
752 707 831 763 μὲν
860 706 963 757 τοὺς
990 703 1179 755 Σκύθας
1211 704 1331 759 παρὰ
1370 708 1512 748 §boz-80

189 786 258 818 σιν
279 775 479 831 ποταμόν
498 779 655 828 πειρᾶν
682 775 725 825 ἐς
744 774 823 830 τὴν
849 773 1054 830 Μηδικὴν
1073 775 1284 828 ἐσβαλεῖν,
1315 772 1454 828 σφέας

189 844 234 887 δὲ
262 845 370 894 τούς
399 844 679 899 Σπαρτιήτας
709 840 899 885 κελεύειν
928 842 970 894 ἐξ
1007 841 1201 899 Ἐφέσου
1241 839 1454 896 ὁρμεωμέ-

187 928 292 963 νους
332 911 607 968 ἀναβαίνειν,
656 911 727 954 καὶ
779 911 922 958 ἔπειτα
967 910 1010 962 ἐς
1056 908 1197 953 τιόυτὸ
1244 908 1453 952 ἀπαντᾶν.

161 979 441 1034 3Κλεομένεα
471 981 517 1024 δὲ
546 979 745 1036 λέγουσι,
786 977 986 1035 ἡκόντων
1023 982 1112 1021 τῶν
1141 978 1356 1023 Σκυθέων
1387 978 1455 1021 ἐπὶ

189 1051 338 1098 ταῦτα,
385 1046 574 1103 ὁμιλέειν
604 1059 684 1103 σφι
712 1048 924 1102 μεζόνως·
957 1046 1184 1101 ὁμιλέοντα
1215 1045 1259 1089 δὲ
1289 1050 1510 1100 μᾶλλονὸὃ

187 1119 267 1159 τοῦ
291 1116 570 1170 ἱκνευμένου,
600 1120 758 1170 μαθεῖν
785 1115 865 1172 τήν
896 1113 1217 1171 ἀκρητοποσίην
1246 1112 1357 1166 παρ’
1379 1111 1452 1158 αὐ-

187 1187 297 1246 τῷν·
338 1184 385 1227 ἐκ
423 1184 584 1227 τούτου
626 1182 670 1226 δὲ
711 1184 902 1239 μανῆναί
943 1200 1018 1239 μιν
1047 1185 1268 1239 νομίζουσι
1301 1186 1450 1237 Σπαρ-

290 1381 381 1432 Cap.
409 1380 624 1418 LXXXIV.

187 1437 230 1476 ἐκ
253 1438 465 1488 δαιμονίου
500 1434 573 1486 μὲν
603 1430 789 1484 ου’δενός]

129 1495 212 1539 Quo
235 1494 417 1532 declarari
439 1495 663 1539 voluerunt,
683 1505 792 1528 mor-

129 1553 220 1587 btun
248 1565 276 1590 s.
309 1552 479 1588 furorem
508 1549 686 1586 divinitus
706 1561 785 1585 non

125 1609 338 1645 immissum
386 1621 512 1659 neque
561 1620 581 1643 a
622 1605 691 1643 diis
739 1606 787 1642 ob

125 1665 265 1702 scelera
285 1665 499 1701 Cleomenis
520 1671 633 1715 atque
649 1663 784 1712 impie-

127 1728 244 1758 tatem
282 1723 383 1758 iratis
431 1721 619 1758 inflictum
656 1718 789 1767 videri,

127 1778 194 1815 sed
226 1791 247 1814 a
275 1779 450 1825 naturali,
489 1784 531 1813 ut
564 1778 616 1813 ita
649 1775 788 1823 dicam,

129 1834 240 1872 causti
254 1864 263 1882 ,
286 1848 406 1886 eaque
428 1841 557 1884 aperta
575 1846 647 1869 nec
663 1845 790 1869 secre-

128 1898 165 1928 ta
184 1904 256 1928 nec
278 1890 496 1928 abscondita
518 1903 596 1927 esse
612 1895 791 1940 repeten-

129 1947 236 1986 dum.
295 1949 394 1985 Nam
411 1960 663 1999 quaecunque
696 1946 788 1982 insi-

127 2006 261 2056 gniora
281 2005 460 2042 mortales
481 2004 652 2053 affligant
671 2003 785 2049 mala,

124 2075 289 2114 quorum
310 2075 439 2099 causas
454 2061 667 2112 perspicere
682 2058 786 2096 haud

123 2119 296 2167 valeant,
320 2132 363 2155 ea
384 2131 405 2155 a
426 2117 494 2155 diis
516 2117 692 2164 immitti,
714 2129 785 2152 an-

124 2176 304 2226 tiquitatis
333 2176 403 2213 fuit
438 2176 579 2226 opinio.
649 2175 784 2224 Itaque

124 2233 239 2268 etiam
259 2230 365 2269 hicce
384 2233 501 2280 locus,
524 2233 589 2268 ubi
611 2229 657 2267 de
669 2231 783 2266 Cleo-

130 2290 249 2325 menis
269 2290 402 2326 morbo
436 2290 563 2326 variae
582 2287 786 2339 proferun-

132 2351 190 2381 tur
211 2358 379 2392 causae„
394 2347 530 2382 merito
559 2344 607 2382 ad
639 2358 701 2381 eos
722 2358 785 2380 re-

131 2400 269 2448 fertur,
309 2414 330 2437 e
369 2403 503 2452 quibus
533 2402 644 2453 quale
674 2401 787 2437 fuerit

130 2457 255 2493 Nostri
274 2455 442 2493 studium
463 2460 592 2494 omnia
613 2457 785 2494 humana

130 2525 173 2550 ac
204 2513 390 2550 terrestria
421 2526 442 2549 e
472 2515 590 2551 causis
610 2513 786 2551 humanis

131 2569 170 2605 in
191 2570 270 2619 ipsa
289 2582 415 2606 rerum
430 2569 565 2606 natur&
577 2571 703 2620 positis
717 2569 786 2606 de-

132 2625 290 2673 rivandi,
306 2627 539 2677 perspicitur,
553 2638 787 2677 quamquam

133 2693 230 2731 quae
258 2683 337 2718 eius
357 2689 435 2719 erat
457 2684 573 2733 pietas
586 2711 595 2728 ‚
615 2694 787 2718 summa-

133 2750 208 2787 que
237 2739 402 2775 numinis
423 2738 541 2776 divini
566 2738 787 2784 reverentia,

133 2793 285 2842 maluit,
324 2795 385 2832 vel
411 2808 475 2844 ea,
505 2807 669 2847 quorum
698 2806 786 2831 cau-

14 395 22 657 t
195 507 284 548 ἐπεί
313 521 356 548 τε
385 517 465 558 σφι
494 508 684 558 Δαρεῖον
725 502 922 558 ἐσβαλεῖν
952 501 994 552 ἐς
1034 501 1113 557 τὴν
1138 501 1304 556 χώρην,
1346 500 1453 555 μετοὶ

15 669 21 746 ἰ

850 1392 912 1415 sae
933 1377 1068 1415 natura
1095 1379 1293 1428 patebant,
1334 1378 1382 1415 ad
1413 1378 1512 1416 divi-

849 1449 946 1471 num
972 1448 1119 1471 numen
1151 1434 1396 1487 divinamque
1423 1437 1509 1472 vin-

850 1492 990 1529 dictam
1020 1492 1147 1540 illam,
1193 1505 1290 1543 quae
1332 1493 1509 1530 omnibus

848 1549 958 1585 rebus
979 1549 1019 1584 in
1033 1555 1132 1584 terra
1153 1549 1338 1600 coeloque
1370 1548 1509 1585 mode-

846 1612 951 1642 ratur
966 1635 975 1653 ‚
1007 1604 1102 1653 (vid.
1121 1612 1215 1643 nott.
1240 1605 1287 1641 ad
1307 1608 1336 1652 Ι,
1367 1609 1432 1646 32.
1456 1608 1509 1642 ΙΙΙ

845 1661 911 1702 40.
937 1664 1049 1710 103.)
1072 1662 1232 1708 referre,
1261 1664 1298 1697 in
1322 1663 1398 1698 tine
1418 1676 1508 1699 uar—

846 1719 999 1755 rationis
1020 1718 1114 1755 haec
1135 1719 1390 1769 subiungens:
1421 1718 1509 1770 ἐμοὶ

847 1773 889 1814 δὲ
929 1774 1057 1813 δοκέει
1090 1776 1236 1814 τίσιν
1266 1772 1461 1825 ταύτην
1485 1774 1510 1814 ὅ

849 1830 1077 1881 Κλεομένης
1092 1827 1321 1881 Δημαρήτω
1343 1831 1505 1872 ε’κτίσαι.

848 1888 958 1926 Cous.
991 1890 1104 1924 etiam
1135 1887 1391 1924 Hoffmeister.
1422 1889 1447 1926 l.
1479 1889 1503 1925 l.

844 1958 933 1995 pag.
961 1947 1009 1985 17
1040 1958 1117 1996 seq.
1176 1944 1238 1982 Ad
1253 1946 1374 1995 ipsam
1396 1945 1505 1982 locu-

845 2002 990 2038 tionem
1030 1999 1073 2040 ἐκ
1111 2001 1322 2052 δαιμονίου
1368 2002 1505 2038 similia

844 2059 1108 2105 conferantur,
1155 2071 1252 2109 quae
1288 2059 1505 2095 notavimus

842 2114 890 2152 ad
920 2117 948 2163 Ι,
979 2117 1071 2155 126.
1099 2116 1166 2161 111,
1200 2114 1291 2155 155.
1361 2116 1504 2152 Vocem

841 2166 1118 2222 ἀκρητοπότην
1173 2171 1395 2220 (ebriosum,
1444 2174 1507 2222 qui

842 2241 972 2266 meram
1001 2231 1103 2278 potat
1131 2228 1275 2277 vinum)
1317 2242 1365 2265 ex
1380 2231 1505 2264 Hero—

843 2285 933 2322 doto
968 2287 1057 2322 citat
1083 2285 1223 2321 Pollux
1257 2285 1321 2332 VI,
1342 2286 1394 2326 25
1417 2285 1504 2322 coll.

840 2341 983 2380 Athen.
1004 2343 1042 2378 X
1059 2355 1148 2395 pag.
1183 2340 1264 2382 427
1285 2343 1329 2381 B.
1353 2342 1397 2379 C.
1420 2339 1502 2382 436

839 2402 885 2437 E.
908 2401 950 2437 F.

898 2453 1139 2506 μεμονέναι]
1181 2455 1206 2492 i.
1238 2468 1271 2492 e.
1291 2456 1329 2491 in
1348 2455 1501 2491 animum

840 2512 1034 2550 induxisse.
1102 2513 1186 2557 Quo
1226 2512 1342 2549 verbo
1380 2510 1502 2560 poetis

841 2571 1005 2620 antiquis
1044 2568 1179 2605 usitato
1202 2569 1377 2618 impetum,
1406 2566 1499 2602 (lesi-

841 2625 976 2663 derium
1016 2626 1180 2676 exprimi
1218 2625 1317 2660 bene
1356 2623 1500 2659 notavit

841 2682 1075 2731 Wesseling.
1143 2679 1244 2717 Add.
1275 2682 1500 2716 Buttmann.

843 2739 909 2776 Gr.
943 2739 1031 2774 mai.
1062 2739 1096 2773 II
1126 2750 1213 2788 pag.
1248 2738 1340 2777 188.
1406 2735 1499 2768 Mox

844 2793 931 2832 dedi
965 2791 1080 2846 χρέον
1109 2806 1178 2845 pro
1208 2790 1344 2843 χρέων.
1378 2786 1497 2837 (Vid-
