1897 3340
510 176 967 214 POLYMNIA
1026 175 1124 211 Vll.

1353 183 1436 222 677

178 300 272 335 τεος
302 287 616 336 Καλλιπολίτας
639 299 684 328 τε
717 284 791 328 καὶ
819 282 1033 334 Ναξίους,
1062 282 1136 325 καὶ
1165 286 1434 337 Ζαγκλαίους

176 368 221 395 τε
265 353 337 395 καὶ
377 355 661 404 Λεοντίνους,
719 350 792 394 καὶ
835 350 966 404 πρὸς,

178 420 252 463 καὶ
294 423 381 463 τῶν
420 419 656 476 βαρβάρων
696 417 903 472 συχνούς,

977 415 1089 473 ἀνὴρ
1149 417 1350 475 ἐφαίνετο
1389 419 1436 462 ἐν

177 485 371 532 τούτοισι
410 493 523 531 τοῖσι
560 485 787 541 πολέμοισι
823 483 908 528 ἐῶν
945 484 969 529 ὁ
1008 486 1155 529 Γέλων
1192 483 1495 541 λαμπρότα-45

148 560 267 607 4τος.
324 560 413 599 τῶν
456 558 502 599 δὲ
541 553 666 598 εἶπον
705 554 872 596 πολίων
907 555 1119 606 τουτέων,
1149 554 1263 610 πλὴν
1292 558 1440 609 Συρη-

178 616 392 678 κουσέων,
423 621 607 678 οὐδεμία
635 620 823 677 πέφευγε
854 619 1132 677 δουλοσύνην
1160 622 1270 676 πρὸς
1298 622 1439 665 Ἱππο-

174 690 366 745 κράτεος.
424 690 762 746 Συρηκουσίους
791 687 836 731 δὲ
867 690 1104 743 Κορίνθιοί
1141 705 1186 733 τε
1214 690 1288 733 καὶ
1327 693 1439 744 Κερ-

149 763 355 813 5κυραῖοι
393 757 657 813 ἐρῤύσαντο,
697 754 810 811 μάχῃ
851 753 1121 808 ἑσσωθέντας
1158 756 1227 800 ἐπὶ
1254 760 1437 813 ποταμῷ

168 823 358 884 Ἐλώρῳ.
417 825 657 882 ἐῤῥύσαντο
700 824 745 867 δὲ
783 815 932 875 οὗτοι,
962 824 1031 867 ἐπὶ
1051 827 1194 868 τοῖσδε
1223 824 1433 870 καταλλά-
1447 832 1493 866 50

118 999 447 1038 Raoul-Rochette
457 999 618 1036 Histoire
634 997 680 1035 de
692 999 773 1035 ΓΕ-

117 1057 257 1094 tabliss.
290 1056 327 1094 d.
359 1058 432 1094 col.
455 1058 591 1108 Grecq.
611 1057 665 1092 111
683 1067 771 1106 pag.

122 1115 200 1154 177
219 1127 328 1166 seqq.

174 1214 381 1264 Ναξίους]
404 1213 535 1253 Naxus
556 1221 650 1252 teste
660 1212 775 1251 Thu-

116 1269 244 1322 cydid.
266 1272 327 1319 VI,
350 1275 374 1312 3
401 1285 479 1308 uno
501 1278 587 1308 ante
607 1272 776 1323 Syracu-

116 1340 174 1364 sas
191 1341 291 1364 anno
313 1341 334 1365 a
356 1327 665 1365 Chalcidensibus
686 1341 775 1364 con-

118 1382 195 1421 dita
216 1384 316 1434 (736
337 1397 372 1421 a.
399 1383 487 1424 Chr.
501 1385 573 1434 n.),
591 1385 776 1435 antiquis-

116 1441 212 1478 sima
246 1442 480 1478 Graecorum
508 1455 577 1492 per
606 1441 776 1478 Siciliam

116 1497 226 1545 urbs,
272 1511 370 1550 quae
412 1499 495 1549 ipsa
540 1499 692 1535 Leontii
739 1504 776 1535 et

118 1554 285 1591 catanae
314 1562 437 1592 mater
456 1556 527 1592 fuit
540 1585 550 1603 ,
581 1568 602 1591 a
621 1561 776 1605 septen—

116 1611 239 1648 trione
269 1611 434 1649 Catanae
473 1612 619 1649 iacebat
651 1612 775 1648 vicina

115 1668 311 1705 Messeniis
358 1668 406 1705 ad
443 1669 603 1706 fluvium
641 1669 776 1705 Acesi-

117 1737 230 1772 nem,
266 1725 327 1762 cui
354 1732 448 1762 teste
476 1726 651 1762 Cluverio
671 1738 775 1761 nunc

116 1794 261 1817 nomen
303 1781 409 1818 fluvii
449 1781 576 1832 frigidi
626 1780 777 1831 (Fiume

109 1836 273 1888 freddo),
303 1851 422 1888 prope
453 1839 630 1875 Taurum
659 1851 775 1874 mon-

115 1901 208 1941 tem,
229 1893 277 1930 ad
297 1907 414 1946 quem
433 1891 573 1945 {postea
600 1896 640 1931 in
659 1895 775 1946 ipsius

116 1951 216 1988 Naxi
251 1951 383 1987 locum
422 1957 656 1988 exstructum
703 1951 775 1987 fuit

121 2007 391 2045 Tauromenium
430 2008 683 2056 (Taormz‘na)
730 2006 775 2043 eft

117 2063 158 2100 in
183 2066 325 2101 montis
342 2071 460 2115 parte,
483 2064 559 2116 qua
580 2063 628 2101 ad
660 2065 774 2101 Cata-

116 2133 210 2156 nam
230 2127 267 2158 et
288 2121 492 2172 Syracusas
513 2128 671 2172 spectat.
690 2120 777 2158 Vis]-

116 2178 252 2227 Poppo
282 2176 462 2229 Thucyd.
482 2179 512 2226 Ι,
531 2181 558 2219 2
578 2190 665 2228 pag.
683 2177 779 2218 529.

117 2234 305 2270 Mannert.
323 2235 393 2280 IX,
414 2237 440 2274 2
460 2247 547 2285 pag.
569 2237 649 2275 280
670 2247 776 2286 seqq.

120 2289 164 2326 C.
203 2290 268 2326 Fr.
304 2289 510 2327 Hermann.
538 2291 565 2327 l.
595 2291 622 2331 l.
653 2292 691 2336 ξ.
722 2293 774 2332 83

120 2352 201 2384 not.
223 2349 264 2386 2.

177 2445 451 2500 Ζαγκλαίους]
475 2445 584 2482 conf.
612 2452 710 2483 nott.
730 2444 779 2483 ad

120 2504 184 2552 VI,
205 2506 270 2543 22.
292 2506 361 2544 23.
395 2502 587 2548 Leontini,
629 2515 650 2537 e
669 2504 778 2539 Naxo

120 2558 196 2598 huc
216 2560 397 2611 profecti,
426 2565 520 2595 teste
547 2556 727 2608 Thucyd.
752 2559 779 2594 l.

121 2616 148 2655 l.
194 2617 325 2654 locum
364 2627 542 2665 agrorum
590 2615 780 2651 fertssitate

123 2671 247 2710 adhue
275 2673 464 2723 insignem
484 2672 524 2707 in
545 2684 610 2708 ore
630 2671 781 2707 Siciliae

124 2730 295 2766 orientali
314 2730 513 2773 tenebant,
542 2739 659 2779 quem
678 2740 782 2763 nunc

122 2798 310 2837 occupare
325 2785 463 2823 dicitur
481 2783 665 2836 oppidum
679 2782 780 2820 Len—

828 1000 908 1045 tim,
937 999 1073 1049 vigimi
1089 1005 1251 1051 quatuor
1275 999 1444 1036 milliarr.
1466 1012 1487 1036 a

830 1056 1027 1107 Syracusis
1060 1069 1181 1108 aeque
1210 1063 1324 1107 atque
1354 1069 1376 1092 a
1416 1056 1490 1092 Ca—

827 1119 917 1150 tana
958 1120 1166 1150 remotum.
1234 1112 1319 1150 vid.
1352 1113 1490 1163 Polyb.

828 1170 910 1218 VII,
933 1172 972 1210 6.
1001 1171 1136 1220 Poppo
1157 1170 1182 1206 l.
1203 1170 1229 1207 l.
1249 1171 1279 1217 Ι,
1301 1173 1326 1210 2
1346 1183 1381 1219 p.
1395 1169 1488 1210 527.

830 1227 1020 1264 Mannert.
1038 1227 1107 1276 IX,
1129 1228 1155 1266 2
1173 1240 1209 1276 p.
1233 1228 1314 1266 300
1336 1233 1371 1262 et
1392 1238 1490 1277 quae

832 1284 996 1320 citantur
1016 1282 1117 1334 apud
1139 1283 1181 1320 C.
1196 1284 1258 1319 Fr.
1278 1284 1490 1320 Hermann.

831 1340 858 1377 l.
886 1340 912 1377 l.
933 1337 980 1385 ἕξ.
1009 1342 1061 1380 83
1091 1346 1172 1377 not.
1201 1342 1264 1379 13.
1295 1361 1351 1366 ———
1390 1340 1492 1375 Voce

832 1392 1051 1448 βαρβάρων
1089 1397 1130 1432 in
1174 1409 1280 1447 seqq.
1316 1396 1493 1446 intelligit

835 1453 977 1491 Siculos
988 1453 1188 1501 indigenas,
1202 1454 1268 1503 qui
1280 1465 1358 1489 non
1370 1454 1492 1489 Grae-

832 1522 899 1546 cae
919 1510 1073 1546 fuerunt
1103 1510 1279 1559 originis,
1310 1507 1400 1546 hinc
1421 1522 1493 1559 op-

831 1567 943 1617 positi
959 1566 1198 1616 callipontis,
1217 1566 1346 1602 Naxiis
1360 1596 1368 1613 ‚
1390 1567 1493 1602 Mes—

831 1624 955 1672 seniis,
985 1624 1192 1669 Leontinis,
1232 1623 1492 1674 Syracusanis.

833 1680 944 1720 Conf.
991 1681 1072 1728 VII,
1124 1680 1215 1720 158.
1259 1677 1490 1737 'ThucydicL

830 1737 894 1785 VI,
919 1739 956 1777 1.

888 1801 993 1854 πλήν
1030 1800 1348 1853 Συρηκουσέων]
1390 1803 1446 1837 Ita
1471 1815 1491 1837 e

834 1861 1001 1900 Florent.
1027 1859 1172 1896 editum
1191 1871 1260 1909 pro
1281 1859 1387 1907 vulg.
1409 1860 1492 1895 Συ-

831 1917 1145 1968 ρηκουσίων.’-
1175 1914 1238 1951 Ad
1257 1915 1372 1952 verba
1392 1910 1493 1966 πρός

828 1970 1112 2023 Ἱπποκράτεος
1144 1972 1243 2008 conf.
1273 1977 1403 2007 notata
1441 1969 1487 2007 ad

829 2031 911 2078 VII,
935 2031 1026 2069 139.
1067 2028 1202 2066 Elorus
1227 2028 1363 2064 fluvius
1393 2028 1490 2064 mari

832 2088 1012 2123 miscetur
1047 2098 1167 2136 prope
1190 2085 1351 2121 Elorum
1380 2085 1492 2134 oppi-

834 2143 927 2180 dum
948 2144 986 2178 iu
1009 2142 1160 2180 Siciliae
1179 2155 1243 2178 ora
1264 2141 1448 2187 orientali,
1470 2153 1492 2177 a

831 2198 991 2237 meridie
1012 2199 1308 2251 Syracusarum,
1339 2209 1493 2248 campos

832 2255 1044 2294 admodum
1091 2255 1230 2292 fertiles
1277 2267 1490 2305 permeans.

831 2315 942 2351 Nunc
959 2326 1049 2349 eum
1069 2313 1196 2349 vocari
1211 2312 1379 2349 scribunt
1389 2311 1491 2347 Atel-

834 2371 908 2407 lari
941 2376 1007 2406 aut
1035 2369 1172 2406 Abisso.
1236 2368 1348 2405 Cous.
1377 2369 1490 2404 Man-

833 2433 930 2463 nert.
950 2427 1019 2473 IX,
1040 2428 1067 2466 2
1085 2438 1173 2476 pag.
1194 2424 1295 2472 3404

891 2502 954 2542 ἐπὶ
982 2503 1113 2542 τοῖσδε
1149 2498 1489 2550 καταλλάξαντες]

836 2558 947 2607 „Hac
967 2559 1041 2608 lege
1051 2560 1326 2597 reconciliantes.
1386 2558 1490 2593 Con-

837 2614 927 2652 ditio
948 2616 1030 2663 fuit,
1049 2623 1092 2652 ut
1112 2617 1160 2652 ob
1182 2615 1330 2652 cladem
1342 2613 1388 2650 ad
1400 2614 1490 2648 Elo-

836 2684 923 2708 rum
943 2670 1010 2720 (de
1026 2685 1101 2724 qua
1119 2672 1160 2709 in
1175 2671 1305 2709 Schol.
1327 2669 1375 2706 ad
1394 2670 1488 2705 Pin-

838 2727 917 2765 dar.
937 2730 1049 2765 Nem.
1068 2729 1137 2777 IX,
1158 2728 1231 2776 96)
1266 2726 1491 2776 Syracusani

836 2783 1197 2835 Camarinammuper
1209 2782 1491 2832 eversam,Hip-

1023 352 1360 407 Συρηκουσίους
1390 369 1434 395 τε
1491 361 1569 398 576
