1897 3340
0 210 11 223 ς
0 148 7 166 w„
0 134 3 141 ⁴
0 72 9 125 -μιν

0 404 9 486 —zr

102 412 346 473 ffiffi-fffflffl'a
595 458 604 472 ‚
689 460 698 474 ,
927 462 945 470 ,
1204 461 1221 469 ,
1344 462 1360 469 ,
1527 458 1536 472 ,

103 472 230 512 profic,
250 472 376 499 duarum
433 475 508 502 ναι
540 464 832 511 Αυτεσιωνος,
863 474 942 501 του
977 462 1240 518 Τισαμενου,
1280 475 1360 500 του
1395 461 1688 512 Θερσανδρου,
1702 467 1747 501 80

101 506 375 573 ’ἳὲᾞιιιῖἰῖῃῖιᾞοιῖἷὶ-
432 529 512 568 τοῦ
544 528 850 576 Πολυνείκεος·
881 524 1044 581 ταύτην
1067 526 1113 568 δὲ
1142 531 1280 568 τεκεῖν
1312 527 1491 579 δίδυμα·
1521 524 1691 568 ἐπιδόν-

430 284 513 325 292
823 283 1289 321 HERODOTI

434 408 494 446 μα
525 388 634 435 εἶναι
663 389 875 448 Ἀργείην·
912 392 1134 448 θυγατέρα
1165 392 1211 435 δὲ
1253 389 1390 447 αὐτὴν
1431 391 1604 446 λέγουσι
1635 390 1690 436 εἴ·

403 599 486 635 Βτα
517 592 562 635 δὲ
592 591 670 634 τὸν
695 592 1005 648 Ἀριστόδημον
1031 591 1084 634 τοὶ
1112 593 1261 641 τέκνα,
1291 592 1440 650 νούσῳ
1472 596 1688 634 τελευτᾶν.

430 649 804 701 Λακεδαιμονίους
843 649 910 699 δὲ,
959 647 1064 698 τούς
1102 648 1196 691 τότε
1235 648 1407 699 ἐόντας,
1454 651 1690 703 βουλεῦσαι

430 713 539 759 κατά
580 713 719 767 νόμον
754 715 934 771 βασιλέα
973 719 1060 758 τῶν
1088 717 1258 758 παίδων
1286 715 1364 759 τὸν
1393 715 1689 770 πρεσβύτερον

431 778 712 835 ποιήσασθαι.
761 780 907 824 οὔκων
935 780 988 836 δή
1019 793 1153 835 σφεας
1183 782 1292 838 ἔχειν
1321 782 1528 837 ὁκότερον
1556 783 1689 825 ἕλων-

429 865 522 898 ται,
555 846 660 890 ὥστε
689 847 762 890 καὶ
791 848 957 903 ὁμοίων
976 849 1049 891 καὶ
1078 849 1185 891 ἴσων
1215 849 1400 893 ἐόντων·
1433 849 1486 893 οὗ
1507 850 1686 905 δυναμέ-
1699 856 1744 891 85

431 930 537 964 νους
567 913 613 956 δὲ
641 917 826 968 γνῶναι,
857 913 887 971 ἢ
913 915 986 958 καὶ
1014 916 1098 970 πρὸ
1129 916 1310 969 τούτου,
1342 916 1579 971 ἐπειρωτᾶν
1608 917 1688 972 τήν
1715 950 1745 964 -ff

402 983 660 1025 4τεκοῦσαν.
709 981 789 1036 τὴν
829 981 874 1026 δὲ
911 982 1042 1034 ,,ου’δὲ
1082 983 1242 1039 αὐτὴν,
1280 980 1439 1035 φάναι,
1488 982 1687 1038 διαγινώ-
1739 1029 1743 1033 ,

429 1053 633 1102 ,,σκειν·“
688 1049 856 1091 εἰδυῖαν
892 1049 971 1104 μὲν
1006 1051 1078 1093 καὶ
1115 1049 1164 1094 τό
1206 1049 1341 1103 κάρτα
1370 1051 1508 1105 λέγειν
1536 1053 1688 1102 ταῦτα,

430 1116 702 1172 βουλομένην
732 1116 778 1159 δὲ
807 1118 847 1159 εἴ
873 1133 958 1167 κως
986 1115 1226 1172 ἀμφότεροι
1255 1119 1452 1171 γενοίατο
1482 1119 1688 1173 βασιλέες.

432 1184 549 1235 Τοὺς
579 1179 640 1227 ὦν
670 1181 722 1238 δὴ
752 1185 1126 1238 Λακεδαιμονίους
1155 1183 1379 1237 ἀπορέειν·
1421 1183 1746 1238 ἀπορέονταςθο

431 1253 502 1305 δὲ,
531 1251 711 1308 πέμπειν
740 1249 782 1302 ἐς
810 1250 1036 1308 Δελφούς,
1077 1251 1438 1307 ἐπειρησομένους
1466 1250 1493 1295 ὅ
1521 1268 1563 1295 τι
1579 1251 1688 1308 χρή-

426 1408 630 1465 Ἀργείην]
653 1413 757 1450 Haec
776 1413 928 1464 Argeia,
947 1427 1029 1451 ma-

372 1476 430 1507 ter
448 1469 695 1521 Eurysthenis
723 1482 766 1506 ac
786 1471 936 1518 Procli,
966 1484 1029 1508 so·-

372 1539 437 1562 ror
455 1526 527 1561 fuit
547 1524 700 1562 Therae
712 1554 721 1572 ,
753 1528 818 1577 qui
836 1534 939 1563 tutor
958 1528 1030 1564 fuit

370 1580 482 1618 huius
503 1582 699 1633 utriusque
713 1581 793 1619 filii.
850 1582 937 1620 Vid.
962 1584 1026 1631 IV,

373 1636 453 1677 147
482 1638 610 1688 ibique
630 1644 726 1674 nott.

427 1694 770 1743 Λακεδαιμονίους
783 1690 825 1732 δὲ
845 1690 937 1740 τούς
947 1691 1029 1734 τότε

371 1744 537 1797 ἐόντας]
579 1750 759 1786 Consulto
787 1751 921 1787 Noster
959 1751 1029 1787 ad-

374 1803 510 1842 didisse
530 1804 678 1842 videtur
696 1806 810 1842 verba
830 1804 922 1853 τούς
940 1803 1029 1846 τότε

370 1857 516 1908 ἐόντας,
537 1861 768 1898 indicaturus
786 1863 956 1899 Lacones
970 1864 1030 1900 vi-

371 1929 432 1953 ros
461 1918 563 1964 illos,
603 1919 775 1954 Hercuiis
805 1920 917 1969 stirpe
937 1932 1029 1970 pro-

371 1980 506 2023 gnatos
539 1974 617 2010 sive
657 1975 882 2024 Spartanos,
940 1988 1029 2012 cum

371 2030 571 2066 Laconum
598 2043 742 2067 nomen
775 2032 890 2081 vulgo
918 2033 1028 2068 latins

372 2093 499 2135 pateat
529 2098 760 2137 omnesque,
803 2089 868 2137 qui
901 2090 1028 2137 regio-

372 2154 464 2177 nem
484 2143 713 2179 Laconicam
728 2144 906 2189 incolant,
919 2157 1028 2180 com-

372 2196 597 2248 prehendat.
628 2220 678 2226 —
720 2200 814 2234 Mox
848 2198 935 2235 dedi
955 2200 1028 2250 βα-

375 2250 483 2292 σιλέα
498 2282 507 2299 ,
530 2252 726 2303 βασιλέες,
757 2254 938 2304 βασιλέας
959 2268 1027 2305 pro

374 2309 569 2360 βασιλῆα,
618 2310 802 2360 βασιλῆες
844 2318 882 2346 et
915 2312 1029 2361 βασι-

371 2366 485 2415 λῆας.

376 2435 379 2439 ·
432 2419 626 2471 ὁμοίων
664 2420 749 2460 καὶ
788 2421 916 2461 ἴσων
941 2419 1030 2461 ἐόν-

374 2478 480 2525 των]
512 2478 725 2530 Utrumque
761 2479 884 2525 iungit
917 2480 1030 2516 simili

378 2532 495 2570 modo
516 2534 663 2570 Aelian.
683 2535 730 2570 N.
752 2536 798 2571 A.
820 2537 884 2582 111,
910 2539 929 2575 1
952 2536 1029 2571 sre-

375 2591 554 2640 quentius
574 2589 845 2641 Thucydides,
876 2590 922 2627 de
953 2604 1028 2642 qno

374 2644 451 2682 vid.
470 2646 641 2697 Lennep.
663 2646 710 2682 ad
730 2646 1028 2698 Phalaridfflzpp.

375 2713 466 2751 pag.
486 2702 582 2742 294.
637 2702 786 2739 Monuit
817 2705 959 2741 lacobs.
980 2703 1029 2741 ad

372 2758 521 2795 Aelian.
544 2758 571 2795 l.
590 2757 617 2794 l.

428 2814 457 2868 ἢ
481 2817 547 2857 καὶ
565 2813 643 2864 πρό
667 2813 834 2867 τούτου]
865 2818 1027 2869 Perspe-

371 2875 429 2913 xit
457 2872 809 2925 Schweighaeuser.
836 2875 910 2912 loci
938 2888 1028 2913 sen-

1086 1412 1264 1451 tentiam:
1295 1412 1371 1451 Eos
1399 1414 1507 1461 enim,
1539 1413 1590 1450 ait
1617 1413 1744 1450 Hero-

1087 1470 1217 1518 dotus,
1249 1482 1324 1508 cum
1350 1470 1412 1507 lwc
1451 1470 1652 1519 dignoscere
1677 1482 1743 1506 non

1082 1530 1244 1577 possent,
1290 1526 1345 1563 vel
1387 1530 1474 1564 tum
1504 1526 1558 1563 vel
1595 1528 1744 1563 etiam

1086 1586 1232 1619 antea
1275 1583 1414 1634 (quum
1442 1582 1522 1619 scil.
1559 1583 1739 1633 puerulos

1085 1639 1334 1688 inspexissent
1364 1651 1435 1674 nec
1470 1650 1534 1675 eos
1562 1638 1742 1688 distingui

1085 1707 1193 1744 posse
1209 1695 1498 1743 intellexissent)
1509 1697 1742 1742 interrogasse

1085 1754 1241 1787 matrem.
1283 1751 1381 1786 Cum
1400 1749 1536 1786 eodem
1557 1749 1740 1799 Schwgh.

1087 1813 1123 1842 et
1143 1806 1259 1842 Gaisf.
1279 1808 1464 1842 maiorem
1484 1808 1593 1857 posui
1607 1806 1741 1843 distin-

1087 1864 1254 1898 ctionem
1310 1869 1396 1912 post
1451 1859 1740 1913 διαγινώσκειν,

1087 1931 1183 1970 quae
1203 1926 1413 1969 sequuntur
1430 1919 1545 1955 verba
1562 1931 1652 1956 cum
1673 1930 1744 1955 eo-

1087 1978 1176 2011 dem
1197 1974 1414 2024 Schweigh.
1437 1982 1473 2011 et
1487 1974 1676 2012 Larchero
1687 1976 1742 2012 sio

1084 2032 1354 2080 interpretans:
1383 2031 1493 2078 „haec
1513 2044 1594 2068 vero
1617 2030 1742 2081 (ταῦ-

1084 2088 1159 2136 τα)
1190 2099 1264 2123 eam
1284 2087 1439 2133 dixisse,
1469 2089 1632 2124 scientem
1659 2088 1742 2137 qm*-
1792 2109 1802 2130 ρ

1084 2141 1163 2179 clem
1184 2155 1286 2191 quam
1305 2147 1453 2179 numme
1476 2141 1549 2192 (τό
1577 2139 1700 2195 κάρτα
1713 2147 1741 2192 ),

1085 2197 1177 2250 quid
1186 2200 1239 2234 rei
1259 2206 1365 2246 esset,
1379 2201 1535 2250 quinam
1554 2201 1632 2238 scil.
1653 2211 1741 2236 ma-

1084 2256 1142 2291 ior
1163 2262 1256 2290 esset
1276 2262 1379 2302 natu,
1401 2256 1460 2292 sed
1475 2258 1674 2304 cupientem,
1698 2259 1739 2292 ut

1085 2315 1226 2359 uterque
1237 2312 1341 2361 steret
1355 2324 1422 2347 rex.
1452 2312 1619 2359 Addam,
1640 2324 1740 2363 quae

1088 2366 1135 2402 de
1155 2367 1192 2402 li.
1211 2367 1236 2403 l.
1259 2367 1451 2418 adscripsit
1471 2367 1736 2405 A.Mattlnae:

1084 2425 1226 2470 „Recte
1237 2422 1454 2473 Schweigh.
1474 2431 1606 2461 monet
1624 2425 1739 2461 verba

1085 2479 1210 2530 λέγειν
1246 2483 1368 2518 ταῦτα
1397 2493 1476 2516 non
1514 2479 1681 2531 pendere
1715 2493 1738 2516 e

1084 2536 1200 2571 verbo
1221 2535 1372 2574 εἰδυῖαν
1390 2536 1642 2588 (quamquam
1658 2538 1739 2574 ηουί

1086 2592 1146 2628 lwc
1165 2592 1278 2628 dicere
1306 2591 1345 2628 id
1367 2600 1420 2629 est
1434 2605 1594 2642 possum,
1634 2600 1736 2630 recte

1087 2647 1271 2685 diceretur
1281 2645 1370 2687 οἶδα
1381 2652 1498 2688 τοῦτο
1509 2649 1646 2701 λέγειν,
1656 2662 1735 2686 non

1084 2703 1247 2756 λέγων),
1275 2704 1341 2741 sed
1362 2706 1489 2742 referri
1509 2706 1557 2742 ad
1576 2719 1734 2757 praece-

1086 2760 1177 2796 dens
1190 2757 1328 2810 φάναι,
1338 2768 1379 2798 ut
1399 2762 1611 2800 Herodotus
1621 2774 1734 2812 saepe
1779 2797 1787 2804 ,

1084 2819 1241 2867 repetit,
1307 2830 1405 2869 quae
1445 2824 1736 2869 praecesserant.

1084 2873 1202 2927 Seqq.
1231 2872 1481 2927 βουλομένην
1511 2875 1555 2917 δὲ
1583 2875 1622 2917 ἐἴ
1653 2887 1734 2921 κως

1881 482 1883 494 ι

1828 499 1840 517 ἱ
1881 511 1883 515 ,

1879 2842 1883 2860 J
