1897 3340
421 176 1073 216 TERPSICHORE.
1134 176 1178 212 V.

1354 180 1431 218 141

174 289 282 331 τέων
310 292 364 344 τῇ
392 286 508 342 χαίρῃ
539 286 757 328 λείπουσι·
799 284 843 326 οἱ
871 282 917 327 δὲ
947 282 1179 339 ἱπποβόται
1209 282 1435 327 ἐκαλέοντο

145 358 224 399 4οῑ
263 357 411 410 παχέες
439 357 528 395 τῶν
559 350 827 394 Χαλκιδέων.

895 350 1029 402 ὅσους
1071 351 1116 395 δὲ
1155 352 1230 394 καὶ
1267 350 1437 394 τούτων

173 422 439 478 ἐζώγρησαν,
478 419 567 473 ἅμα
605 425 718 463 τοῖσι
754 422 964 462 Βοιωτῶν
1003 419 1337 475 ἐζωγρημένοισι
1374 416 1437 462 εἷ-

173 507 252 546 χον
280 489 327 532 ἐν
356 491 556 542 φυλακῇ,
583 487 630 530 ἐν
658 488 809 537 πέδαις
835 486 1066 542 δήσαντες·
1105 487 1249 544 χρόνῳ
1269 487 1315 530 δὲ
1346 487 1436 529 ἔλυ-
1447 492 1494 526 20

146 556 258 601 ,ἦσαν
287 568 443 610 σφεας,
475 556 660 609 διμνέως
689 554 1079 610 ἀποτιμησάμενοι.
1120 555 1198 606 τας
1228 554 1275 598 δὲ
1303 553 1438 603 πέδας

174 623 331 675 αὐτῶν,
364 624 410 666 ἐν
439 626 536 680 τῇσι
566 622 776 673 ἐδεδέατο,
807 620 1106 679 ἀνεκρέμασαν
1127 623 1169 674 ἐς
1196 623 1276 678 τὴν
1307 620 1437 677 οέκρό-

172 696 322 735 πολιν·
365 692 492 746 αἴπερ
524 690 583 734 ἔτι
604 691 678 734 καὶ
715 691 757 742 ἐς
789 690 860 746 ἐμὲ
890 687 1002 747 ἦσαν
1031 695 1304 747 περιεοῦσαι,
1342 706 1435 745 κρε-

113 865 194 902 miv
215 870 251 900 et
270 861 423 904 τούτων
435 863 523 902 dedi
534 878 602 917 pro
620 861 773 905 αὐτέων

115 928 151 957 et
171 920 354 961 τουτέων.

172 977 214 1017 οἱ
238 976 280 1016 δὲ
310 976 527 1030 ἱπποβόται
565 977 772 1018 ἐκαλέοντο

116 1033 158 1073 οἱ
202 1033 342 1085 παχέες
382 1039 463 1074 τῶν
512 1034 770 1084 Χαλκιδέων]

114 1091 334 1142 „Equidem
362 1106 443 1130 non
472 1094 607 1143 opinor
639 1094 691 1129 sio
725 1094 772 1129 ab

113 1148 307 1186 Herodoto
318 1151 483 1201 potuisse
492 1151 602 1186 scribi
614 1163 623 1197 3
636 1149 702 1186 sed
714 1163 775 1186 ar·-

114 1206 230 1242 ticulo
246 1208 384 1244 omisso
410 1207 504 1245 ἱππ
517 1221 536 1245 0
550 1203 695 1258 βόται
723 1207 745 1245 δ
759 1204 775 1245 ὲ

111 1261 216 1301 ἐκαλ.
238 1263 280 1302 οἵ
293 1279 384 1314 παχ.
405 1265 485 1302 τῶν
500 1263 773 1302 Χαλκιδέων.“

122 1319 334 1357 Valcken.
402 1321 507 1365 Quae
556 1320 772 1356 emendatio

114 1375 294 1413 audacior
331 1383 368 1413 et
409 1390 430 1413 a
466 1378 632 1427 vestigiis
667 1391 770 1413 nunc

112 1434 258 1483 vulgati
277 1440 403 1470 textus
423 1434 575 1484 longius
595 1433 773 1470 recedere

112 1489 264 1527 videtur
293 1492 468 1540 Hoegero
496 1492 547 1527 ita
569 1489 606 1526 h.
629 1491 654 1526 l.
677 1503 772 1527 oon—

112 1547 282 1583 stituenti
312 1544 375 1593 οῗς
413 1544 465 1586 δὲ
505 1543 770 1598 [ἱπποβόται]

111 1602 317 1643 ἐκαλέοντο
337 1603 379 1643 οἰ
402 1602 544 1655 παχέες
560 1606 640 1642 τῶν
664 1606 772 1642 Χαλ-

110 1658 276 1708 κιδέων,
307 1662 358 1697 ita
387 1667 429 1697 ut
456 1673 534 1698 vox
556 1657 773 1712 ἱπποβόται

111 1730 161 1753 ex
189 1716 333 1755 scholio
356 1718 394 1753 in
413 1724 563 1755 textum
582 1718 772 1769 irrepsisse

111 1775 357 1811 existimetur.
415 1774 502 1812 Vid.
537 1776 641 1812 Aott.
685 1774 771 1825 phi-

111 1831 190 1867 loll.
218 1833 393 1869 Monacc.
412 1833 466 1868 III
489 1846 526 1883 p.
550 1830 644 1872 495.
674 1831 771 1868 Mihi

111 1888 265 1938 vulgata
286 1896 474 1939 praestare
495 1887 656 1926 videtur.

168 1943 210 1984 ἐν
231 1943 370 1992 πέδαις
391 1942 608 1996 δήσαντες]
632 1945 674 1984 ἐν
701 1943 771 1984 πέ-

112 2001 200 2048 δαις
220 2015 289 2054 pro
309 2004 414 2053 vulg.
438 2002 476 2050 ἐς
494 2001 616 2049 πέδας
638 2003 769 2040 esan--

111 2059 221 2095 crofti
246 2060 342 2096 libro
378 2061 529 2112 alioque
551 2058 636 2096 cod.
657 2072 773 2110 repo-

110 2116 168 2151 sui
198 2129 289 2152 cum
318 2115 453 2154 Matth,
475 2124 512 2153 et
549 2115 772 2154 Schaefero.

111 2173 211 2209 Hinc
231 2180 334 2210 recte
351 2187 448 2210 mox
467 2172 515 2213 ἐν
536 2189 556 2212 τ
571 2175 601 2228 ᾖ
614 2186 636 2212 σ
648 2189 661 2213 ι
689 2173 771 2214 ἔδε-

112 2227 239 2277 δέατο,
269 2237 312 2267 ut
330 2232 360 2278 I,
382 2233 447 2278 66,
468 2231 534 2267 ubi
555 2230 655 2268 conf.
676 2237 772 2267 nott.
816 2256 821 2260 -

110 2286 195 2336 Ipsa
214 2300 304 2324 vero
325 2285 419 2324 haec
446 2288 599 2325 vincula
627 2289 666 2324 in
687 2300 773 2326 arce

111 2341 225 2379 fuisse
243 2357 423 2394 suspensa
444 2343 575 2382 Schol.
598 2343 772 2382 Aristidis

113 2397 226 2436 tradit
246 2414 360 2451 supra
377 2400 481 2438 laud.
503 2424 559 2428 —-
588 2400 651 2438 Ad
673 2401 772 2439 dati-

113 2467 207 2492 vum
226 2452 351 2511 χρόνῴ
382 2458 483 2495 conf.
503 2459 570 2505 ΠΙ,
594 2461 658 2499 13.

172 2511 339 2562 διμνέως
351 2509 713 2566 ἀποτιμησάμενοι]
745 2517 771 2554 i.

117 2578 150 2603 e.
179 2580 233 2605 eos
251 2569 456 2608 dimiserunt
482 2572 572 2609 binis
590 2574 692 2608 minis
709 2585 773 2609 ae-

118 2624 276 2662 stimatos
284 2628 536 2665 s.redemtz·0m·s
545 2631 657 2678 pretio
670 2629 773 2666 bina-

116 2690 194 2716 rum
212 2684 382 2722 minarum
402 2686 437 2722 in
467 2685 628 2733 singulos
646 2688 776 2722 consti-

117 2737 205 2773 tuto.
244 2737 410 2788 διμνέως
448 2742 573 2791 plures
612 2741 777 2778 afferunt

117 2790 243 2841 codd„
264 2794 365 2832 uude
376 2798 513 2835 Pollux
526 2800 594 2846 IX,
615 2798 669 2840 65
688 2800 778 2836 citat

832 865 994 917 δίμνως.
1018 868 1104 903 Duo
1117 866 1204 903 libri
1219 865 1418 916 διμναίας,
1440 865 1493 903 ita

830 930 874 959 ut
910 922 1276 974 Schweighaeusero
1314 922 1494 959 Herodo-

830 987 890 1017 tus
910 982 1100 1032 scripsisse
1129 980 1305 1017 videatur
1336 980 1492 1030 διμναί-

833 1052 917 1084 ους.
947 1039 999 1074 At
1019 1045 1060 1075 tu
1079 1036 1156 1074 vid.
1178 1035 1314 1073 matth.
1336 1038 1401 1075 Gr.
1425 1037 1493 1073 Gr.

830 1107 917 1145 pag.
941 1097 1038 1136 268.
1097 1093 1212 1145 Apud
1234 1094 1494 1130 Themistium

830 1164 870 1201 p.
910 1153 992 1191 290
1034 1151 1076 1188 C.
1116 1152 1183 1202 (p.
1214 1151 1308 1199 551,
1335 1150 1397 1191 15.
1429 1153 1493 1190 16.

829 1206 1024 1257 Dindorf.)
1058 1215 1180 1245 exstat
1219 1208 1429 1258 διμνααῖος
1458 1214 1495 1243 et

830 1268 1012 1315 μνααῖος.
1069 1264 1132 1301 Ad
1151 1266 1273 1315 ipsam
1292 1277 1375 1300 rem
1395 1265 1494 1300 bene

827 1328 961 1358 monet
989 1322 1223 1371 VVesseling.
1255 1334 1304 1358 ex
1347 1320 1493 1358 Herod.

830 1379 895 1425 Vi,
918 1381 972 1418 79
995 1379 1102 1415 binas
1122 1380 1246 1414 minas
1256 1377 1359 1429 apud
1372 1379 1493 1415 Grae-

830 1448 894 1471 cos
914 1435 1085 1471 solemne
1106 1436 1146 1471 in
1175 1436 1343 1485 singulos
1372 1436 1494 1485 capti—

829 1504 896 1528 vos
918 1490 1163 1528 redemtionis
1184 1493 1350 1542 pretium
1366 1492 1494 1528 fuisse.

828 1547 891 1584 Ad
911 1555 1080 1586 nostram
1100 1556 1298 1585 monetam
1328 1550 1358 1585 si
1378 1561 1494 1585 revo-

830 1606 945 1652 caris,
995 1619 1015 1641 e
1066 1607 1241 1643 VVurmii
1286 1606 1495 1642 rationibus

830 1669 941 1698 erunt
963 1664 1014 1702 86
1028 1662 1164 1699 floreni
1181 1662 1235 1703 52
1257 1664 1399 1713 crucig.
1415 1664 1495 1699 sive

827 1718 881 1759 48
912 1717 1057 1756 Thaler
1079 1722 1103 1760 6
1131 1721 1258 1756 Gross.
1290 1720 1435 1756 Saxon.
1458 1720 1493 1754 A

825 1776 942 1812 Fabio
963 1777 1146 1824 Maximo,
1166 1783 1210 1813 ut
1228 1775 1302 1813 hoc
1338 1775 1490 1824 addam,

826 1834 1020 1870 Romanos
1041 1834 1087 1869 ab
1118 1834 1332 1870 Hannibale
1361 1840 1491 1884 captos

827 1889 1052 1937 redimente,
1078 1889 1265 1926 dabantur
1280 1891 1320 1926 in
1340 1890 1490 1940 singula

829 1948 970 1997 capita,
993 1953 1087 1983 teste
1108 1945 1314 1984 Plutarcho
1336 1948 1373 1982 in
1386 1947 1492 1983 Fabii

829 2004 903 2040 Vit.
934 2017 1016 2054 cap.
1049 2006 1074 2043 7
1106 2004 1277 2041 ducentae
1315 2006 1492 2054 quinqua-

827 2062 934 2109 ginta
956 2059 1181 2108 drachmae3
1214 2074 1311 2113 quae
1340 2074 1493 2098 summa

829 2116 979 2154 excedit
1000 2131 1085 2154 eam
1100 2148 1109 2166 ‚
1131 2131 1229 2170 quae
1255 2117 1357 2169 apud
1371 2119 1494 2155 Grae-

829 2188 892 2212 cos
913 2175 1094 2223 invaluit,
1117 2174 1275 2212 dimidio
1296 2176 1436 2213 minae.

886 2226 1158 2284 ἀνεκρέμασαν
1187 2231 1227 2279 ἐς
1262 2229 1336 2283 τήν
1375 2227 1492 2283 οἷκρό-

827 2289 970 2338 πολιν]
1020 2290 1078 2325 De
1117 2290 1395 2340 praepositione
1436 2288 1493 2335 εἰς

828 2344 919 2382 huic
957 2347 1074 2383 verbo
1115 2345 1243 2383 addita
1270 2359 1349 2383 non
1384 2346 1492 2382 aliter

831 2409 945 2454 atque
976 2403 1100 2439 verbis
1120 2407 1300 2451 κεῖσθαι,
1328 2401 1493 2449 καθέζε-

832 2463 948 2506 σθαι,
970 2460 1049 2496 aliis
1071 2460 1171 2497 cons.
1187 2458 1324 2497 Matth.
1346 2461 1412 2497 Gr.
1426 2460 1493 2496 Gr.

830 2528 920 2567 pag.
950 2518 1057 2557 1142
1080 2530 1159 2569 seq.
1223 2517 1326 2553 Infra
1352 2517 1408 2563 V,
1440 2514 1493 2556 95
1531 2547 1534 2553 ,

832 2568 1105 2624 ἀνεκρέμασαν
1135 2570 1265 2625 πρὸς
1294 2570 1346 2613 τὸ
1372 2568 1493 2622 ’Λθή-

831 2644 961 2668 ναιον.
1028 2629 1091 2667 Ad
1128 2631 1337 2667 formulam
1376 2628 1491 2677 αἵπερ

833 2685 889 2725 ἔτι
917 2684 984 2724 καὶ
1017 2685 1055 2732 ἐς
1082 2684 1148 2737 ἐμὲ
1177 2680 1282 2737 ἦσαν
1312 2685 1383 2737 (ita
1404 2683 1499 2721 dedi-

832 2755 902 2793 pro
934 2741 1054 2791 ἔσαν)
1086 2745 1315 2794 περιεοῦσαι
1355 2740 1492 2778 similia

834 2798 1025 2851 quaedam
1046 2801 1225 2838 excitavit
1238 2796 1424 2837 Valcken.
1443 2808 1492 2832 ex
