1897 3340
401 222 1058 266 TERPSICHORE.
1116 222 1161 258 V.

1335 224 1417 262 169

155 335 533 392 μεταπεμψάμενοι
570 333 643 377 καὶ
691 334 778 375 τῶν
817 329 962 375 ἄλλων
1007 328 1246 386 συμμάχων
1295 326 1417 384 ἄγγε’-

154 410 278 458 λους,
320 402 465 458 ἔλεγόν
500 413 580 456 σφι
609 403 883 456 Σπαρτιῆται
914 397 1042 442 τάδε’
1085 397 1281 451 ,ζἈνδρες
1313 395 1417 452 σύμ-

156 488 341 529 ,,μαχοι,
384 468 741 525 συγγινώσκομεν
782 467 952 511 αὐτοῖσι
993 464 1097 522 ἡμῖν
1128 463 1180 508 οὐ
1210 464 1418 522 ποιήσασι

126 540 346 595 3,,ὀρθῶς.
389 537 651 592 ἐπαρθέντες
670 535 757 592 γάρ
778 534 1022 592 κιβδήλοισι
1053 535 1315 589 μαντηΐοισι,
1349 532 1474 577 (ἵν-45

155 610 290 661 ,,δρας
323 606 490 656 ξείνους
521 604 671 655 ἐόντας
701 601 807 660 ἡμῖν
833 602 887 645 τὰ
917 601 1124 658 μάλιστα,
1157 602 1230 645 καὶ
1268 600 1418 644 ἄναδε·

154 675 392 732 ,,κομένους
416 671 668 729 ὑποχειρίας
695 671 895 725 παρέξειν
912 670 990 721 τοὶς
1004 668 1203 725 Ἀθήνας,
1234 671 1421 721 τούτους

153 743 226 797 „gu
253 745 330 798 τῆς
359 742 566 796 πατρίδος
597 739 883 797 ἐξηλάσαμεν,
916 739 989 781 καὶ
1019 738 1176 789 ἔπειτα,
1210 739 1420 795 ποιήσαν-

152 825 248 864 ,,τες
276 812 434 862 ταῦτα,
475 809 596 867 δήμῳ
627 810 843 865 α’χαρίστῳ
882 807 1195 864 παρεδώκαμεν
1231 807 1311 862 τήν
1345 805 1477 850 nti-50

151 880 270 926 ,,λιν·
311 875 360 928 ὃς
400 876 492 920 ἐπεί
529 894 572 920 τε
611 874 673 921 δι’
704 875 838 932 ἡμέας
871 877 1188 931 ἐλευθερωθεὶς
1216 873 1420 926 ἀνέκυψε,

147 943 311 1001 ,,ἡμέας
340 943 418 1001 μὲν
450 947 523 989 καὶ
551 945 629 989 τὸν
659 945 841 1002 βασιλέα
865 942 1011 1001 ἡμέων
1031 946 1320 1002 περιυβρίσας
1339 942 1420 996 ἐξέ-

94 1149 152 1180 ret
193 1140 418 1194 κατέφυγον
435 1169 447 1185 ,
497 1139 602 1193 quorl
642 1143 759 1179 etiam

96 1197 460 1250 Schweighaeusero
505 1211 584 1235 non
626 1198 760 1250 displi-

95 1257 186 1294 cuit.
227 1255 306 1294 Sed
327 1254 439 1293 codd.
460 1268 540 1292 non
561 1254 759 1293 addicunt.

153 1309 506 1364 μεταπεμψάμενοι
557 1311 625 1350 καὶ
680 1314 760 1351 τῶν

99 1365 230 1408 ἄλλων
273 1366 490 1420 συμμάχων
543 1364 756 1420 ἀγγέλους]

99 1422 329 1476 συμμάχους
347 1427 426 1463 sive
448 1425 692 1474 συμμαχίαν,
719 1432 763 1462 ut

99 1483 209 1528 alibi,
253 1483 413 1533 Spartae
442 1482 621 1531 intelligit
639 1483 760 1519 socios

95 1539 233 1576 liberos
254 1547 368 1590 atque
389 1533 637 1587 αὐτονόμους
650 1566 665 1582 ,
694 1539 760 1590 qui

96 1608 166 1646 pro
186 1595 349 1632 foederis
369 1596 499 1631 Dorici
518 1596 665 1630 ratione
679 1624 688 1641 ,
710 1594 758 1631 de

97 1665 172 1704 qua
181 1652 280 1688 bene
292 1652 468 1703 exposuit
478 1649 756 1689 Wachsmuth.

96 1709 246 1745 Hellen.
267 1706 547 1745 Alterthumsk.
567 1709 597 1753 Ι,
619 1712 646 1749 2
667 1721 755 1759 pag.

101 1768 178 1806 113
199 1778 278 1817 seq.
302 1768 381 1807 129
408 1778 488 1817 seq.
519 1765 604 1814 (ubi
622 1766 758 1816 singu-

96 1823 156 1859 lae
177 1820 288 1859 huius
299 1823 458 1859 civitatis
478 1829 609 1872 gentes
622 1835 759 1858 recen-

97 1879 246 1929 sentur)
277 1880 364 1919 coll.
386 1880 548 1915 Kortiim
568 1880 760 1930 Beytra'ge

97 1949 132 1973 z.
145 1934 362 1973 Geschicht.
376 1934 413 1972 d.
425 1934 567 1972 hellen.
589 1942 660 1972 etc.
671 1948 761 1986 pag.

100 1995 150 2033 31
174 2005 280 2045 seqq.
300 1991 355 2033 44
384 2005 504 2044 seqq.,
533 1994 592 2029 sui
610 2005 763 2043 prorsus

101 2057 209 2086 erant
242 2051 346 2087 iuris.
403 2051 538 2101 Neque
579 2051 684 2085 enim
721 2047 763 2085 hi

100 2107 212 2154 socii,
254 2113 298 2144 ut
333 2104 628 2143 Atheniensium
656 2107 760 2153 socii,

102 2163 290 2200 tributarii
304 2163 426 2199 ferme
446 2164 602 2200 fuerunt
623 2170 687 2200 aut
701 2161 763 2199 di·-

102 2225 164 2256 cto
194 2219 390 2257 audientes
421 2220 615 2271 Spartanis
643 2221 683 2256 in
715 2221 760 2257 iis

100 2276 212 2313 rebus
225 2305 235 2325 ,
266 2290 363 2328 quae
383 2276 432 2314 ad
451 2290 561 2314 suam
588 2278 760 2328 ipsorum

101 2333 293 2370 civitatem
304 2335 547 2384 pertinerent,
567 2335 679 2370 unice
692 2346 760 2370 co-

102 2390 175 2425 acti
214 2389 261 2427 ad
299 2390 525 2441 praestanda
555 2389 759 2442 quaedam,

101 2444 245 2482 bellum
264 2447 295 2483 si
315 2454 493 2484 exortum
513 2454 620 2484 esset.
669 2447 762 2485 Sin-

105 2502 186 2551 guli
240 2504 477 2553 singularum
543 2505 738 2541 civitatum
752 2533 762 2552 ,

107 2569 204 2608 quae
237 2557 327 2596 huic
366 2559 514 2597 foederi
553 2560 762 2611 adscriptae

109 2621 225 2662 erant,
245 2616 361 2666 legati
390 2617 569 2667 Spartam
598 2618 764 2654 aliumve

108 2670 148 2705 in
173 2670 322 2720 locum,
353 2685 374 2709 a
396 2673 608 2723 Spartanis,
647 2687 763 2723 penes

109 2737 204 2775 quos
222 2729 458 2766 convocandi
484 2731 542 2766 ius
561 2730 674 2766 fuisse
703 2731 764 2767 vi-

109 2780 219 2818 detur
235 2811 244 2829 ,
294 2784 502 2822 indicatum
538 2799 762 2834 convenere,

110 2836 156 2874 de
177 2838 287 2875 rebus
314 2842 579 2879 communibus
609 2843 764 2879 consul-

816 1143 929 1179 taturi
939 1143 1066 1194 prouti
1076 1156 1133 1180 res
1144 1143 1229 1180 tulit
1239 1156 1248 1191 3
1270 1155 1340 1179 nec
1363 1141 1475 1178 aliam

815 1199 895 1235 fere
928 1200 967 1235 in
989 1198 1063 1236 1100
1099 1207 1210 1237 coetu
1241 1201 1477 1250 praerogati-

815 1268 906 1292 vam
936 1254 1111 1293 habuisse
1151 1256 1327 1294 videntur
1356 1256 1477 1306 Spar-

814 1313 920 1359 tani,
951 1314 1023 1349 nisi
1049 1312 1151 1365 quod
1181 1315 1281 1350 iuter
1309 1314 1476 1349 civitates

816 1381 938 1420 aeque
995 1370 1131 1408 liberas
1189 1368 1475 1407 confoederatas

816 1427 1029 1477 principem
1077 1427 1292 1464 obtinerent
1330 1426 1473 1465 locum.

817 1482 875 1519 Cf.
897 1481 1084 1547 Thucy.d
1100 1485 1130 1531 I,
1148 1487 1215 1525 67.
1228 1505 1284 1511 —
1303 1482 1367 1519 Ad
1386 1496 1476 1520 ver-

815 1539 864 1575 ba
914 1551 1236 1591 συγγινωσκομεν
1295 1535 1478 1578 αὐτοῖσιν

814 1593 914 1644 ’ἡμῖν
939 1592 987 1634 ου’
998 1609 1191 1647 ποιησασι
1216 1596 1317 1634 conf.
1339 1594 1476 1632 Matth.

815 1653 882 1688 Gr.
903 1653 970 1690 Gr.
992 1665 1081 1704 pag.
1101 1656 1208 1694 1076
1233 1661 1271 1690 et
1291 1652 1340 1689 ad
1359 1653 1476 1690 verba

812 1707 1053 1761 ἐπαρθέντες
1081 1706 1307 1761 κιβδήλοισι
1327 1726 1478 1761 μαντη-

814 1766 911 1805 ΐοισι
929 1767 1030 1803 conf.
1051 1768 1081 1814 I,
1113 1770 1188 1813 663
1226 1767 1275 1804 de
1295 1780 1388 1804 voce
1411 1766 1478 1806 ἒπ-

815 1821 1005 1873 αρθέντες
1039 1824 1141 1862 conf.
1169 1826 1200 1872 Ι,
1233 1827 1301 1865 87.
1333 1824 1376 1872 V,
1409 1825 1477 1863 81.

815 1881 878 1928 VI,
904 1882 996 1920 132.

875 1990 942 2031 καὶ
973 1987 1290 2041 α’ναδεκομένους
1315 1990 1480 2042 ’ὑποχει-

820 2048 908 2100 ριάς
929 2048 1132 2101 παρέξειν]
1149 2049 1247 2086 Citat
1266 2048 1306 2086 h.
1327 2047 1479 2086 l.Tho-

817 2119 900 2143 mas
937 2107 1088 2157 Magist.
1127 2119 1216 2158 pag.
1258 2109 1340 2148 880
1380 2119 1409 2143 s.
1441 2120 1479 2143 v.

816 2161 1063 2214 ὑφίσταμαι,
1095 2176 1172 2215 quo
1205 2169 1480 2200 commonstrat

815 2220 1058 2257 Herodotum
1080 2219 1218 2257 eodem
1237 2233 1371 2267 sensu,
1401 2232 1479 2272 quo

814 2275 1083 2328 ’ὑποδέχεσθαι
1110 2278 1175 2327 (II,
1201 2277 1322 2327 121),
1354 2275 1479 2314 dicere

817 2330 1112 2385 ἀναδέχεσθαι,
1170 2336 1207 2371 in
1245 2347 1280 2371 se
1317 2336 1479 2384 recipere,

810 2391 992 2442 polliceri,
1019 2392 1098 2438 etsi,
1118 2397 1301 2427 monente
1321 2389 1479 2428 Dukero

819 2446 867 2484 ad
898 2446 1120 2500 Thucydid.
1152 2447 1250 2495 VIII,
1281 2450 1346 2495 81,
1386 2445 1482 2483 illud

817 2505 902 2555 plus
941 2506 1040 2542 valet
1071 2518 1188 2556 quam
1215 2503 1303 2542 hoc.
1370 2503 1480 2541 Idem
1508 2554 1511 2559 ι

820 2562 988 2599 Graecus
1007 2562 1188 2612 Magister
1220 2567 1348 2598 tuetur
1376 2559 1480 2600 ’ὑπο-

820 2619 980 2683 χειρίας,
1020 2620 1128 2655 cuius
1166 2619 1250 2655 loco
1288 2617 1364 2654 duo
1394 2617 1480 2653 libri

819 2675 949 2725 scripti
996 2674 1161 2712 afferunt
1208 2672 1480 2724 ὑποχειρίους.

820 2732 941 2768 Paulo
961 2738 1047 2782 post
1067 2744 1201 2768 omnes
1230 2729 1342 2767 codd.
1365 2726 1478 2792 δήμῳ

821 2781 1040 2854 οἷχαρίστῳ,
1084 2788 1210 2824 nullus
1240 2787 1334 2823 liber
1365 2781 1478 2836 δήμῳ

820 2838 1003 2897 αχαρίτῳ.
1062 2845 1127 2881 Tu
1158 2844 1259 2880 conf.
1299 2847 1394 2878 nott.
1432 2838 1479 2876 ad
