1897 3340
14 2437 26 3340 ffl-———-—-——-——

651 184 953 224 ERATO.
1011 185 1083 221 VI.
1417 188 1500 228 237

221 297 347 352 πεζός
377 309 457 354 σφι
487 296 600 348 ἅπας
627 297 796 350 παρῆν,
836 293 1031 336 ἐνθαῦτα
1067 294 1110 336 οἱ
1142 292 1349 347 Περσέων
1369 304 1498 347 στρα-

230 367 376 423 τηγοὶ,
422 362 671 418 πυθόμενοι
718 360 767 405 τὸ
818 365 988 417 πλῆθος
1033 365 1123 404 τῶν
1167 359 1324 404 Ἰάδων
1369 363 1498 413 νεῶν,

227 432 574 490 καταρρώδησαν
602 428 661 486 μή
701 428 757 472 ου’
797 428 978 472 δυνατοὶ
1014 429 1227 483 γένωνται
1263 427 1498 485 ὑπερβαλέ-

230 507 354 554 σθαι,
384 499 457 544 καὶ
490 496 608 541 οὕτω
639 495 740 540 οὔτε
769 498 850 553 τήν
865 498 1066 552 Μίλητον
1094 493 1184 540 οἶοί
1211 512 1255 551 τε
1285 496 1386 540 ἔωσι
1416 497 1497 550 ἐξε-

227 574 337 620 λεῖν,
367 566 426 622 μὴ
454 563 537 609 οὐκ
567 564 710 616 ἐόντες
737 562 1056 619 ναυκράτορες,
1087 562 1195 619 πρός
1222 579 1267 607 τε
1296 565 1522 620 ΔαρείουῙ

200 633 548 681 Ξκινδυνεύσωσι
574 632 714 676 κακόν
743 649 783 676 τι
805 635 966 689 λαβεῖν.
1011 635 1160 675 Ταῦτα
1189 631 1497 689 ἐπιλεγόμενοι,

227 703 504 755 συλλέξαντες
541 704 632 744 τῶν
669 699 832 744 Ἰώνων
870 699 975 751 τούς
1016 700 1284 754 τυράννους,
1329 704 1373 745 οἳ
1410 700 1494 745 ὑπ’

223 768 640 826 Ἀρισταγόρεωμὲν
677 773 759 812 τοῦ
789 770 1014 825 Μιλησίου
1051 769 1367 820 καταλυθέντες
1406 772 1497 812 τῶν

224 837 394 895 ἀρχέων
423 837 611 894 ἔφευγον
632 835 675 887 ἐς
706 835 914 892 Μήδους,
946 835 1184 892 ἐτύγχανον
1214 838 1260 880 δὲ
1291 835 1388 879 τότε
1418 847 1494 879 συ-

227 905 562 961 στρατευόμενοι
600 903 668 948 ἐπι
705 905 786 961 τὴν
816 906 1042 960 Μίλητον,
1082 904 1252 948 τούτων
1288 908 1376 948 τῶν
1414 921 1486 947 αν·
1499 911 1522 946 5

225 976 347 1030 δρῶν
366 972 469 1026 τούς
488 972 732 1027 παρεόντας
753 973 1114 1029 συγκαλέσαντες,
1144 972 1291 1030 ελεγόν
1321 984 1401 1029 σφι
1421 990 1491 1016 τα-

199 1045 298 1087 δδε·
328 1076 351 1094 ,,
343 1041 522 1097 ’Ἁνδρες
539 1042 708 1092 Ἴωνες,
738 1045 824 1084 νῦν
852 1058 917 1092 τις
945 1038 1093 1096 ὑμέων
1122 1043 1169 1083 εὐ
1201 1039 1387 1096 ποιήσας
1413 1057 1493 1095 φα-

225 1109 368 1166 ,,νη’τω
396 1110 474 1153 τόν
504 1108 703 1166 βασιλέος
733 1107 880 1153 οἷκον·
926 1124 1030 1159 τους
1066 1125 1151 1164 γαρ
1183 1109 1353 1152 ἑωυτοῦ
1393 1108 1494 1151 ἕκα-

225 1190 356 1232 ,,στος
402 1177 551 1234 ὑμέων
599 1176 808 1233 πολιήτας
856 1174 1084 1230 πειράσθω
1123 1174 1365 1232 ἀποσχίζων
1403 1174 1490 1220 dud

197 1249 337 1300 4,,τοῦ
368 1249 527 1290 λοιποῦ
552 1247 841 1302 συμμαχικοῦ.

891 1243 1200 1300 προϊσχόμενοι
1230 1246 1274 1288 δὲ
1304 1245 1494 1300 έπαγγεί-
1507 1252 1550 1285 10

224 1319 386 1367 „nawa
415 1312 539 1369 τάδε,
571 1314 630 1366 ὦς
658 1313 883 1358 πείσονταί
912 1327 956 1355 τε
986 1311 1115 1368 ἄχαρι
1144 1311 1276 1356 οὐδὲν
1312 1311 1385 1356 διοὶ
1411 1312 1493 1370 τήν

406 1502 497 1552 cap.
518 1503 587 1540 IX.

221 1554 538 1609 ὑπερβαλέσθαι]
570 1560 594 1595 i.
619 1570 652 1594 e.
676 1558 827 1605 vincere,

166 1626 354 1664 superare,
383 1621 426 1651 ut
444 1616 490 1662 V,
516 1614 609 1655 124.
668 1613 732 1650 Ad
755 1627 828 1651 vo-

164 1683 252 1708 cem
278 1669 547 1725 ναυκράτορες
574 1671 677 1710 conf.
703 1671 749 1720 V,
772 1673 827 1712 36

164 1728 295 1780 ibique
315 1735 411 1766 nott.

221 1819 347 1856 ταῦτα
387 1814 682 1870 ἐπιλεγόμενοι]
722 1817 749 1855 i.
785 1831 820 1854 e.

166 1873 251 1911 haec
291 1886 404 1912 secum
441 1879 661 1925 reputantes,
708 1876 826 1912 animo

165 1935 357 1969 versantes.
400 1931 486 1968 Vid.
507 1932 552 1978 V,
574 1935 641 1972 30.
671 1933 736 1971 80.
760 1932 824 1979 VI,

164 1988 283 2085 {30ss
313 1990 349 2027 1.
378 1989 460 2038 vn,
480 1987 549 2029 47.
577 1987 631 2028 49
660 1987 727 2025 fin.
757 1987 825 2030 50.

221 2121 510 2169 καταλυθέντες
539 2125 621 2162 τῶν
652 2118 822 2175 οἷρχέων]

164 2178 191 2216 i.
212 2192 246 2216 e.
266 2182 408 2230 imperio
426 2192 566 2228 summa,
598 2181 724 2232 quoin
744 2181 826 2217 sin-

165 2236 264 2286 gulis
285 2238 428 2290 quique
446 2238 585 2274 Ionum
613 2238 826 2275 civitatibus

165 2294 275 2343 potiti
315 2300 422 2331 erant
437 2323 447 2341 ,
501 2296 665 2345 privati,
713 2295 825 2345 pulsi.

165 2348 352 2387 Valckeu.
383 2351 530 2388 confert
558 2352 622 2399 VI,
645 2353 716 2398 13,
737 2364 828 2388 mo·-

165 2418 260 2443 nens
281 2407 322 2443 in
347 2405 405 2444 his
425 2408 645 2475 frequenter
668 2407 742 2444 dici
761 2423 827 2446 τυ-

168 2463 357 2513 ραννίδος
378 2470 415 2500 et
442 2459 580 2532 ἀρχῆς
596 2460 826 2504 καταλυσιν.

166 2519 225 2555 De
253 2521 421 2570 genitivo
441 2523 522 2559 τῶν
555 2516 705 2573 αρχέων
737 2534 827 2558 mo—

166 2576 250 2612 nuit
253 2547 404 2614 12M.atth
438 2577 503 2614 Gr.
526 2578 592 2614 Gr.
612 2590 700 2628 pag.
726 2580 823 2619 668

167 2650 224 2658 —-
242 2632 336 2670 Mox
356 2632 444 2670 dedi
464 2629 616 2673 τούτων
644 2647 713 2684 pro
732 2648 827 2673 του-

167 2684 277 2735 τέων,
299 2701 448 2740 σφιΡτο
470 2703 566 2739 σφιν
588 2696 625 2726 et
645 2689 827 2741 βασιλέος

167 2754 236 2792 pro
257 2744 466 2798 βασιλῆος,
492 2746 750 2785 Gaisfordium
765 2760 827 2785 se-

167 2804 290 2836 cutus.

940 1498 1149 1553 πειρᾶσθω
1171 1496 1414 1551 οἷποσχίζων)
1436 1498 1549 1539 Conf-

882 1557 1019 1595 Matth.
1037 1559 1102 1594 Gr.
1119 1558 1184 1594 Gr.
1200 1570 1288 1608 pag.
1314 1559 1433 1597 1091.

939 1610 1228 1666 προϊσχόμενοι
1257 1613 1548 1666 ἐπαγγείλασθε

882 1667 1011 1720 τάδε]
1035 1673 1059 1708 i.
1086 1684 1118 1709 e.
1151 1671 1236 1708 haec
1254 1671 1329 1708 illis
1342 1683 1548 1720 proponen-

883 1731 935 1766 tes
945 1730 1140 1765 enunciate.
1155 1729 1212 1765 Ita
1232 1734 1332 1764 recte
1343 1725 1548 1777 Schweig-

881 1784 1013 1822 haeus.
1032 1786 1073 1821 in
1093 1787 1190 1822 Lex.
1211 1784 1370 1833 Herod„
1400 1784 1466 1820 ubi
1495 1783 1545 1820 cf.

881 1843 912 1890 1,
941 1845 981 1882 3.
1015 1841 1108 1881 141.
1128 1843 1194 1888 111,
1219 1844 1312 1881 137.
1384 1839 1447 1877 Ad
1483 1853 1546 1877 se-

883 1911 1004 1950 quens
1031 1899 1265 1935 vocabulum
1297 1893 1415 1948 ἄχαρι
1445 1896 1546 1934 conf.

880 1957 911 2003 Ι,
930 1953 998 1995 41.
1028 1955 1092 2003 IV,
1114 1954 1181 1995 95.
1211 1955 1294 2002 VII,
1315 1957 1383 1995 36.
1404 1953 1457 1994 50
1476 1953 1545 1992 fin.

885 2013 978 2051 138.
1015 2011 1117 2059 VIII,
1155 2014 1226 2059 13,
1266 2011 1333 2047 ubi
1373 2011 1547 2047 observat

880 2066 1067 2106 Valcken.
1089 2067 1278 2119 designari
1293 2066 1367 2104 hac
1384 2080 1477 2105 voce
1487 2068 1546 2104 le-

880 2125 1036 2162 nissima
1057 2125 1156 2163 diras
1177 2125 1419 2172 calamitates,
1447 2137 1543 2176 qua-

881 2182 935 2218 les
957 2183 1073 2218 etiam
1092 2181 1166 2219 hoc
1182 2183 1267 2219 loco
1282 2180 1443 2218 indicari
1458 2194 1547 2218 ma-

880 2239 1063 2276 nifestum
1083 2246 1150 2277 est.
1208 2241 1308 2276 Nam
1341 2239 1403 2276 vel
1437 2251 1546 2274 mor-

882 2302 981 2344 tem,
1030 2297 1092 2333 vel
1130 2297 1352 2334 servitutem
1391 2302 1546 2346 turpem

881 2354 1291 2405 transpositionemque
1300 2354 1340 2389 in
1351 2352 1440 2389 alias
1447 2354 1547 2389 Per-

881 2422 1010 2446 sarum
1037 2412 1145 2460 regui
1174 2411 1305 2461 plagas
1338 2421 1408 2460 pro
1436 2422 1546 2446 more

881 2466 964 2502 fieri
982 2468 1132 2504 solitam
1158 2468 1407 2504 minitantur:
1446 2478 1560 2518 quae1

884 2524 1014 2560 omnia
1035 2525 1189 2561 Graecis
1200 2523 1379 2561 libertatis
1396 2522 1546 2560 studio-

882 2580 1034 2617 sissimis
1053 2581 1200 2633 solique
1214 2580 1327 2632 patrii
1348 2580 1544 2616 tenacissi-

882 2638 956 2673 mis
975 2639 1146 2674 maxima
1172 2638 1275 2674 mala
1304 2637 1543 2687 minimeque

882 2693 1040 2730 ferenda
1058 2694 1180 2732 videri
1200 2693 1402 2731 debebant.
1461 2692 1542 2729 Vo-

883 2750 1011 2786 culam
1050 2765 1091 2790 τε
1130 2758 1215 2802 post
1245 2750 1451 2789 πείσονται
1480 2760 1542 2784 se-

882 2807 1087 2859 quentibus
1114 2808 1273 2858 iungere
1301 2805 1425 2856 placet
1454 2816 1543 2841 ver-
