1897 3340
644 191 676 226 E
696 190 730 226 R
748 190 784 225 A
807 188 844 224 T
865 187 908 225 O.
966 187 1041 224 VI.
1388 193 1470 232 329

16 283 23 327 Ῐ
79 305 144 349 73
306 298 409 344 Τότε
442 300 489 343 δὲ
533 296 592 349 ὦς
629 300 691 353 τῷ
729 295 963 350 Κλεομένεϊ
990 295 1205 351 εύωδώθη
1237 296 1285 338 τὸ
1325 296 1366 346 ἐς
1396 297 1472 340 τόν
1530 297 1664 324 ‘¹⁹⁰¹‘·'¹¹
1649 307 1693 324 ””
1719 299 1796 329 ¹¹⁸·

1528 329 1575 355 icc
1561 335 1607 355 cot
1627 331 1696 357 Dein
1721 336 1797 366 rato,

1529 371 1565 388 (ΙΙΙ
1571 371 1589 388 ἔὶ
1613 373 1679 390 cum
1706 373 1734 390 ΙΙ(
1736 374 1781 391 W)

212 367 476 422 Δημάρητον
507 368 695 421 πρῆγμα,
727 362 886 406 αὐτίκα
906 364 1171 419 παραλαβών
1196 365 1470 418 Λευτυχίδεα,
1529 404 1562 421 c
1547 396 1606 421 M„
1591 405 1647 431 g„
1668 399 1693 423 ᾖ
1714 401 1750 423 0
1696 307 1798 432 Ἆῤ.

1526 437 1594 454 nam
1623 439 1673 456 FOV
1688 431 1732 489 *rili
1737 436 1756 457 ΙΙ
1750 440 1783 457 nr

213 433 279 489 ἤιε
313 434 382 476 ἐπὶ
417 449 520 483 τους
557 430 815 487 Αἰγινήτας,
858 430 1004 474 δεινόν
1038 430 1134 474 τινά
1176 443 1255 485 σφι
1292 431 1470 486 ἔγκοτον
1529 463 1598 495 [c
1584 463 1655 498 '0·]
1677 439 1710 496 ξ

185 501 290 545 zoio}
324 500 400 544 τὸν
426 499 782 556 προπηλακισμόν
812 500 933 555 ἔχων.
976 499 1090 543 οὕτω
1122 500 1174 553 δὴ
1205 497 1305 542 οὔτε
1335 500 1378 542 οἱ
1399 500 1501 542 ΑΜ
1481 526 1517 539 4..
1507 504 1575 556 {ff
1572 504 1640 555 3“,“,”
1649 497 1801 568 cossss'rffl·

213 585 402 625 γινηται,
436 565 696 622 ἀμφοτέρων
723 571 811 610 τῶν
835 568 1048 623 βασιλέων
1073 566 1272 623 ἡκόντων
1293 563 1362 609 ἐπ’
1396 564 1471 608 αὐ·
1527 562 1580 623 ¹35}
1578 563 1777 622 zffisf'ffl'ggfl·

211 636 331 690 τούς,
366 635 581 679 ἐδικαίευν
601 635 662 679 ἔτι
692 635 980 692 ἀντιβαίνειν·
1012 636 1169 678 ἐκεῖνοί
1189 651 1252 688 τε,
1281 633 1469 686 ἐπιλεξα-
1526 629 1657 658 sunnam
1680 630 1783 657 “affl‘·

210 719 331 759 μενοι
352 702 514 758 ἄνδρας
535 703 638 746 δέκα
658 705 947 760 Αἰγινητέων,
978 704 1082 755 τούς
1099 705 1303 747 πλείστου
1322 700 1472 753 ἀξίους

210 771 284 815 καὶ
323 768 494 826 πλούτῳ
533 772 606 814 καὶ
643 772 779 827 γένεϊ,
823 768 934 828 ἦγον
975 772 1048 815 καὶ
1078 771 1260 822 ἄλλους,
1301 770 1375 813 καὶ
1419 769 1472 825 δὴ

210 840 283 883 καὶ
318 836 462 893 Κρῖόν
490 854 534 881 τε
563 838 641 882 τόν
674 842 976 893 Πολυκρίτου,
1017 840 1091 883 καὶ
1121 837 1366 893 Κάσαμβον
1394 836 1529 880 τόν30

209 904 582 961 Ἀριστοκράτεος,
615 908 736 964 οἵπερ
766 906 883 964 εἶχον
909 908 1111 964 μέγιστον
1144 906 1319 961 κράτος.
1371 904 1474 960 ἀγα-

182 973 368 1030 3γόντες
398 974 444 1018 δέ
476 986 611 1031 σφεας
641 975 683 1028 ἐς
719 980 802 1033 γῆν
840 975 917 1032 τὴν
949 974 1166 1030 Ἀττικὴν,
1208 972 1472 1029 παραθήκην

212 1044 528 1097 παρατίθενται
570 1043 612 1095 ἐς
649 1045 754 1097 τούς
791 1045 1019 1101 ἐχθίστους
1057 1041 1314 1099 Αἰγινήτῃσι
1348 1039 1470 1097 Ἀθη-

157 1217 221 1256 des
261 1217 406 1255 dirutae
438 1223 545 1263 sunt,
602 1218 814 1256 tenendum

156 1282 232 1322 est,
260 1273 359 1311 hanc
388 1286 554 1325 poenam
582 1273 815 1326 frequentius

156 1345 225 1384 per
253 1332 518 1383 antiquitatem
549 1334 703 1381 reperiri
723 1346 815 1384 pro-

161 1387 327 1426 ditorum
351 1400 393 1425 ao
427 1387 630 1425 maiestatis
650 1402 814 1438 reorum,

158 1451 220 1493 ut,
249 1446 320 1495 ipsi
340 1445 370 1481 si
402 1443 647 1494 effugissent,
679 1445 814 1484 domus

159 1508 400 1539 everteretur.
475 1501 532 1538 Cf.
563 1501 647 1537 Van
677 1503 815 1540 stave-

158 1571 225 1594 ren
253 1557 302 1594 ad
331 1557 480 1595 Cornel.
510 1558 647 1607 Nepot.
667 1561 813 1596 Hanni-

157 1615 232 1653 bal.
262 1617 287 1654 7
309 1617 344 1662 §.
367 1617 406 1654 7.
426 1635 481 1640 ——-
537 1615 582 1650 In
596 1627 700 1668 seqq.
722 1612 812 1667 206-

157 1686 215 1709 νω
245 1666 410 1720 ὕστερον
439 1670 659 1720 simpliciter
686 1674 808 1711 valet.

152 1731 295 1778 postea,
334 1729 470 1778 postero
498 1729 669 1777 tempore,
701 1737 744 1766 ut
762 1731 812 1778 ΙΙ,

161 1783 250 1826 154.
271 1784 334 1831 IV,
358 1785 450 1831 166,
470 1783 537 1819 ubi
556 1783 632 1821 vid.

345 1886 438 1939 cap.
459 1888 637 1925 Lxxm.

214 1947 432 2005 εὕωδώθη]
462 1957 520 1993 De
540 1968 698 1994 successu
720 1954 815 2005 fau—

158 2012 210 2045 sto
228 2012 282 2046 rei
296 2014 439 2063 accepit
468 2014 699 2062 VVesseling.
720 2025 816 2048 oon-

159 2066 280 2104 ferens
292 2068 473 2119 Sophocl.
496 2069 590 2108 Oed.
612 2070 694 2106 Col.
708 2069 814 2110 1500

159 2129 195 2158 et
214 2122 295 2164 487
318 2125 401 2174 (ubi
423 2122 498 2165 ουίι
516 2123 645 2166 ὄδωτοὶ
677 2124 723 2162 de
742 2138 814 2161 ne-

158 2180 287 2228 gostis,
320 2195 416 2234 quae
444 2184 586 2220 absolvi
604 2189 813 2234 nequeunt,

161 2231 233 2274 οὐκ
254 2233 437 2289 οἷνυστά).
463 2239 564 2277 Phil.
586 2239 669 2277 Iud.
689 2241 730 2276 iu
749 2240 814 2275 Io-

159 2290 264 2342 seph.
285 2308 323 2345 p.
345 2295 424 2336 548
441 2297 489 2336 Α.
547 2299 597 2334 Et
617 2296 748 2334 confer
766 2297 814 2333 sis

163 2360 316 2417 quqque
335 2352 398 2399 IV,
423 2354 514 2394 139.

223 2403 287 2455 ἤϊε
325 2405 388 2446 ἐπὶ
434 2407 527 2456 τούς
563 2406 781 2462 Αἰγινήτας
799 2410 817 2457 ]

166 2462 269 2499 Haec
285 2461 333 2499 ad
353 2476 397 2500 ea
415 2467 617 2514 pertinent,
638 2479 735 2518 quae
755 2466 819 2514 Vl,

168 2518 221 2558 50
250 2518 462 2557 traduntur.
519 2523 576 2557 De
596 2535 690 2558 voce
711 2521 819 2573 ἔγκο-

166 2588 231 2620 τος
259 2576 359 2616 conf.
388 2577 454 2625 ΙΙΙ,
485 2576 538 2618 59
568 2585 605 2614 et
633 2576 680 2614 de
701 2579 819 2628 parti-

170 2630 261 2667 culis
281 2629 485 2672 οὕτε-τε
504 2641 600 2670 nott.
622 2632 671 2670 ad
694 2635 758 2681 Vl,
783 2637 818 2673 1.

169 2685 346 2723 Formam
384 2688 582 2729 ἐδικαίευν
629 2690 735 2740 attigi
772 2689 819 2726 ad

169 2741 231 2787 Vl,
254 2742 326 2788 153
343 2742 389 2779 de
407 2746 488 2795 ipso
510 2746 624 2783 verbo
645 2746 820 2794 conf.VI,

170 2799 237 2837 86.
294 2799 351 2834 De
373 2799 452 2838 Grio
472 2803 571 2842 conf.
595 2802 658 2849 VI,
681 2802 734 2842 50
754 2801 820 2839 fin.

873 1220 1029 1255 —Mox
1050 1230 1139 1254 cum
1154 1222 1311 1252 recentt.
1324 1214 1411 1252 dedi
1425 1210 1529 1265 εἶχον

870 1289 940 1328 pro
963 1274 1093 1326 ε’σχον,
1115 1272 1219 1325 quod
1245 1271 1438 1310 Schaefer.
1470 1279 1530 1309 te-

870 1334 967 1370 nuit.
980 1353 1037 1359 —
1055 1329 1394 1368 Bekker.ret1‘nuit
1416 1327 1529 1380 ε’σχον

872 1387 957 1442 (pro
975 1384 1120 1439 εἶχον).

928 1440 1176 1496 παραθήκην
1213 1441 1529 1507 παρατίθενται]

869 1504 895 1541 i.
917 1517 950 1539 e.
982 1515 1066 1552 quos
1085 1500 1251 1538 abductos
1268 1501 1307 1535 in
1327 1502 1457 1535 terram
1467 1498 1530 1534 At-

870 1561 999 1605 ticam,
1030 1559 1135 1608 quasi
1153 1557 1360 1607 depositum,
1382 1554 1531 1591 tradunt

868 1615 1157 1661 Atheniensibus,
1189 1614 1252 1663 qui
1268 1612 1447 1660 Aeginetis
1463 1612 1532 1647 ini-

866 1673 1050 1710 miczssimi
1063 1643 1179 1721 suer’e.
1238 1668 1455 1705 Herodotea
1475 1668 1531 1703 oi-

866 1736 920 1766 tat
947 1727 1120 1766 Thomas
1146 1727 1249 1776 Mag.
1279 1739 1317 1776 p.
1338 1727 1420 1765 682
1439 1737 1518 1789 seq.
1523 1754 1532 1772 ‚

867 1786 934 1822 ubi
955 1791 1095 1821 monet
1116 1795 1236 1834 aeque
1249 1780 1323 1818 djci
1343 1775 1534 1832 παραθη-

870 1857 920 1893 κη
946 1849 983 1878 et
1007 1834 1330 1892 παρακαταθήκη
1360 1838 1530 1888 itemque

872 1898 1134 1951 παρατίθεται
1154 1902 1190 1932 et
1210 1894 1531 1946 παρακατατίθε-

871 1970 946 1994 ται.
1000 1955 1126 2005 Atque
1146 1951 1220 1989 hoc
1241 1949 1426 1987 Herodoti
1445 1951 1530 1987 loco

870 2010 1076 2058 Mediceus,
1097 2009 1351 2054 Florentinus,
1374 2008 1435 2043 alii
1454 2022 1532 2045 πα·-

871 2068 1110 2121 ρἀτίθενται,
1122 2065 1313 2104 Sancrofti
1328 2065 1422 2100 libe1
1442 2076 1531 2100 cum

870 2127 950 2162 aliis
969 2124 1235 2170 κατατίθεται,
1256 2120 1359 2158 unde
1373 2119 1531 2158 Ouden-

871 2181 1004 2232 dorpio
1033 2181 1194 2231 suspicio
1226 2185 1305 2215 orta
1328 2184 1408 2228 est,
1450 2179 1531 2213 He-

869 2238 1048 2276 1odotum
1077 2238 1204 2274 forsan
1234 2235 1372 2272 dixisse
1405 2248 1531 2285 παρα-

873 2293 1142 2335 κατατίθεται.
1198 2294 1275 2329 Nos
1307 2304 1397 2329 cum
1417 2291 1534 2328 Gaisf.

874 2353 1051 2390 meliores
1062 2349 1173 2388 codd.
1187 2349 1296 2402 sequi
1314 2349 1533 2384 maluimus.

874 2407 1061 2447 Valcken.
1099 2414 1229 2444 tuetur
1267 2405 1532 2451 κατατίθεται,

874 2464 933 2503 hjs
960 2466 1051 2502 locis
1086 2461 1310 2515 Thucydid.
1354 2461 1530 2498 adiectis·

873 2525 939 2571 ΠΙ,
960 2524 1027 2568 28,
1049 2523 1223 2561 72102.
1243 2519 1306 2566 IV,
1324 2517 1390 2559 57
1411 2509 1532 2565 V‚61.

875 2578 942 2622 84.
963 2579 1063 2624 VIII,
1097 2580 1135 2618 3.
1191 2578 1249 2613 De
1282 2588 1375 2612 voce
1407 2589 1534 2621 παρα-

875 2631 986 2686 θήκη
1017 2633 1122 2670 idem
1150 2633 1240 2670 citat
1267 2632 1335 2677 Vl,
1367 2634 1433 2672 86.
1463 2630 1531 2675 IX,

876 2689 930 2730 44
951 2691 1037 2727 coll.
1048 2691 1204 2737 V1,118
1226 2688 1310 2738 (ubi
1330 2688 1402 2724 alio
1422 2697 1533 2723 sensu

876 2746 1197 2796 κατατίθεσθαι).
1262 2745 1319 2780 De
1357 2756 1535 2792 παρακα-

877 2799 1038 2853 ταθήκη
1075 2809 1112 2839 et
1141 2798 1537 2852 παρακατατίθεσθαι
