1897 3340
412 242 497 284 552

411 350 516 402 τόξα
559 349 605 393 δὲ
642 350 883 394 παλίντονα
912 347 1029 407 εἶχον
1069 348 1178 404 πρὸς
1208 349 1349 403 δεξιοὶ,
1380 347 1540 405 μακρά.

820 241 1279 281 HERODOTI

1599 350 1677 394 Al-

408 419 564 468 θίοπες
585 417 631 461 δὲ
660 418 904 472 παρδαλέας
932 433 975 461 τε
1003 418 1078 461 καὶ
1106 417 1303 468 λεοντέας
1333 417 1579 473 ἐναμμένοι,
1610 416 1677 462 τό·

412 487 464 538 ξα
494 485 541 530 δὲ
571 483 687 540 εἶχον
716 484 764 527 ἐκ
793 486 996 541 φοίνικος
1025 483 1201 540 σπάθης
1222 485 1489 540 πεποιημένα
1518 484 1734 540 μακρὰ,7ο

409 551 711 608 τετραπηχέων
739 549 1010 596 οὐκέλάσσω·
1038 551 1110 596 ἐπὶ
1127 552 1187 606 δὲ,
1216 555 1480 609 καλαμίνους
1501 550 1678 604 ὀϊστούς

356 712 457 754 quae
497 701 610 737 etIam
638 699 830 736 invenitur
848 698 930 748 VII,
949 699 1017 750 75,

358 758 563 809 exponitur
582 758 623 793 iu
644 755 928 796 Gloss.He10d‚
959 758 1020 807 μί..

356 829 452 866 τρα,
486 813 641 861 ταινία,
688 807 887 863 διάδημα,
929 808 1021 863 ἱμα-

357 884 457 918 τιον,
503 866 631 919 ζώνη,
671 871 912 934 πορφυροῦν
957 867 1021 908 ἕν-

358 927 477 977 δνμα.
514 926 727 962 Timaeus
717 938 758 961 111
777 927 909 962 Lexio.
930 925 1022 961 Pla-

358 989 438 1021 ton.
468 996 508 1033 p.
541 984 642 1023 129:
676 982 819 1032 ζειραί·
858 984 1021 1032 χιτῶνες

359 1035 738 1088 οἷνακεκολλαμένοι,
777 1038 844 1074 ubi
884 1037 1021 1074 Ruhn-

358 1094 450 1133 ken.
483 1096 594 1131 scribi
626 1094 773 1131 mavult
805 1090 1022 1134 ἄνακεκολ-

359 1149 549 1201 πωμένοι,
571 1157 614 1187 ut
643 1153 781 1187 tunicae
800 1152 1018 1201 intelligan-

360 1216 422 1245 tur
453 1209 490 1244 in
517 1209 632 1244 sinum
650 1207 856 1257 replicatae.
913 1209 1020 1245 Alius

359 1265 631 1315 grammaticus
657 1270 882 1314 exposuerat
910 1263 1021 1304 ε’νδυ-

341 1316 417 1372 ’μᾶ
449 1335 510 1367 τι,
561 1317 584 1359 ὸ
619 1317 885 1360 ἒπενδύνοντο
926 1317 1021 1372 μετα

360 1392 456 1425 τους
471 1379 652 1427 χιτῶνας,
685 1372 816 1428 ω’σπερ
840 1376 1021 1428 ἐφεστρί-

362 1434 426 1472 δα.
456 1434 552 1470 Utut
580 1440 634 1470 est
647 1463 656 1481 ,
678 1431 715 1471 h.
735 1434 761 1470 l.
782 1435 944 1485 intelligi
964 1435 1024 1471 vi-

363 1489 474 1527 detur
512 1491 783 1527 vestimentum
819 1504 850 1528 s.
887 1503 1024 1541 sagum

364 1547 537 1597 amplum
550 1577 560 1595 ,
580 1547 732 1597 largum
752 1559 795 1584 ac
813 1548 1022 1595 sinuosum,

362 1604 515 1654 reliquis
555 1604 720 1640 vestibus
757 1605 836 1641 sive
873 1605 1024 1641 tunicae

362 1657 655 1710 superindutum
667 1666 704 1696 et
712 1660 864 1710 cingulo
875 1656 1025 1698 sursum

367 1715 577 1752 adductum
597 1715 646 1752 ad
666 1717 884 1753 facilitatem
900 1718 1024 1753 inces-

364 1784 440 1810 sus.
497 1772 603 1817 Quae
632 1771 768 1809 eadem
797 1780 851 1810 est
870 1780 1026 1811 senten-

366 1830 417 1866 tia
439 1829 538 1865 Galli
559 1830 784 1880 interpretis,
805 1831 913 1867 Miot.

421 1880 517 1932 τόξα
527 1885 761 1934 παλίντονα]
788 1888 933 1937 Tangit
944 1887 1027 1922 Eu-

364 1939 476 1980 stath.
506 1940 555 1978 ad
583 1943 627 1979 Il.
656 1956 695 1993 p.
724 1942 816 1991 375,
849 1945 874 1983 9
894 1956 922 1982 s,
945 1944 1026 1983 283

366 2005 463 2035 extr.
485 2001 624 2045 et712,
645 2001 699 2039 20
714 2012 743 2037 s,
757 1999 851 2047 598,
872 2001 939 2047 20,
959 1999 1026 2035 ubi

367 2061 468 2091 recte
489 2056 647 2105 exponit
666 2050 757 2102 τόξα
788 2055 852 2096 ἐπὶ
873 2054 1026 2106 θάτερα

367 2108 467 2162 μέρη
489 2108 704 2162 κλινόμενα
724 2113 750 2150 i.
764 2125 796 2149 e.
819 2125 938 2160 arcus,
960 2113 1027 2164 qui

368 2168 405 2204 in
419 2171 602 2217 utramque
624 2171 762 2217 partem
775 2168 920 2220 flexiles
932 2172 1025 2216 sunt,

367 2223 464 2259 tendi
476 2227 634 2272 possunt,
664 2224 736 2261 tela
771 2227 965 2274 reciproca,
984 2231 1027 2261 ut

367 2279 419 2315 uit
446 2279 570 2315 Attius
602 2279 703 2329 apud
738 2281 895 2317 Varron.
916 2282 960 2317 L.
980 2282 1026 2318 L.

367 2336 418 2371 VI
443 2348 482 2385 p.
511 2337 563 2374 78
592 2342 747 2372 notante
775 2337 805 2372 Ι.
833 2337 1028 2386 Scaligero

367 2404 454 2441 pag.
490 2388 569 2430 144
601 2389 688 2441 (ed.
719 2390 856 2429 Dordr.
881 2392 1028 2441 1619).

369 2446 501 2485 Schol.
521 2445 569 2483 ad
586 2448 627 2483 11.
649 2448 746 2496 vlu,
767 2451 848 2489 266
869 2450 1026 2498 exponit

368 2500 462 2550 τόξα
503 2502 558 2548 εἰς
597 2499 774 2543 τούπίσω
804 2501 1026 2555 τεινόμενα.

370 2557 471 2597 Add.
503 2558 686 2609 Sopliocl.
724 2559 907 2597 Trachin.
946 2561 1028 2601 485

370 2614 485 2653 Both.
551 2617 642 2652 Mox
672 2617 910 2654 Florentinus
942 2630 1030 2654 cum

371 2673 451 2710 aliis
481 2671 717 2722 προσδέξια;
766 2675 883 2710 malui
920 2675 1031 2726 equi-

375 2728 465 2766 dem
484 2727 700 2766 disiunctim
717 2729 828 2766 edere
849 2727 948 2780 πρός
967 2731 1032 2770 δε·-

376 2781 452 2833 ξιᾶ,
475 2799 564 2822 cum
584 2787 962 2836 intelliganturarous
982 2787 1032 2825 ad

375 2842 535 2880 dextram
550 2843 700 2894 adpensi
714 2856 745 2881 s.
765 2845 933 2894 suspensi.

1130 699 1330 749 Αἰθίοπες
1359 699 1402 740 δὲ
1441 699 1671 753 παρδαλέας
1695 713 1737 741 τε

1076 755 1144 795 καὶ
1169 757 1346 804 λεοντέας
1380 757 1621 808 ἐναμμένοι]
1654 760 1679 794 i.
1700 771 1736 798 e.

1075 812 1259 864 Aethiopes
1302 813 1490 862 pardorum
1537 814 1737 864 leonumque

1071 868 1224 919 pellzbus
1238 872 1370 917 amicti,
1386 871 1517 908 induti.
1555 870 1617 907 Ad
1638 869 1738 908 hano

1076 926 1323 973 locutionem,
1336 926 1383 963 ad
1396 940 1511 978 quam
1521 929 1738 986 vulgqsup-

1076 983 1183 1032 plent
1211 979 1357 1032 δοροῖν,
1397 982 1646 1020 Valckeuaer.
1668 997 1739 1020 ex·-

1077 1037 1621 1090 citavitAristopl1.Ran.433.
1643 1041 1740 1077 Cor-

1075 1101 1158 1132 nut.
1188 1096 1246 1131 De
1276 1102 1354 1132 nat.
1377 1094 1481 1132 deor.
1503 1098 1571 1136 27.
1592 1097 1740 1147 Harpo-

1076 1158 1169 1187 crat.
1190 1164 1268 1191 ⁵.v.
1289 1152 1480 1203 νεβρίζων
1499 1152 1585 1190 coll.
1608 1151 1739 1190 schol.

1076 1206 1274 1244 Theocrit.
1302 1209 1333 1256 Ι,
1364 1210 1388 1247 3
1421 1215 1457 1245 et
1488 1207 1662 1248 Eustath.
1691 1207 1742 1246 ad

1075 1263 1183 1302 Iliad.
1208 1265 1263 1300 ΙΙΙ
1285 1278 1320 1315 p.
1350 1266 1444 1314 283,
1466 1263 1534 1305 43.
1564 1265 1649 1302 Alia
1670 1265 1742 1303 da-

1075 1322 1173 1358 bunt
1202 1321 1433 1372 VVesseling.
1465 1320 1514 1357 ad
1533 1321 1689 1359 Diodor.
1709 1323 1740 1370 1,

1083 1380 1129 1418 11
1156 1384 1192 1414 et
1211 1379 1406 1415 Lambert.
1427 1379 1582 1415 Bos,De
1604 1372 1742 1430 ellipss.

1078 1446 1167 1485 pag.
1199 1434 1292 1475 115.
1349 1436 1408 1471 De
1449 1436 1652 1472 accusativi
1679 1448 1743 1472 ra-

1078 1492 1195 1538 tione,
1227 1492 1293 1542 qui
1319 1492 1434 1528 verbo
1465 1493 1611 1542 passivo
1632 1490 1743 1529 addi-

1079 1555 1153 1595 tur,
1174 1545 1251 1585 vid.
1273 1546 1409 1585 Matth.
1421 1548 1486 1587 Gr.
1509 1549 1574 1585 Gr.
1597 1546 1742 1596 §.424,

1080 1606 1107 1644 2
1135 1616 1224 1654 pag.
1248 1607 1345 1644 781.
1414 1606 1471 1641 De
1492 1603 1744 1655 Aethiopibus

1081 1660 1182 1696 conf.
1202 1661 1268 1707 III,
1293 1663 1356 1701 17.
1378 1662 1445 1700 97.
1501 1663 1637 1698 Nostro
1657 1662 1743 1698 loco

1080 1717 1179 1753 bene
1202 1718 1321 1752 utitur
1347 1717 1511 1754 Heeren.
1533 1717 1664 1754 ldeeu.
1693 1718 1742 1765 11,

1085 1775 1104 1814 1
1128 1785 1167 1823 p.
1198 1775 1278 1814 370
1300 1771 1347 1809 ad
1369 1772 1612 1824 explicandas
1643 1775 1745 1810 ima-

1081 1829 1189 1879 giues
1218 1831 1478 1867 monumentis
1503 1831 1639 1868 veteris
1659 1831 1744 1866 Me·-

1082 1889 1167 1922 roes
1195 1886 1422 1937 insculptas,
1450 1888 1490 1923 in
1517 1888 1653 1939 quibus
1673 1886 1744 1923 viri

1081 1941 1295 1979 istiusmodi
1321 1943 1482 1994 pellibus
1525 1942 1650 1980 induti
1681 1944 1745 1979 iu-

1079 2000 1299 2047 veniuntur,
1334 1998 1542 2051 Aethiopes
1573 2000 1632 2049 (ut
1650 2000 1744 2037 scite

1081 2057 1234 2092 coniicit
1256 2057 1420 2094 Heeren.
1432 2056 1448 2106 )
1477 2057 1566 2093 victi
1596 2056 1643 2092 ab
1663 2056 1745 2092 Ae-

1080 2124 1132 2164 g)
1134 2113 1219 2182 ptiis
1241 2113 1372 2149 Meroe
1393 2119 1623 2174 expugnata.

1133 2167 1176 2207 ἐκ
1187 2169 1373 2217 φοίνικος
1384 2163 1566 2218 σπαθης]
1582 2169 1666 2204 Una
1680 2168 1745 2204 Al-

1082 2223 1171 2260 dina
1193 2224 1402 2274 φοινίκης;
1423 2225 1558 2275 reliqui
1579 2225 1663 2261 libri
1683 2238 1746 2261 re-

1083 2287 1142 2317 cte
1163 2281 1360 2329 φοίνικος.
1417 2281 1529 2318 Cous.
1555 2282 1695 2318 Pollux
1714 2283 1745 2330 1,

1087 2338 1178 2376 138.
1220 2335 1311 2376 144.
1347 2333 1514 2387 σπάθην
1546 2336 1747 2388 Schweig-

1083 2390 1286 2429 haeuserus
1307 2394 1575 2444 interpretatur
1592 2407 1742 2432 ramum.

1081 2449 1140 2484 De
1172 2451 1309 2486 cortice
1339 2451 1488 2500 palmae
1524 2451 1664 2489 arboris
1684 2450 1747 2488 hio

1083 2506 1145 2555 agi
1184 2512 1291 2557 putat
1310 2508 1427 2555 Miot,
1467 2508 1599 2546 Gallus
1627 2509 1750 2545 inter-

1084 2575 1183 2613 pres.

1143 2613 1304 2665 ὀϊστοὺς
1323 2616 1508 2669 μικροὺς]
1540 2619 1604 2657 Sic
1624 2618 1749 2657 Medi—

1087 2688 1174 2712 ceus
1195 2688 1284 2711 oum
1305 2676 1421 2712 tribus
1442 2676 1535 2712 aliis.
1593 2677 1637 2712 In
1659 2677 1749 2713 Flo-

1087 2733 1235 2768 rentino
1245 2732 1401 2782 aliisque
1413 2733 1550 2782 legitur
1560 2728 1750 2784 μακροΰς,

1087 2787 1193 2839 quod
1220 2790 1426 2839 repositum
1452 2789 1532 2825 vult
1567 2787 1748 2828 Larcher.

1089 2843 1316 2883 Schaeferus
1327 2844 1431 2882 dedit
1441 2842 1749 2898 apanpodffluod
