1897 3340
243 365 342 412 157

73 433 259 472 Legatorum
278 440 349 468 sup-

72 472 169 502 petias
196 466 348 493 Graeciae

71 500 244 535 rogantium
267 508 334 528 cum

73 542 109 562 eo
127 533 319 571 colloquium.

402 257 487 298 682

807 258 1275 298 HERODOTI

489 365 595 410 Τότε
633 367 699 419 δὲ,
740 365 799 417 ὥς
827 369 871 412 οἱ
909 366 1084 423 ἄγγελοι
1113 372 1203 412 τῶν
1226 367 1446 424 Ἑλλήνων
1476 367 1661 416 ἀπίκατο

404 432 448 485 ἐς
474 433 550 486 τὰς
577 435 883 490 Συρηκούσας,
914 435 1114 487 ἐλθόντες
1146 436 1266 493 αὐτῷ
1295 435 1337 487 ἐς
1377 436 1548 493 λόγους,
1579 435 1663 483 ἔλε-

379 509 492 558 Ξγον
519 500 644 545 τάδε·
682 500 937 558 ,,Ἔ’πεμψαν
975 501 1108 559 ἡμέας
1147 503 1488 563 Λακεδαιμόνιοί
1516 516 1560 548 τε
1588 505 1661 549 καὶ

401 571 475 623 „oz
500 568 747 625 Ἀθηναῖοι,
784 570 856 612 καὶ
898 572 941 613 οἱ
968 571 1138 615 τούτων
1179 570 1408 628 σύμμαχοι,
1438 576 1661 628 παραλαμ-

401 635 648 693 ,,ψομε’νους
678 646 725 679 σε
751 636 861 692 πρὸς
888 636 965 681 τὸν
992 638 1232 695 βάρβαρον·
1265 639 1342 683 τόν
1369 638 1452 695 γὰρ
1482 637 1717 682 ἐπιόντα9ο

345 843 567 880 rannorum,
590 831 656 883 qui
686 831 839 869 Graecis
857 844 1003 870 vocau-

342 895 415 935 tur,
434 889 609 939 imperio,
649 901 719 939 pro
742 890 915 940 ingenito
935 890 1001 926 illo

341 945 522 982 libertatis
541 944 686 993 studio,
717 958 792 996 quo
821 948 1002 982 Nostrum

342 1001 541 1038 incensum
562 1002 675 1038 fuisse
696 1000 799 1038 haud
807 1003 919 1052 pauci
939 1001 1002 1038 hi-

341 1059 543 1094 storiarum
577 1057 652 1094 loci
686 1056 868 1098 indicant.
914 1058 998 1098 Vid.

341 1114 389 1161 V,
417 1116 481 1159 66,
502 1115 631 1165 ibique
660 1121 755 1151 nott.
777 1115 863 1152 coll.
879 1115 923 1163 V,
945 1118 998 1156 78

343 1177 381 1206 et
409 1170 491 1217 VII,
526 1170 617 1211 164.
684 1172 859 1222 Namque
895 1172 1000 1208 mul-

312 1261 314 1264 .
341 1233 426 1263 tum
468 1239 558 1263 sane
588 1227 718 1264 abesse
736 1227 908 1275 videtur,
956 1235 1000 1266 ut

342 1283 532 1320 Gelonem
548 1296 606 1320 *eo
627 1296 702 1335 quo
722 1285 838 1335 vulgo
858 1285 999 1335 accipi-

340 1346 403 1377 tur
422 1352 534 1377 sensu
554 1347 764 1392 tyrannum
784 1342 898 1378 fuisse
918 1342 1003 1378 exi-

339 1397 537 1433 stimemus
575 1398 602 1434 i.
632 1410 664 1435 e.
705 1410 836 1448 regem
867 1411 1002 1449 super-

340 1454 453 1502 bum3
477 1466 593 1505 quem
612 1455 737 1504 potius
759 1468 849 1491 cum
869 1456 1004 1506 aequi-

340 1517 417 1546 tate
451 1510 670 1547 Siculorum
705 1524 764 1548 res
791 1510 1001 1548 moderan-

340 1573 420 1603 tem
439 1568 599 1617 optimas
618 1567 720 1618 leges
732 1568 859 1605 tulisse
872 1569 1000 1604 omni-

341 1636 486 1675 umque
534 1636 665 1660 rerum
723 1624 998 1662 abundantiam

339 1692 559 1730 procurasse
589 1687 703 1731 atque
736 1682 894 1718 omnnio
924 1693 998 1732 po-

338 1736 419 1786 puli
430 1735 745 1774 studiosissimum
759 1738 872 1774 fuisse
882 1744 997 1774 testa-

337 1799 401 1829 tur
420 1791 576 1831 Diodor.
599 1795 668 1841 XI,
691 1796 756 1835 38.
799 1794 857 1831 cf.
879 1795 998 1831 Goel-

336 1849 403 1889 ler,
436 1848 483 1886 de
513 1850 587 1887 situ
615 1857 653 1888 et
683 1851 778 1901 orig.
818 1851 996 1903 Syracus.

320 1918 423 1973 ³pag.
448 1905 513 1948 15.

534 2029 627 2081 cap.
651 2029 796 2068 CLVII.

394 2125 589 2180 οῗπίκατο]
638 2132 738 2168 Olim
778 2127 992 2179 ἅπικὲατος

337 2185 385 2223 de
413 2200 487 2238 qua
518 2188 741 2225 confusione
774 2187 852 2230 vid,
883 2189 994 2225 allata

336 2241 385 2278 ad
405 2244 484 2291 Vll,
510 2247 601 2284 118.
621 2265 677 2271 —-
705 2246 799 2281 Mox
818 2257 907 2281 cum
932 2257 995 2279 re·-

337 2306 453 2335 centt.
495 2298 582 2336 edd.
614 2298 770 2336 exhibui
790 2300 994 2338 Λακεδαι-

336 2350 471 2405 μόνιοί
487 2368 528 2392 τε
560 2354 627 2393 καὶ
661 2351 898 2404 Ἀθηναῖοι,
925 2355 992 2390 ubi

334 2411 451 2460 vulgo
490 2411 593 2446 abest
622 2411 756 2447 vocula
803 2425 855 2449 τε.
912 2410 992 2447 Ad-

334 2467 447 2503 fuisse
458 2473 586 2503 autem
605 2465 681 2502 unii
701 2465 991 2504 Atheniensium

334 2524 478 2573 legatos
498 2529 599 2572 patet
625 2536 672 2559 ex
694 2523 876 2560 Herodot.
908 2524 988 2572 Vll,

336 2582 413 2620 161
438 2586 474 2616 et
492 2578 621 2617 Schol.
642 2580 795 2617 Pindar.
816 2580 862 2617 ad
876 2580 986 2631 Pyth.

335 2637 351 2671 Ι
371 2636 436 2673 fin.
459 2636 529 2674 Cr.
549 2636 709 2673 conferri
730 2637 810 2674 vult
842 2637 988 2688 Ephori

334 2694 530 2744 Fragmm.
553 2704 639 2744 pag.
661 2695 755 2732 221.

390 2801 456 2844 τὸν
494 2801 566 2857 γάρ
613 2799 773 2845 ἐπιόντα
811 2803 875 2844 ἐπὶ
913 2803 986 2855 τήν

332 2857 508 2901 Ἐλλάδα
537 2855 698 2910 πάντως
725 2876 800 2902 κου
824 2859 987 2902 πυνθά-

1055 844 1168 881 νεαι,
1215 829 1278 873 ὅτι
1303 849 1340 873 κ.
1370 849 1403 874 τ.
1436 835 1504 884 λ.]
1543 836 1601 871 Ita
1629 834 1716 872 libri

1057 891 1196 940 scripti,
1218 903 1239 926 a
1255 891 1390 942 quibus
1421 889 1613 929 discedere
1640 904 1715 928 110-

1056 946 1112 982 lui
1131 959 1221 982 cum
1235 954 1393 984 recentt.
1405 946 1505 995 edd„
1526 948 1598 984 nisi
1610 946 1714 999 quod

1056 1009 1140 1053 post
1160 999 1389 1042 πυνθάνεαι
1426 1017 1515 1040 cum
1534 1002 1714 1041 Bekkero

1055 1061 1246 1096 minorem
1288 1059 1462 1096 substitui
1509 1057 1714 1097 distinctio-

1055 1129 1147 1152 nem
1161 1144 1178 1161 ,
1207 1129 1284 1167 quo
1304 1116 1440 1153 melius
1461 1115 1577 1152 verba
1606 1129 1714 1169 seqq.

1055 1185 1143 1209 cum
1153 1171 1461 1209 antecedentibus
1473 1170 1713 1211 cohaereant.

1055 1227 1280 1266 Schaeferus
1309 1230 1349 1264 in
1379 1235 1528 1265 textum
1557 1242 1715 1280 recepe-

1056 1290 1115 1322 rat
1137 1284 1400 1322 Valckenaerii
1429 1286 1712 1323 coniecturam:

1057 1340 1452 1393 παραλαμψομένους
1466 1353 1509 1381 σε
1525 1339 1628 1389 πρὸς
1647 1339 1714 1382 τᾶν

1058 1395 1262 1449 βάρβαρον
1282 1395 1354 1437 τὸν
1378 1393 1536 1438 ἐπιόντα
1556 1397 1621 1438 ἐπὶ
1637 1395 1712 1449 τήν

1055 1450 1430 1501 ΓΕλλοὶδα·“ποῖντως
1447 1451 1521 1507 γιὶρ
1553 1451 1714 1494 πυνθά-

1057 1526 1156 1558 νεαι,
1179 1507 1239 1550 ὅτι
1259 1525 1294 1550 κ.
1319 1526 1351 1549 τ.
1370 1514 1427 1560 λ.;
1458 1509 1534 1563 qua
1555 1519 1712 1548 omnem

1055 1569 1232 1604 orationis
1261 1568 1429 1604 colorem
1463 1568 1580 1605 everti
1609 1573 1712 1605 recte

1051 1622 1148 1660 mihi
1177 1631 1356 1660 annotare
1383 1622 1533 1662 videtur
1550 1625 1711 1662 VVesse-

1051 1681 1190 1730 lingius
1207 1710 1217 1729 ‚
1247 1681 1408 1717 aliormn
1434 1693 1543 1717 more
1574 1682 1710 1718 oratio-

1052 1750 1144 1774 nem
1169 1738 1220 1774 sic
1251 1735 1496 1774 decursuram
1524 1737 1604 1774 fore
1638 1736 1710 1775 ad-

1051 1795 1206 1830 iiciens:
1246 1789 1406 1840 πάντως
1441 1808 1515 1832 κου
1543 1789 1710 1833 πυνθά-

1052 1864 1161 1898 νεαι,
1189 1846 1248 1889 ’ὅτι
1268 1845 1426 1901 Πέρσης
1459 1845 1562 1901 οἷνήρ
1584 1846 1708 1890 ἐπιών

1052 1905 1117 1946 ἐπὶ
1146 1903 1221 1956 τήν
1248 1902 1434 1953 Ἑλλάδα,
1459 1904 1587 1956 μέλλει
1615 1921 1652 1946 οι.
1671 1921 1705 1946 τ.

1051 1965 1086 2002 λ.
1120 1961 1228 1999 Idem
1248 1963 1410 1999 conferri
1429 1963 1511 2000 vult
1521 1961 1705 2000 Abresch.

1048 2018 1239 2056 Dilucidd.
1272 2017 1480 2071 Thucydd.
1507 2033 1546 2070 p.
1570 2019 1647 2059 104
1669 2025 1706 2056 et

1049 2075 1099 2112 ad
1127 2077 1351 2113 Aristaenet.
1393 2077 1423 2123 Ι,
1459 2075 1498 2116 5,
1554 2075 1705 2125 Repetit

1048 2134 1183 2169 Noster
1201 2133 1282 2180 VII,
1297 2135 1374 2172 177
1393 2143 1505 2167 voces
1532 2126 1603 2169 τόν
1623 2129 1704 2170 ἔπι-

1050 2184 1145 2228 όντα
1177 2186 1241 2226 ἐπὶ
1279 2186 1355 2236 τήν
1378 2182 1563 2232 Ἐλλάδα,
1593 2186 1703 2224 item-

1050 2257 1124 2295 que
1161 2244 1240 2289 Vll,
1276 2245 1353 2283 159
1384 2242 1448 2280 fin.
1488 2243 1575 2279 coll.
1608 2246 1702 2284 173.

1052 2301 1130 2338 138
1150 2298 1216 2335 fin.
1238 2300 1339 2345 2033
1362 2295 1431 2337 τόν
1444 2295 1607 2338 ἐπιόντα
1625 2296 1700 2339 πό-

1047 2357 1165 2404 λεμον
1203 2349 1431 2403 οἷμύνεσθαι
1461 2354 1557 2392 dixit
1586 2353 1702 2392 Thu-—

1046 2410 1199 2462 cydides
1229 2411 1275 2455 ΙΙ,
1295 2414 1362 2459 36,
1383 2412 1448 2447 ubi
1476 2411 1553 2449 vid.
1582 2412 1702 2449 inter-

1046 2474 1179 2518 pretes.
1236 2468 1363 2519 Atque
1383 2469 1495 2505 simili
1514 2469 1592 2505 fere
1611 2478 1700 2506 mo-

1045 2523 1095 2561 do
1127 2522 1300 2561 Thessali
1327 2523 1586 2562 Phocensibus
1614 2526 1698 2576 pol-

1044 2582 1206 2617 licentur
1253 2577 1300 2618 τοὶ
1337 2577 1500 2620 ἐπιόντα
1529 2580 1593 2620 ἐπὶ
1623 2577 1697 2632 τήν

1042 2633 1174 2688 χώρην
1205 2631 1445 2687 ἀποτρέψειν
1477 2636 1579 2688 apud
1615 2639 1698 2674 He-

1043 2693 1126 2730 rod.
1155 2694 1255 2741 VIII,
1287 2695 1355 2734 29.
1392 2714 1449 2720 -
1496 2692 1559 2730 Ad
1587 2706 1695 2746 seqq.

1042 2746 1246 2801 πρόσχημα
1273 2747 1344 2798 μὲν
1371 2746 1611 2799 ποιούμενος
1643 2750 1691 2786 cf.

1041 2813 1135 2844 nott.
1159 2805 1207 2842 ad
1225 2807 1288 2853 IV,
1313 2808 1390 2846 167
1411 2812 1448 2842 et
1480 2805 1527 2843 de
1547 2806 1693 2843 indica-

1041 2864 1118 2902 tivo
1139 2858 1293 2903 ἐλαύνει
1312 2868 1407 2900 nott.
1428 2860 1476 2899 ad
1494 2863 1575 2912 VII,
1599 2864 1690 2904 138.
