1897 3340
302 317 367 361 98

422 206 510 248 580

425 309 566 368 ἐφάνη
600 311 822 366 τρισχίλια.

822 198 1282 238 HERODOTI

887 311 985 352 Τῶν
1016 307 1062 352 δὲ
1095 304 1383 350 ἐπιπλεόντων
1397 303 1500 360 μετά
1520 320 1568 359 γε
1587 303 1744 356 τούς30

99 380 253 411 Nssssafcffl
283 380 376 408 ”mi-
434 377 721 434 στρατηγούς,
752 378 843 420 οἵδε
874 371 999 433 ἦσαν.
1019 377 1060 419 οἱ
1093 371 1441 429 ὀνομαστότατοι·
1473 370 1690 421 Σιδώνιος

101 424 147 442 mc
167 415 313 443 illustres.

434 444 760 501 Τετράμνηστος
786 442 995 497 Ἀνύσου,
1035 443 1108 487 καὶ
1158 439 1316 495 Τύριος
1346 438 1513 495 Μάπην
1541 437 1689 492 Σιρώ-

429 530 539 569 μου,
579 511 651 555 καὶ
679 508 873 563 Ἀράδιος
903 511 1137 566 Μέρβαλος
1163 506 1403 563 Ἀγβάλου,
1443 507 1517 549 καὶ
1561 506 1687 557 Κίλιξ
1745 497 1825 540 549

430 580 666 628 Συέννεσις
702 575 1039 631 Ὠρομέδοντος,
1081 577 1154 620 καὶ
1192 575 1357 626 Λύκιος
1387 574 1688 630 Κυβερνίσκος

431 648 569 690 Σίκα·
610 643 683 687 καὶ
711 642 917 698 Κύπριοι,
951 643 1118 698 Γόργος
1149 659 1193 686 τε
1224 641 1246 686 ὁ
1280 642 1476 696 Χέρσιος,
1507 642 1580 685 καὶ
1615 645 1687 684 Τι-
1702 646 1744 682 35

431 713 578 770 μώναξ
598 711 621 754 ὁ
641 708 916 766 Τιμαγόρεω·
946 710 1018 753 καὶ
1047 713 1225 764 Καρῶν,
1250 708 1449 760 Ἱστιαῖός
1473 725 1516 752 τε
1546 709 1569 752 ὁ
1600 707 1690 752 Τύ-

431 797 571 838 μνεω,
608 778 680 821 καὶ
722 778 891 833 Πίγρης
922 777 945 820 ὁ
975 775 1238 832 Σελδώμου,
1268 777 1342 821 καὶ
1370 778 1700 835 Δαμασίθυμος

431 847 454 892 ὁ
489 844 768 891 Κανδαύλεω.

833 846 932 887 Τῶν
957 843 1035 898 μέν
1052 858 1135 885 νυν
1164 843 1305 886 ἄλλων
1330 842 1385 886 ου’
1415 843 1691 898 παραμέμνη-

346 930 374 975 ζιί
439 933 517 973 μαι
547 912 832 966 ταξιαρχέων,
883 909 941 961 ὦς
979 908 1060 952 οὐκ
1091 907 1455 964 ἀναγκαζόμενος·
1501 909 1749 965 Ἄρτεμι-40

364 1030 376 1035 ,
435 986 528 1039 σίης
559 982 626 1033 δὲ,
659 983 734 1035 τῆς
762 977 946 1034 μάλιστα
976 980 1137 1032 θωῦμα
1167 980 1372 1031 ποιεῦμαι
1401 976 1470 1019 ἐπὶ
1497 977 1575 1034 τήν
1597 977 1691 1020 Ἑλ-

434 1048 547 1094 λάδα
577 1044 959 1101 στρατευσαμένης,
989 1041 1218 1099 γυναικός·
1248 1042 1354 1099 ἥτις,
1389 1041 1692 1094 ἀποθανόντος

433 1120 515 1160 τοῦ
555 1112 741 1168 ἀνδρὸς,
782 1110 890 1169 αὐτή
941 1127 986 1154 τε
1025 1110 1183 1166 ἔχουσα
1214 1110 1295 1167 τήν
1323 1111 1583 1165 τυραννίδα,
1621 1111 1695 1154 καὶ

433 1183 588 1234 παιδὸς
625 1179 900 1235 ὑπάρχοντος
947 1180 1150 1236 νεηνίεω,
1187 1176 1274 1222 ὑπὸ
1310 1175 1499 1234 λήματός
1537 1193 1583 1222 τε
1619 1177 1693 1221 καὶ

380 1356 462 1402 Vn,
484 1356 536 1394 60
566 1359 602 1390 et
624 1352 670 1390 de
689 1355 849 1393 navium
876 1368 1037 1393 numero

381 1418 476 1449 nott.
497 1409 546 1447 ad
567 1410 647 1459 Vll,
669 1413 737 1452 87.

564 1500 657 1552 cap.
686 1500 859 1539 XCVIII.

438 1574 601 1629 Μάπην
614 1575 822 1630 Σιρώμου]
852 1580 928 1616 Pro
941 1575 1041 1618 Μά-

382 1649 462 1685 πην
493 1635 686 1672 Mediceus
713 1632 915 1686 Μάρτην,
950 1636 1042 1671 Flo-

382 1692 552 1728 reutiuus
575 1704 663 1728 cum
682 1692 799 1728 tribus
820 1693 898 1728 aliis
923 1687 1042 1730 Μάτ-

379 1762 466 1797 την.
521 1748 598 1783 Pro
629 1744 819 1799 Σιρώμου
849 1746 950 1798 apud
978 1749 1043 1783 Io-

383 1801 490 1853 seph.
512 1817 546 1840 ο.
566 1804 706 1853 Apion.
722 1806 771 1844 18
793 1804 889 1854 regis
899 1816 1042 1840 nomen

384 1865 505 1896 exstat
527 1855 720 1911 Εἰρώμου
740 1873 769 1896 s.
783 1859 940 1897 Hirami.
996 1862 1041 1896 Iu

383 1928 478 1952 voce
501 1914 715 1966 Μέρβαλος
735 1914 752 1964 (
768 1929 884 1967 quam
905 1929 953 1953 ex
974 1929 1042 1952 eo-

383 1970 474 2008 dem
504 1970 653 2022 Ioseph.
685 1985 719 2009 c.
740 1973 879 2023 Apion.
909 1975 959 2012 21
983 1973 1042 2008 af-

382 2028 455 2064 fert
492 2028 749 2078 Wesseling.)
789 2035 827 2065 et
862 2024 1041 2079 Ἀράδιος

386 2081 430 2133 (i.
453 2096 486 2120 e.
506 2083 628 2121 Arado
645 2114 655 2132 ,
675 2083 880 2121 Phoenicum
903 2084 1038 2134 oppido,

384 2140 583 2185 oriundus)
621 2139 829 2177 admodum
856 2141 1041 2177 fluctuant

382 2195 466 2231 libri
485 2197 625 2245 scripti.
667 2197 724 2232 De
746 2196 920 2246 Syennesi
938 2196 1038 2234 conf.

384 2252 414 2297 Ι,
447 2249 514 2290 74.
542 2252 586 2298 V,
620 2254 712 2292 118.
732 2273 788 2307 Τ
843 2253 918 2288 Pro
948 2250 1043 2290 ἕσαν

386 2306 494 2343 initio
516 2319 598 2357 cap.
622 2305 710 2343 dedi
729 2308 846 2357 ἦσαν.

442 2380 593 2434 Γόργος
620 2398 658 2422 τε
681 2382 705 2422 ὁ
722 2382 904 2435 Χέρσιος]
927 2384 983 2421 Cf.
996 2385 1041 2432 V,

388 2438 479 2480 104.
500 2440 599 2487 Vm,
626 2442 687 2479 11.
745 2440 854 2484 Quod
875 2442 1042 2492 sequitur

391 2491 587 2547 Τιμοόναξ,
611 2495 829 2546 Schweigh.
861 2504 896 2533 et
924 2498 1039 2535 Gaisf.

387 2553 434 2589 ob
455 2551 593 2589 codicis
614 2553 819 2588 Florentini
840 2555 1043 2590 auctorita-

386 2616 466 2645 tem
474 2609 699 2660 scripserunt
713 2610 903 2659 Τιμῶναξ.
919 2611 1043 2661 Equi-

387 2663 477 2702 dem
513 2678 601 2702 cum
633 2663 813 2701 Matthiae
851 2666 1043 2716 vulgatam

387 2722 610 2773 scripturam
629 2722 765 2758 retinui
786 2722 882 2758 bene
897 2736 1044 2760 memor

387 2779 577 2831 praecepti
591 2779 813 2821 Buttmann.
823 2779 861 2815 in
871 2779 1043 2819 Gramm.

1095 1355 1229 1392 maior.
1259 1354 1276 1390 I
1304 1366 1392 1405 pag.
1414 1356 1509 1395 170.
1541 1354 1577 1390 Π
1596 1366 1635 1404 p-
1656 1353 1752 1394 399-

1094 1413 1194 1448 Hinc
1215 1417 1315 1447 recte
1333 1423 1488 1462 quoque
1500 1440 1509 1458 ‚
1538 1411 1611 1446 alia
1630 1416 1672 1446 ut
1691 1415 1753 1446 ta-

1096 1480 1215 1515 ceam,
1238 1463 1487 1515 Πλειστῶναξ
1507 1468 1546 1504 in
1557 1463 1753 1504 Plutarch.

1095 1525 1261 1576 Lycurg.
1281 1526 1349 1564 20.

1293 1612 1386 1664 Cap.
1417 1612 1558 1650 xmx.

1155 1687 1209 1736 ὥς
1230 1685 1304 1729 ov’n
1320 1686 1655 1743 ἀναγκαζόμενος]
1680 1691 1755 1728 At-

1097 1747 1166 1796 figi
1196 1747 1235 1782 in
1254 1753 1333 1783 not.
1355 1746 1404 1784 ad
1422 1748 1503 1795 VII,
1525 1749 1593 1788 96.
1650 1747 1757 1793 Quae

1099 1803 1268 1854 sequitur
1298 1802 1344 1839 de
1374 1803 1563 1841 Artemisia
1590 1804 1755 1841 narratio

1098 1858 1225 1909 prodit
1252 1860 1474 1910 scriptorem
1493 1860 1755 1898 Halicarnasso

1098 1914 1305 1952 oriundum
1319 1915 1484 1969 indeque
1493 1917 1533 1952 iu
1546 1917 1657 1954 rebus
1683 1928 1756 1968 pa-

1096 1973 1175 2015 triis
1203 1972 1419 2010 enarrandis
1453 1973 1755 2024 Artemisiaeque

1096 2028 1263 2065 facinore
1301 2028 1526 2066 celebrando
1565 2029 1635 2065 sibi
1671 2029 1756 2078 pla-

1097 2091 1260 2125 centem,
1325 2085 1499 2129 Quocum
1537 2084 1640 2121 conf.
1676 2085 1756 2122 Po-

1096 2141 1222 2191 lyaen.
1243 2141 1340 2186 vm,
1370 2141 1422 2181 53
1454 2141 1541 2178 coll.
1561 2139 1755 2180 Plutarch.

1098 2197 1133 2232 11
1152 2209 1191 2246 p.
1212 2197 1292 2236 869
1313 2197 1356 2233 F.
1377 2203 1413 2232 et
1434 2199 1514 2238 873
1535 2198 1581 2234 E.
1599 2204 1635 2234 et
1654 2199 1756 2234 Har-

1099 2258 1243 2302 pocrat.
1262 2265 1290 2288 s.
1312 2266 1350 2289 v.
1374 2248 1636 2304 Ἀρτεμίσιον.
1656 2255 1756 2291 Hinc

1099 2320 1252 2359 quoque
1290 2306 1551 2357 diiudicanda,
1581 2323 1679 2363 quae
1708 2309 1757 2347 de
1826 2339 1831 2345 .
1881 2316 1882 2321 ¹

1100 2363 1234 2400 eadem
1249 2363 1438 2402 Artemisia
1459 2372 1607 2404 exstant
1621 2365 1757 2404 tradita

1098 2421 1196 2466 VIII,
1220 2422 1285 2460 68.
1306 2423 1360 2462 87
1372 2434 1450 2473 seq.
1471 2424 1538 2462 93.
1562 2426 1635 2463 101
1648 2435 1754 2475 seqq.

1098 2497 1153 2504 -—
1173 2477 1247 2512 Pro
1268 2479 1392 2528 θῶμα
1413 2479 1555 2515 restitui
1575 2478 1753 2532 equidem

1096 2534 1258 2583 θωῦμα.

1156 2609 1222 2649 καὶ
1232 2608 1373 2659 παιδός
1391 2607 1639 2663 ’ὑπάρχοντος
1660 2628 1753 2666 νεη-

1099 2666 1221 2715 νίεω]
1243 2669 1356 2705 Hunc
1386 2670 1511 2706 vocari
1530 2669 1752 2721 Lygdamin,

1103 2724 1167 2775 qui
1185 2725 1312 2774 paucis
1331 2731 1415 2775 post
1444 2726 1550 2763 annis
1569 2733 1753 2779 tyrannus

1102 2781 1282 2819 exstiterit
1309 2781 1570 2833 Halicarnasi,
1594 2784 1754 2822 arbitra-
