1897 3340
518 216 1156 258 POLYMNIA.V11.
1387 222 1468 263 541

197 336 334 389 σῶμα,
364 333 562 381 κιθῶνας
588 325 867 385 χειριδωτούς
897 325 1146 379 ποικίλους,
1189 327 1365 378 λεπίδος
1397 340 1466 372 σι-

141 516 380 564 consistentes,
400 513 466 552 sed
483 512 691 551 inclinatas.
719 511 800 547 Ta-

138 571 193 607 les
212 585 301 609 vero
313 573 430 623 pileos
450 583 528 607 non
549 570 712 619 rigentes
733 566 801 604 sed

138 629 354 665 incurvatos
374 634 520 678 gestare
539 625 716 662 videntur
730 625 801 662 viri

139 685 287 733 Persae,
319 685 448 736 quales
471 689 801 733 repraesentantur

139 743 178 778 in
205 742 462 778 monumentis
494 739 800 789 Persepolitanis.

137 797 222 835 Vid.
255 799 431 847 MongeZ.
462 797 490 834 l.
519 797 546 833 l.
576 797 654 832 tab.
684 797 719 832 ΙΙ
741 809 800 832 nr.

140 856 203 894 12.
214 854 289 893 tab.
301 854 370 890 VII
387 867 445 892 nr.
457 856 494 893 2.
507 856 545 894 3.
574 851 686 889 Unde
697 851 802 889 haud

135 911 237 947 male
256 911 423 948 Brisson.
440 911 466 947 l.
485 911 511 949 l.
532 911 598 956 111,
612 908 677 957 24,
698 910 803 946 mul-

135 967 180 1004 tis
188 969 411 1004 testimoniis
422 968 553 1013 allatis,
566 968 697 1003 Persas
707 980 804 1004 con—

135 1023 255 1061 tendit
275 1026 314 1061 in
327 1026 406 1061 acie
418 1038 493 1062 uon
507 1025 675 1075 galeatos
687 1024 802 1062 fuisse

135 1079 203 1118 sed
231 1082 404 1132 pileatos.

189 1140 374 1185 κιθῶνας
395 1134 647 1190 χειριδωτοῦς
666 1138 803 1178 ποικί-

135 1195 256 1244 λους]
303 1196 330 1236 i.
361 1209 394 1234 e.
430 1198 568 1233 tunicas
605 1198 802 1233 manicatas

133 1253 230 1289 varii
258 1252 392 1291 coloris.
449 1254 658 1289 Manicatas
696 1253 802 1289 tuni-

134 1321 196 1346 cas
218 1310 343 1347 Persis
374 1310 413 1346 in
442 1323 514 1346 usu
544 1310 655 1346 fuisse
683 1322 801 1346 mon-

133 1372 266 1415 strant,
296 1379 394 1419 quae
415 1367 568 1417 collegit
587 1367 800 1404 Brissonius

133 1422 159 1460 l.
178 1423 206 1460 l.
224 1425 255 1472 I,
273 1426 340 1464 60.
394 1425 580 1460 Maiorem
595 1423 800 1461 difficulta-

132 1485 213 1517 tem
242 1479 407 1518 afferunt
423 1482 537 1518 verba
553 1511 562 1529 ,
586 1494 684 1533 quae
703 1494 800 1518 con-

133 1537 240 1574 tinuo
262 1536 509 1575 adiiciuntur:
551 1537 711 1585 λεπίδος
743 1549 800 1576 σι-

135 1591 279 1645 δηρέης
294 1591 394 1645 ὄψιν
410 1592 678 1644 ἰχθυοειδέοςς
704 1607 799 1632 nam

133 1650 273 1687 loricae
302 1664 333 1689 s.
364 1647 556 1704 θώρηκος
597 1653 798 1689 notionem

131 1709 322 1759 requirere
343 1707 533 1757 videntur,
556 1710 661 1746 cuius
680 1709 796 1760 ipsius

131 1776 210 1800 una
230 1778 320 1802 cum
340 1763 521 1802 cliithone
539 1765 581 1802 fit
599 1767 744 1802 mentio
756 1767 796 1802 in

130 1822 288 1858 Masistii
309 1829 501 1859 armatura
521 1822 624 1873 apud
651 1821 796 1860 Herod.

130 1878 201 1925 IX,
233 1881 289 1919 22
317 1879 405 1916 coll.
436 1878 616 1930 Xenoph.
656 1880 798 1931 Cyrop.

131 1935 214 1982 vn,
236 1937 255 1975 1
278 1935 315 1980 §.
338 1937 376 1974 2.
433 1937 567 1988 Itaque
592 1943 676 1987 post
705 1951 798 1976 ποι-

131 1990 268 2038 κίλους
289 1989 378 2028 addi
398 1993 532 2030 volunt
562 1992 629 2032 καὶ
660 1989 798 2046 θώρη-

130 2060 227 2095 κας;
255 2048 358 2100 quod
377 2050 448 2086 nisi
467 2049 715 2098 interciderit,
736 2051 797 2087 vi-

133 2103 214 2141 deri
241 2105 293 2141 illi
328 2113 486 2155 possunt
527 2107 648 2156 (suut
680 2107 796 2145 verba

130 2159 424 2212 Valckenaerii)
458 2176 537 2200 non
557 2171 690 2214 pectus
710 2171 798 2201 tan-

131 2223 217 2255 tum
235 2217 302 2255 sed
322 2226 446 2256 totum
467 2233 602 2272 corpus
622 2219 797 2258 habuisse

134 2273 245 2311 lorica
265 2281 422 2321 tectum,
443 2290 486 2314 ea:
497 2278 631 2328 ferreis
653 2278 797 2316 laminis

136 2342 360 2379 squamarum
386 2334 503 2371 instar
528 2336 598 2371 sibi
630 2335 798 2373 invicem

134 2385 319 2435 impositis
339 2388 458 2436 facta3
478 2397 520 2427 ut
537 2397 643 2428 erant
663 2393 798 2429 armati

137 2443 282 2492 equites
314 2445 560 2494 cataphracti,
583 2446 630 2484 de
661 2450 798 2499 quibus

136 2497 215 2535 vid.
255 2499 421 2538 Brisson.
461 2501 487 2537 l.
521 2503 547 2539 l.
576 2504 641 2551 111,
678 2505 731 2545 35
762 2511 800 2542 et

138 2553 350 2605 Spanhem.
373 2555 421 2593 ad
438 2558 572 2595 Iulian.
591 2558 737 2610 p.249,
757 2567 800 2598 ut

137 2608 279 2648 horum
290 2611 384 2649 adeo
400 2616 572 2660 κιθῶνες
583 2615 801 2667 χειριδωτοὶ

137 2667 279 2706 fuerint
304 2669 512 2710 λεπιδωτοὶ
541 2672 604 2708 vel
632 2672 802 2721 φολιδω-

139 2724 215 2763 τοί.
273 2725 491 2764 Herodotus
513 2733 643 2765 tamen
665 2727 803 2777 (idem

139 2780 264 2832 pergit
281 2781 565 2832 Valckenaer.),
604 2784 704 2822 infra
754 2784 802 2823 de

139 2837 307 2876 Masistio
325 2839 486 2893 loquens
506 2841 721 2894 interfecto,
732 2839 802 2883 τόν

857 504 1030 561 θώρηκα
1051 516 1088 546 et
1109 506 1180 549 τόν
1213 511 1374 549 κιθῶνα
1395 510 1525 548 claris-

855 567 951 603 sime
972 566 1168 618 distinguit
1187 568 1255 616 IX,
1268 569 1334 614 22,
1356 567 1421 604 ubi
1438 565 1524 606 θῶ-

857 638 959 674 ρηκα
977 627 997 662 λ
1011 639 1064 663 επ
1076 640 1089 663 ι
1103 627 1124 663 ὁ
1143 639 1172 663 ω
1183 640 1202 662 τ
1214 621 1233 664 ὂ
1245 639 1265 663 ν
1285 623 1392 671 dixit,
1405 637 1523 676 quem

856 680 1264 732 PosidippusCOmicus
1277 679 1522 732 apudAthen.

855 739 914 773 IX
933 751 971 788 p.
994 741 1074 779 376
1095 740 1138 775 F.
1167 739 1333 789 appellat
1363 754 1392 788 φ
1408 741 1460 778 ολ
1477 753 1524 777 ι-

859 794 882 833 δ
894 809 924 832 ω
936 809 956 833 τ
969 791 990 834 ὀ
1004 810 1038 842 ν,
1070 808 1192 847 quum
1213 794 1384 832 eiusdem
1405 795 1523 846 origi-

857 852 915 887 nis
935 864 1048 888 voces
1068 851 1179 899 λεπὶς
1201 860 1238 889 et
1261 851 1378 902 φολὶς
1397 853 1436 888 in
1452 866 1524 889 usu

857 909 910 944 ita
931 906 1266 959 distinguerentur,
1297 916 1340 946 ut
1360 910 1524 960 piscium

859 979 1042 1018 squamae
1077 966 1244 1014 λεπίδες,
1286 967 1524 1017 serpentium

861 1024 1025 1072 φολίδες
1046 1021 1273 1062 dicerentur.
1303 1024 1408 1069 Quae
1432 1036 1522 1060 cum

856 1080 910 1117 ita
929 1081 1031 1128 sint,
1064 1079 1243 1132 equidem
1281 1082 1417 1117 malim
1443 1087 1523 1118 sta-

857 1144 976 1186 tuere,
998 1138 1128 1175 loricae
1168 1139 1368 1175 notionem
1398 1139 1525 1175 conti-

856 1195 940 1231 neri
953 1207 1046 1232 voce
1058 1194 1311 1246 praecedente
1328 1197 1522 1243 κιθῶνας,

857 1264 929 1289 nec
961 1259 1091 1289 tamen
1137 1265 1227 1289 cum
1265 1253 1523 1302 VVesselingio

858 1316 895 1346 et
929 1310 1060 1346 Pawio
1082 1311 1316 1361 reposuerim
1339 1309 1520 1359 ἰχθυοει-

858 1366 880 1404 δ
893 1364 910 1405 έ
924 1382 948 1404 α
959 1381 978 1413 ς
992 1396 1001 1414 ,
1030 1366 1135 1418 quod
1156 1366 1204 1404 ad
1220 1369 1401 1413 κιθῶνας
1419 1365 1522 1402 refe·

856 1430 972 1460 ratur.
1030 1424 1201 1461 Pertinet
1240 1426 1343 1460 enim
1382 1423 1524 1474 ἰχθυο-

857 1479 981 1527 ειδέος
999 1479 1048 1517 ad
1069 1482 1319 1533 λεπίδος,(ῃιί
1339 1479 1522 1517 materiae

857 1544 911 1573 est
940 1538 1150 1587 genitivus,
1188 1537 1362 1574 indicans
1395 1544 1522 1573 mate-

855 1595 964 1642 riam,
987 1607 1036 1631 ex
1057 1594 1132 1647 quit
1156 1596 1273 1632 lorica
1292 1595 1405 1631 fuerit
1426 1606 1522 1631 con-

854 1651 965 1698 fecta,
1014 1658 1051 1688 et
1079 1651 1253 1702 pendens
1286 1653 1332 1689 ab
1367 1658 1524 1688 antece-

856 1707 962 1745 denti
1001 1712 1203 1757 κιθῶνας,
1255 1708 1361 1762 quod
1392 1709 1523 1745 loricae

852 1764 1128 1815 significatione
1148 1767 1227 1803 iam
1261 1779 1374 1817 supra
1394 1765 1523 1815 attigi-

853 1834 939 1858 mus
960 1821 1009 1859 ad
1037 1823 1083 1870 V,
1120 1825 1212 1862 106.
1269 1825 1405 1876 Itaque
1431 1834 1523 1859 cum

854 1877 1221 1928 Scliweighaeusero
1242 1877 1281 1916 h.
1303 1881 1329 1916 l.
1366 1879 1522 1916 intelle-

853 1937 979 1972 xerim
991 1936 1118 1972 loricas
1138 1939 1338 1974 manicatas
1357 1937 1453 1974 varii
1461 1948 1523 1973 co-

855 1992 940 2029 loris
982 2005 1109 2043 easque
1142 2005 1185 2029 ex
1215 1993 1360 2031 lanu'm's
1391 1993 1523 2044 ferreis

855 2048 1051 2099 confectas,
1085 2062 1233 2099 quarum
1259 2050 1383 2101 forma
1413 2062 1524 2100 squa-

855 2118 930 2143 mas
946 2107 1098 2156 piscium
1120 2107 1300 2154 retulerit3
1338 2108 1417 2144 sive
1436 2107 1523 2143 bre-

854 2163 962 2200 vius:
996 2164 1125 2200 loricas
1145 2166 1344 2201 manicatas
1363 2171 1401 2201 et
1417 2175 1523 2214 squa-

854 2223 981 2259 mutas.
1040 2221 1148 2257 Bene
1172 2220 1262 2258 hinc
1283 2221 1398 2258 refert
1415 2220 1524 2258 Bris-

854 2289 936 2314 son.
955 2277 981 2314 l.
1002 2277 1028 2316 l.
1049 2278 1116 2325 ΙΙΙ,
1132 2280 1183 2319 12
1203 2279 1336 2316 Persas
1348 2277 1523 2315 habuisse

854 2335 955 2371 circa
975 2347 1112 2385 corpus
1132 2338 1271 2373 tunicas
1290 2335 1522 2383 numuleatas,

854 2393 968 2428 variis
990 2393 1146 2441 squamis
1164 2405 1180 2429 e
1185 2392 1290 2443 ferro
1308 2393 1470 2430 consertis
1485 2394 1524 2429 in

854 2448 1118 2486 similitudinem
1131 2451 1293 2500 piscium.
1349 2450 1397 2486 In
1416 2449 1525 2486 clau-

855 2505 938 2541 sula
968 2504 1131 2553 addam,
1181 2504 1377 2558 quomodo
1405 2507 1523 2543 Mon-

833 2572 943 2610 ‘gez.
973 2562 1001 2598 l.
1028 2563 1056 2600 l.
1083 2562 1134 2599 T.
1166 2565 1218 2601 IV
1247 2576 1337 2615 pag.
1367 2561 1436 2605 45.
1468 2561 1522 2602 49

858 2615 954 2653 haec
974 2619 1054 2669 ipsa
1067 2619 1220 2657 Gallicis
1231 2621 1354 2657 verbis
1366 2631 1524 2670 expres-

858 2674 974 2711 serit:
1025 2676 1125 2723 „Les
1145 2679 1278 2715 Perses
1299 2678 1453 2714 avoient
1468 2695 1524 2702 -—

857 2730 895 2767 le
907 2743 1016 2782 corps
1030 2734 1245 2785 euveloppe
1274 2733 1322 2771 de
1343 2733 1523 2784 tuniques

859 2788 1010 2837 garnies
1037 2787 1085 2826 de
1112 2789 1296 2828 manches
1324 2796 1361 2827 et
1387 2789 1524 2827 teintes

861 2842 909 2881 de
936 2845 1123 2896 plusieurs
1153 2847 1327 2885 couleurs
1343 2876 1354 2895 ,
1385 2859 1450 2885 sur
1470 2847 1525 2885 les

1525 339 1687 359 recensere
1720 332 1801 359 ordi-

1525 368 1584 392 tur.
1620 365 1747 393 Persae.

1524 398 1605 427 Olim
1624 399 1696 427 dicti
1716 408 1735 426 a
