1897 3340
651 208 952 246 ERATO.
1011 209 1084 246 V1.

33 0 43 116 i

32 170 39 321 Ξ
1415 215 1496 253 391

75 324 169 369 [17
233 317 303 362 Ἐν
341 319 476 375 ταύτῃ
515 322 568 375 τῇ
605 318 652 361 ἐν
690 319 945 370 Μαραθῶνι
986 315 1100 374 μάχῃ
1143 314 1373 361 ἀπέθανον
1411 323 1500 362 τῶν
1557 322 1831 390 ξ’ῑῖζξμξζξζιῑᾞξξζξα-
1896 359 1897 373 ,

233 386 474 443 βαρβάρων
502 385 612 427 κατὰ
639 383 949 439 ἑξακισχιλίους
977 385 1052 428 καὶ
1081 386 1391 438 τετρακοσίους
1424 385 1497 428 ἄν-
1554 376 1830 458 ζξζζῗζῑἑῖηῑιγίζῖἕῶίίζζεῑῑ

236 457 364 508 δρας·
390 451 634 508 Ἀθηναίων
666 452 733 500 δὲ,
775 451 932 496 ἑκατόν
971 453 1260 510 ἐννενήκοντα
1301 452 1500 496 καὶδύο.
1558 446 1831 520 ffiffls‘gy‘gnffigm
1894 453 1897 489 ²

206 522 396 565 2ἔπεσον
425 520 503 574 μὲν
533 520 794 575 ἀμφοτέρων
811 522 1028 564 τοσοῦτοι.
1086 520 1328 576 Συνήνεικε
1350 521 1396 565 ate,
1421 520 1528 564 ati-9
1557 523 1714 551 ³⁰⁰11101’12·

232 588 332 633 τόθι
353 590 511 642 θῶυμα
529 587 735 642 γενέσθαι
756 588 949 633 τοιόνδε·
975 587 1210 645 Ἀθηναῖον
1229 587 1370 645 ἄνδρα
1388 588 1498 632 Ἐπί·
1555 591 1636 635 493

231 661 362 713 ζηλον
388 654 467 697 τὸν
495 655 799 711 Κουφαγόρεω
829 656 877 700 έν
913 660 965 713 τῇ
1008 656 1214 701 συστάσει
1251 656 1500 713 μαχόμενόν

229 739 275 767 τε
303 723 376 784 καὶ
405 722 546 777 ἄνδρα
574 723 810 779 γινόμενον
840 723 1013 780 ἀγαθόν
1049 729 1138 768 τῶν
1170 723 1379 780 ὀμμάτων
1408 736 1498 768 στε-

228 795 442 847 ρηθῆναι,
475 790 578 835 οὔτε
606 792 823 848 πληγέντα
863 791 996 836 ου’ὁὲν
1025 795 1108 836 τοῦ
1138 792 1358 847 σώματος,
1398 792 1499 837 οὔτε

229 859 468 915 βληθέντα·
507 859 581 902 καὶ
620 858 669 902 τό
711 859 868 903 λοιπόν
904 865 981 917 τῆς
1021 860 1120 917 ζόης
1150 861 1380 904 διατελέειν
1410 859 1497 905 ἀπὸ

199 926 394 971 8τούτου
423 931 506 971 τοῦ
534 928 701 983 χρόνου
730 926 857 972 ἐόντα
885 927 1067 984 τυφλόν.
1115 930 1254 982 λέγειν
1286 928 1332 972 δὲ
1363 927 1498 972 αὐτὸν
1511 933 1553 969 15

226 996 328 1051 περὶ
359 998 438 1039 τοῦ
466 995 632 1047 πάθεος
658 994 827 1053 ἤκουσα
855 995 1028 1040 τοιόνδε
1056 996 1154 1039 τινα
1172 998 1318 1053 λόγον.
1356 996 1498 1050 ἄνδρα

228 1065 272 1109 οἱ
310 1062 482 1108 δοκέειν
524 1063 707 1124 ὁπλίτην
747 1062 999 1124 ἀντιστῆναι
1043 1064 1200 1122 μέγαν,
1238 1068 1320 1110 τοῦ
1349 1065 1399 1108 τὸ
1428 1064 1497 1122 γέ-

1892 730 1897 744 .

1890 755 1897 814 Ξ

1888 921 1897 985 i

1886 1035 1897 1074 ἰ

167 1228 321 1266 inhibere
337 1241 445 1267 naves
466 1242 495 1266 s.
508 1230 653 1266 navium
669 1239 831 1273 cursum,-

166 1286 216 1324 cf.
236 1286 319 1334 VII,
342 1288 433 1327 100.
466 1287 559 1327 168.

368 1376 461 1427 cap.
485 1375 638 1413 CXVII.

223 1451 324 1494 κατ-οἳ
360 1453 680 1506 ἑξακισχιλίους]
739 1452 826 1493 Vid.

167 1510 303 1549 matth.
326 1512 392 1549 Gr.
414 1514 479 1550 Gr.
502 1525 589 1562 pag.
616 1509 735 1559 1154,
758 1511 825 1562 qui

165 1568 271 1606 idem
305 1582 394 1619 pag.
427 1571 532 1610 1293
573 1567 827 1605 consulendus

166 1625 216 1663 ad
253 1633 481 1663 structuram
510 1626 613 1662 vocis
641 1626 827 1663 τοσοῦτοι

163 1683 205 1719 in
221 1683 477 1735 sequentibus,
497 1682 584 1730 ubi,
616 1681 664 1718 cs.
687 1682 826 1718 Struve

166 1739 282 1791 Spec.
302 1741 357 1776 III
386 1754 425 1790 p.
443 1742 508 1789 10,
531 1741 680 1788 θῶυμα
710 1750 826 1788 repo—

166 1797 226 1834 sui
245 1810 313 1848 pro
333 1799 471 1847 θῶμα.
528 1796 721 1832 Obtrectat
745 1796 827 1830 He-

167 1852 303 1890 rodoto
314 1850 540 1890 Plutarchus
560 1854 596 1888 II
616 1866 654 1902 p.
669 1854 751 1892 862
764 1853 810 1887 D.
814 1882 827 1899 ,

167 1909 273 1961 quod
300 1917 381 1946 tam
410 1910 596 1958 exiguum
632 1920 829 1945 caesorum

166 1967 371 2004 Persarum
386 1965 594 2017 prodiderit
609 1978 828 2013 numerum,

167 2021 216 2060 de
236 2022 529 2060 Atheniensium
553 2023 674 2073 gloria
702 2021 830 2058 detra-

167 2087 306 2118 cturus.
364 2082 540 2131 Namque
570 2086 735 2116 oratores
756 2079 829 2115 At-

167 2138 260 2174 ticos
280 2135 483 2188 postmodo
501 2137 666 2173 nimium
680 2136 828 2172 auxisse

165 2206 374 2230 numerum
384 2196 588 2230 Persarum
606 2194 647 2229 in
670 2191 742 2229 hac
753 2205 828 2243 pu-

166 2263 245 2300 gna
274 2264 491 2299 caesorum,
523 2250 652 2287 multis
680 2249 827 2287 constat

166 2308 401 2345 testimoniis.
458 2307 544 2344 vid.
572 2305 710 2344 Suidas
737 2320 766 2344 s.
788 2320 827 2344 v.

170 2364 342 2413 Ποικίλη
363 2365 414 2401 Τ.
434 2366 488 2400 111
516 2378 554 2414 p.
576 2366 671 2405 228.
693 2364 826 2401 lustin.

167 2420 216 2467 11,
257 2423 282 2460 9
323 2421 362 2465 ξ.
401 2423 455 2462 20
493 2421 623 2472 ibique
655 2421 827 2458 Diibner.

168 2476 296 2525 Ipsam
317 2489 491 2526 pugnam
503 2476 662 2513 Athenis
674 2478 714 2513 in
735 2490 827 2528 por-

169 2534 260 2580 ticu,
283 2533 344 2569 cui
365 2545 510 2569 nomen
529 2534 695 2580 Poecile,
718 2532 828 2584 depi-

174 2595 275 2624 ctam
311 2589 443 2635 fuisse,
491 2601 605 2638 supra
649 2588 829 2638 diximus,

175 2651 268 2681 teste
289 2646 494 2691 Pausan.I,
514 2645 578 2691 15,
593 2644 630 2689 4,
651 2647 711 2682 cui
732 2645 830 2682 adde

176 2700 223 2737 sis
251 2702 351 2738 Pliu.
372 2703 420 2738 11.
441 2703 488 2739 Ν.
510 2702 674 2750 XXXV,
695 2705 720 2743 8
745 2703 831 2740 coll.

888 1229 1057 1266 cubuere
1073 1256 1082 1276 ‚
1102 1227 1298 1264 tumulum
1317 1239 1554 1263 monumen-

887 1292 1050 1338 tumque
1089 1291 1260 1321 erectum
1291 1284 1405 1321 fuisse
1435 1282 1553 1320 tradit

885 1341 992 1379 idem
1021 1342 1124 1378 testis
1151 1341 1358 1378 Pausanias
1386 1342 1416 1387 I,
1438 1342 1492 1380 32
1514 1341 1552 1385 §-

886 1402 912 1441 3
933 1398 973 1436 id
994 1397 1098 1452 quod
1126 1399 1355 1435 recentiores
1384 1398 1554 1448 peregri-

884 1463 1058 1504 natores,
1090 1456 1131 1491 in
1152 1455 1292 1507 quibus
1325 1455 1399 1491 cito
1427 1466 1552 1489 unum

885 1511 1147 1550 Chandlerum
1166 1513 1295 1557 (Reise
1316 1508 1416 1547 nach
1438 1510 1551 1547 Grie-

885 1568 1077 1606 cheuland
1105 1581 1189 1619 cap.
1223 1568 1376 1605 XXXV
1406 1581 1443 1618 p.
1467 1569 1548 1607 231

883 1639 1004 1678 seqq„
1025 1627 1092 1663 ubi
1111 1624 1372 1663 Marathonius
1389 1636 1550 1673 campus

884 1682 1121 1729 describitur,
1136 1696 1175 1733 p.
1187 1682 1297 1732 235)
1320 1683 1366 1720 G.
1380 1679 1428 1717 de
1441 1680 1550 1717 Vau-

884 1738 1071 1778 doncourt
1092 1737 1370 1788 (Schilderung
1391 1736 1429 1774 d.
1450 1734 1550 1772 lieu-

883 1798 953 1847 tig.
983 1794 1285 1835 Griechenlands
1305 1808 1382 1832 von
1402 1792 1548 1843 Bergk.

883 1866 972 1904 pag.
993 1852 1075 1894 224
1096 1866 1202 1904 seqq.
1223 1851 1270 1889 de
1289 1851 1425 1889 iisdem
1441 1862 1550 1887 cam-

883 1911 942 1961 pis
971 1910 1251 1946 accuratissime
1281 1915 1480 1958 agentem,
1512 1913 1550 1943 et

884 1980 973 2017 pag.
1017 1969 1098 2006 226
1129 1965 1177 2003 de
1217 1965 1393 2015 tumulis)
1432 1970 1548 2015 atque

886 2021 1244 2073 Stackelbergium,
1296 2022 1547 2058 affirmarunt.

887 2081 1041 2117 Confer.
1069 2086 1167 2117 nott.
1191 2079 1240 2116 ad
1259 2079 1323 2127 VI,
1348 2081 1442 2118 102.
1502 2077 1548 2113 In

885 2137 1055 2175 clausula
1075 2135 1230 2184 addam,
1250 2136 1431 2187 Hippiam
1451 2146 1548 2186 quo-

885 2207 961 2246 que
980 2195 1020 2231 in
1031 2192 1103 2230 hac
1124 2206 1255 2244 pugna
1277 2190 1466 2239 cecidisse,
1486 2197 1549 2227 te-

883 2259 939 2289 ste
959 2251 1102 2287 Iustino
1122 2251 1149 2287 l.
1170 2252 1196 2288 l.
1226 2257 1341 2303 atque
1362 2249 1548 2285 Cicerone

883 2307 932 2347 ad
951 2308 1067 2345 Attio.
1087 2309 1157 2355 IX,
1180 2309 1245 2355 10,
1261 2320 1282 2343 a
1304 2319 1379 2358 quo
1401 2304 1550 2342 dissen-

882 2367 928 2403 tit
950 2363 1087 2403 Suidas
1119 2378 1149 2402 s.
1181 2378 1219 2402 v.
1246 2362 1355 2403 Ἱππ.
1376 2363 1426 2400 Τ.
1447 2362 1483 2398 ΙΙ
1508 2374 1547 2412 p.

887 2420 979 2463 142.
1000 2443 1055 2453 ψ-
1085 2422 1131 2457 In
1151 2434 1257 2473 seqq.
1281 2433 1398 2473 quem
1418 2419 1546 2455 Hero-

884 2478 996 2516 dotus
1034 2479 1237 2529 Epizelum
1284 2477 1450 2528 appellat
1465 2504 1475 2523 ,
1504 2475 1546 2511 in

882 2533 1093 2574 Plutarcho
1112 2537 1149 2572 11
1163 2549 1203 2587 p.
1225 2533 1308 2576 305
1330 2535 1372 2572 C.
1387 2538 1547 2572 vocatur

886 2593 1103 2642 Polyzelus,

944 2647 1072 2699 ἄνδρα
1097 2642 1313 2701 γινόμενον
1357 2640 1545 2696 οῗγαθόν]

889 2704 998 2741 Cous.
1018 2710 1114 2741 nott.
1136 2703 1185 2740 ad
1207 2704 1253 2750 V,
1275 2707 1314 2744 2.
1363 2701 1426 2738 Ad
1446 2707 1547 2736 tem-

175 2756 280 2794 Pers.
309 2758 420 2794 Satir.
447 2758 514 2794 llI.
545 2757 612 2798 53.
668 2756 833 2796 Atheni·
888 2774 1028 2812 porum
1046 2762 1210 2798 rationes
1229 2761 1268 2796 iu
1289 2771 1395 2809 seqq.
1418 2755 1549 2792 infini-

177 2813 326 2851 ensibus
346 2827 448 2863 vero,
470 2815 536 2868 qui
556 2815 596 2852 in
615 2827 747 2866 pugna
767 2828 834 2855 oc-
889 2819 975 2857 tivis
997 2810 1550 2871 (στερηθῆναι-διατελέειν)
