1897 3340
386 201 471 243 706

777 191 1244 234 HERODOTI

365 314 496 358 5τας,
532 302 786 362 ἠπειρώτας.
845 301 928 346 ἀπὸ
959 301 1004 346 δὲ
1037 299 1182 356 Ὑρίης
1211 297 1363 349 πόλιος
1399 296 1476 347 τὰς
1513 294 1644 347 ἄλλοις

393 375 563 422 οἰκίσαι,
599 372 678 423 τοὶς
717 371 770 428 δή
803 374 1076 424 ,Ταραντῖνοι
1115 366 1255 423 χρόνῳ
1284 364 1469 418 ὕστερον
1499 365 1644 421 πολλῷ

391 438 684 495 ἐξανιστάντες
728 438 1052 490 προσέπταισαν
1090 433 1303 490 μεγάλως“
1360 431 1468 475 ὥστε
1505 429 1646 485 φόνος

388 507 634 565 Ἑλληνικός
672 505 868 561 μέγιστος
904 500 1031 555 οὗτος
1071 503 1124 559 δή
1165 501 1329 557 ἐγένετο
1359 497 1535 543 πάντων
1561 501 1702 542 τῶν30

393 578 513 635 ἡμεῖς
551 577 699 630 ἰ’δμεν,
739 571 885 615 αὐτῶν
913 587 957 614 τε
989 570 1289 624 Ταραντίνων,
1318 568 1391 611 καὶ
1423 565 1648 621 Ῥηγίνων,

395 648 438 689 οἳ
472 641 560 687 ὑπὸ
602 639 819 683 Μικύθου
858 642 938 682 τοῦ
979 639 1147 691 Χοίρου
1189 635 1530 691 ἀναγκαζόμενοι
1558 635 1649 676 τῶν

395 712 558 760 οἰστῶν,
589 708 662 752 καὶ
695 704 948 763 ἀπικόμενοι
976 704 1155 761 τιμωροὶ
1187 704 1511 758 Ταραντίνοισι,
1542 698 1650 743 ἀπέ-
1677 712 1680 713 ’

342 887 396 925 32
422 890 459 920 et
481 879 618 919 Matth.
654 881 719 918 Gr.
743 880 808 916 Gr.
829 893 869 930 p.
892 877 1000 919 1065

344 941 431 977 coll.
456 941 576 980 1027.
616 937 805 975 Voculam
830 937 902 974 τοῦ
915 941 1002 970 ante

344 992 447 1036 εἶναι
487 996 579 1032 olim
608 994 789 1030 insertam
826 993 1005 1042 ignorant

345 1052 474 1103 scripti
508 1051 605 1088 libri.
656 1049 826 1087 Retinuit
876 1055 1004 1085 tamen

345 1122 431 1146 eam
451 1106 669 1145 Bekkerus.

401 1195 472 1245 volg-
492 1194 614 1245 ἄλλας
632 1195 798 1244 οἰκίσαι]
825 1194 850 1232 i.
868 1207 901 1230 e.
910 1192 1004 1229 alias

346 1268 378 1293 s.
418 1259 551 1292 ceteras
588 1253 795 1290 condidisse.
870 1252 1004 1301 Itaque

347 1312 449 1349 male
482 1310 672 1349 Sancrofti
703 1309 798 1346 liber
826 1307 1002 1356 οἰκῆσαι.

347 1367 411 1405 Ad
432 1373 702 1418 argumentum
730 1365 805 1401 loci
839 1363 1005 1413 disputat

349 1423 496 1462 Hoeck.
540 1424 640 1460 Cret.
675 1422 711 1458 ΙΙ
741 1435 779 1472 p.
815 1419 895 1461 384
923 1431 1004 1470 seq.

350 1482 518 1518 civitates
539 1475 606 1516 has
628 1491 649 1515 a
670 1477 912 1514 Cretensibus
935 1474 1006 1511 ad-

349 1538 456 1576 venis
476 1536 752 1586 Messapiorum
771 1530 1007 1570 multitudini

352 1593 530 1630 admixtis
568 1590 737 1628 conditas
776 1588 1006 1637 Tarentinis,

351 1657 394 1687 ut
415 1650 481 1701 qui
502 1661 659 1686 omnem
684 1647 864 1697 Iapygiae
901 1656 1009 1681 oram

354 1705 489 1743 ditioni
518 1717 609 1742 suae
638 1702 778 1740 addere
807 1702 1009 1748 voluerint,

353 1769 499 1800 tantam
520 1761 689 1797 intulisse
717 1765 904 1808 stragem,
950 1758 1012 1807 ip-

353 1831 516 1870 sumque
529 1818 756 1862 Tarentum,
778 1816 841 1851 ille
851 1820 1014 1852 conten-

356 1875 422 1923 dit,
451 1888 472 1911 a
492 1874 685 1924 Messapiis
714 1870 932 1908 hominibus
953 1876 1014 1906 at-

356 1945 433 1984 que
472 1930 712 1967 Cretensibus
734 1929 854 1978 -prius
900 1927 1014 1964 fuisse

356 1987 582 2034 habitatum,
605 1998 721 2038 quam
732 1986 902 2022 Lacones
917 1983 1014 2020 duce

356 2042 572 2082 Phalantho
593 2042 827 2090 accesserint,
850 2052 1015 2092 quorum

359 2100 475 2152 opera
494 2113 588 2136 mox
607 2100 696 2136 urbs
724 2099 788 2134 illa
819 2104 1016 2147 tantopere

359 2157 540 2204 creverit,
562 2162 604 2192 ut
633 2167 723 2191 sane
743 2155 914 2190 Lacones
946 2164 1015 2202 pro

359 2214 461 2249 urbis
495 2212 710 2248 auctoribus
744 2217 857 2261 atque
879 2207 1017 2246 condi-

360 2269 501 2305 toribus
531 2266 774 2303 haberentur.

416 2343 486 2391 τάς
515 2341 566 2395 δή
606 2345 842 2394 Ταραντῖνοι
885 2334 1015 2393 χρόνῳ

360 2399 528 2452 ’ὕστερον
546 2402 680 2453 πολλῷ
703 2398 719 2438 ἐ
737 2399 826 2446 ξαν
839 2412 852 2436 ι
867 2409 917 2435 στ
933 2393 957 2434 οἳ
970 2412 1017 2434 ν·-

362 2458 474 2506 τες]
504 2460 653 2494 evertere
691 2459 855 2492 conantes
897 2453 1017 2489 inter'-

362 2521 528 2567 pretatur
549 2510 767 2562 Schweigh.
825 2509 1017 2561 Equidem

363 2571 402 2611 h.
423 2572 450 2612 l.
470 2583 548 2607 non
577 2576 656 2606 tam
682 2568 728 2604 de
750 2568 901 2603 urbium
924 2579 1017 2603 ever-

362 2630 468 2674 sione,
491 2638 607 2678 quam
637 2625 684 2662 de
714 2625 923 2661 incolarum
956 2635 1018 2660 ex-

361 2685 532 2735 pulsione,
575 2695 669 2735 quos
710 2682 827 2718 victos
857 2681 895 2715 in
927 2680 1017 2715 alias

364 2741 444 2778 scil.
491 2738 621 2787 sedes,
679 2744 721 2774 ut
770 2737 886 2773 moris
925 2742 1017 2783 erat,

365 2797 635 2844 transtulerint,
656 2795 718 2846 agi
743 2792 910 2831 credam.
956 2791 1018 2828 Ad

1056 871 1187 928 χρόνῳ
1227 870 1392 925 ὕστερον
1424 875 1560 927 πολλῷ
1603 870 1708 909 conf.

1057 933 1197 978 V1,72
1235 938 1272 967 et
1303 929 1352 966 ad
1384 931 1545 966 verbum
1583 939 1710 980 προσ-

1059 987 1214 1027 πταίειν
1234 993 1330 1024 nott.
1361 984 1409 1022 ad
1429 986 1458 1033 I,
1481 985 1548 1026 65.
1583 986 1710 1034 Ipsam

1060 1057 1150 1083 vero
1169 1042 1268 1080 hanc
1290 1041 1438 1079 cladem
1461 1041 1712 1078 enarratDio-

1060 1100 1141 1138 dor.
1161 1101 1230 1147 XI,
1251 1100 1318 1141 52.
1340 1120 1396 1126 ——
1425 1099 1470 1134 In
1490 1109 1596 1149 seqq.
1617 1097 1712 1133 scri-

1059 1158 1116 1208 psi
1143 1151 1275 1195 αὕτῶν
1306 1167 1375 1206 pro
1397 1150 1546 1193 αὐτέων
1566 1159 1609 1189 ut
1630 1151 1712 1201 VII,

1064 1216 1139 1255 171
1162 1207 1316 1251 τούτων
1341 1224 1410 1261 pro
1430 1209 1613 1249 τουτέων.

1116 1269 1156 1308 οἳ
1180 1266 1259 1307 ὑπὸ
1294 1263 1495 1306 Μικύθου
1517 1268 1590 1305 τοῦ
1615 1263 1716 1304 Χοί-

1060 1340 1133 1376 ρου
1146 1320 1452 1378 ἀναγκαζόμενοι
1466 1324 1547 1361 τῶν
1563 1317 1715 1370 ὀστῶν]

1062 1382 1101 1421 οἳ
1133 1387 1277 1432 spectat
1311 1379 1359 1417 ad
1380 1380 1575 1428 Rheginos,
1605 1378 1673 1430 qui
1697 1389 1716 1414 e

1063 1440 1192 1475 civium
1223 1450 1363 1474 numero
1388 1437 1488 1486 (τῶν
1509 1430 1653 1481 οἶστῶν,
1673 1438 1718 1470 ut

1067 1496 1146 1542 VII,
1183 1493 1280 1544 156)
1320 1493 1446 1530 delecti
1485 1505 1509 1529 a
1554 1488 1720 1540 Micytko

1065 1552 1179 1588 coacti
1199 1554 1300 1586 erant
1319 1549 1368 1586 acl
1388 1548 1566 1586 auxilium
1581 1545 1721 1584 Taren-

1066 1609 1152 1644 tinis
1185 1605 1377 1656 ferendum
1421 1618 1451 1641 s.
1500 1603 1721 1641 auxiliatum

1065 1665 1164 1701 missi
1189 1665 1301 1699 erant.
1371 1660 1570 1698 Werferus
1591 1658 1722 1708 (Actt.

1066 1719 1174 1771 phill.
1194 1720 1367 1756 Monacc.
1397 1718 1416 1754 I
1437 1730 1474 1767 p.
1495 1715 1576 1757 240
1597 1727 1674 1766 seq.
1689 1713 1722 1763 )‚

1069 1778 1130 1814 cui
1149 1775 1243 1812 haec
1259 1773 1517 1825 interpretatiO
1538 1771 1722 1822 displicet,

1067 1846 1179 1871 voces
1198 1833 1279 1870 τῶν
1295 1827 1424 1870 οἰστῶν
1443 1831 1512 1866 'suo
1531 1829 1616 1865 loco
1635 1839 1725 1864 mo-

1069 1897 1147 1938 tas,
1183 1895 1270 1925 ante
1300 1883 1509 1927 ἅπέθανον
1547 1881 1725 1921 collocari

1070 1947 1173 1992 vult,
1211 1945 1278 1981 ubi
1323 1943 1603 1992 coniungantur
1634 1950 1726 1977 cum

1069 2002 1283 2052 τρισχίλιοι,
1297 1999 1433 2037 eodem
1444 1996 1572 2043 modo,
1586 2008 1662 2048 quo
1674 1995 1724 2042 11,

1076 2060 1166 2100 158.
1189 2058 1270 2104 Vll,
1292 2059 1357 2096 21.
1380 2057 1475 2095 223.
1506 2053 1604 2099 VIII,
1629 2054 1724 2091 117.

1076 2113 1166 2155 124.
1197 2112 1291 2149 Mihi
1311 2112 1374 2148 tali
1394 2110 1605 2146 mutatione
1621 2105 1726 2144 haud

1071 2169 1220 2207 videtur
1240 2180 1333 2218 opus
1354 2178 1446 2203 esse.
1496 2167 1546 2201 Et
1565 2162 1727 2202 vide-si-

1071 2226 1202 2261 milem
1222 2225 1350 2261 locum
1371 2222 1468 2269 vm,
1491 2220 1558 2262 55.
1603 2234 1728 2271 τιμω-

1072 2279 1134 2332 ροὶ
1155 2279 1192 2316 h.
1211 2280 1235 2317 l.
1248 2280 1364 2317 iidem
1385 2284 1473 2315 sunt
1493 2284 1608 2329 atque
1626 2277 1727 2327 βοη-

1072 2335 1144 2376 θοὶ
1164 2338 1418 2383 V11‚169.—
1438 2332 1500 2370 Ad
1521 2345 1728 2384 argumen-
1795 2382 1798 2383 ⁷

1073 2401 1157 2430 tum
1177 2394 1250 2430 loci
1271 2393 1373 2429 conf.
1395 2389 1552 2428 Diodor.
1578 2390 1646 2436 XI,
1659 2390 1727 2429 66.

1073 2452 1115 2486 In
1129 2463 1235 2502 seqq.
1257 2450 1431 2487 voculam
1446 2443 1549 2486 οὕτω
1559 2446 1611 2482 sic
1621 2450 1728 2496 post-

1073 2508 1236 2558 positam
1273 2504 1343 2555 (ut
1365 2499 1428 2551 εὖ,
1459 2502 1507 2539 de
1539 2514 1617 2554 quo
1646 2498 1727 2539 vid.

1075 2565 1152 2601 citt.
1175 2562 1223 2599 ad
1243 2563 1288 2609 V,
1319 2560 1397 2613 27)
1420 2560 1539 2596 nolim
1556 2558 1728 2608 accipere

1074 2619 1224 2671 ὁμοίως
1255 2632 1285 2655 s.
1313 2615 1379 2656 τὸν
1414 2611 1533 2655 αὐτὸν
1562 2609 1727 2666 τρόπον,

1074 2683 1116 2713 ut
1137 2677 1216 2712 aliis
1235 2675 1387 2725 placuit,
1408 2670 1474 2709 sed
1494 2673 1549 2708 ita
1568 2671 1639 2707 i.e.
1664 2668 1728 2705 Ιιοο

1075 2732 1193 2781 mod03
1213 2731 1280 2768 hac
1296 2731 1485 2775 occasione,
1513 2739 1626 2777 opem
1646 2725 1729 2763 soil.

1075 2802 1165 2827 cum
1183 2789 1324 2826 ferrent
1343 2784 1575 2823 Tarentinis.
