1897 3340
40 673 137 718 121

530 156 1171 206 POLYMNIA.V11.
1389 163 1470 200 011

176 277 339 327 2,,στης
376 269 540 326 ἡμέρης
579 267 752 324 ἐνόμισε
790 270 914 310 σῖτον
958 262 1198 317 αἱρέεσθαι.
1275 265 1474 320 παρέχειν

205 337 316 393 ,,γοὲρ
348 336 407 380 ἂν
430 337 729 393 Ἀβδηρίτῃσι,
770 335 806 377 εἰ
847 333 921 376 καὶ
964 332 1147 385 ἄριστον
1169 332 1404 388 προείρητο
1435 334 1476 375 ὁ-

206 410 339 460 ,,μοῖα
375 410 434 463 τῷ
474 407 632 460 δείπνῳ
673 399 1040 456 παρασκευάζειν,
1081 399 1110 456 ἢ
1139 399 1198 456 μή
1236 397 1475 454 ὑπομένειν
1489 407 1531 440 50

204 473 396 529 ,,Ξέρξεα
424 471 612 523 ἐπιόντα,
641 468 671 525 ἢ
700 470 1056 524 καταμείναντας,
1087 467 1271 512 κάκιστα
1299 465 1478 509 πάντων

206 540 486 596 ,,οἷνθρώπων
526 540 813 593 διατριβῆναι.
828 542 852 561 “
915 538 970 580 Οἱ
1006 536 1086 592 μὲν
1125 538 1179 593 δὴ
1216 533 1478 591 πιεζόμενοι,

208 609 374 666 ὁμοίως
404 607 454 652 τό
485 604 827 662 ἐπιτασσόμενον
856 604 1096 649 ἐπετέλεον.

291 676 449 731 Ξέρξης
488 674 534 718 δὲ
573 674 619 718 ἐκ
658 677 734 729 τῆς
768 670 1004 724 Ἀκάνθου,
1035 668 1334 728 ἐντειλάμενος
1362 675 1476 715 τοῖσι

206 748 483 800 στρατηγοῖσι
511 743 589 785 τὸν
608 741 818 785 ναυτικὸν
834 740 1023 796 στρατὸν
1041 739 1277 797 ὑπομένειν
1297 741 1345 784 ἐν
1377 739 1480 795 Θέρ-

204 829 278 869 μῃ,
308 811 446 868 ἀπῆκε
486 809 554 853 ἄπ’
600 809 767 853 ἑωυτοῦ
804 808 1074 864 πορεύεσθαι
1102 808 1179 860 τὰς
1216 808 1340 860 νέας·
1373 808 1477 861 Θέρ-

203 897 264 938 μῃ
306 880 352 924 δὲ
382 883 435 938 τῇ
465 879 512 922 ἐν
549 881 611 935 τῷ
654 878 856 936 Θερμαίῳ
896 876 1046 936 κόλπῳ
1079 876 1300 934 οἰκημένῃ,
1329 873 1400 920 ἀπ’
1429 871 1481 933 ἧς

203 948 280 992 καὶ
309 946 332 992 ὁ
363 947 528 1000 κόλπος
558 941 687 999 οὗτος
714 947 793 1003 τὴν
820 946 1074 1002 ἐπωνυμίην
1102 945 1209 1002 ἔχει·
1239 942 1375 1003 ταύτῃ
1393 944 1476 1001 γὰρ

176 1015 481 1061 Ξέπυνθάνετο
522 1015 868 1072 συντομώτατον
907 1013 1034 1059 εἶναι.

146 1202 409 1255 proferuntur)
421 1204 740 1255 praepositionem
750 1201 815 1240 de-

147 1261 217 1297 leri
227 1261 411 1299 voluerat.
434 1283 490 1288 —
518 1260 583 1297 Ad
597 1257 645 1299 τοὶ
668 1258 814 1299 ἔπιπλα

148 1317 250 1356 conf.
272 1318 303 1365 1,
324 1315 392 1358 94.
422 1319 485 1365 VI,
503 1320 572 1358 23.

358 1406 452 1458 Cap.
473 1407 595 1445 CXX.

205 1487 317 1525 σῖτον
347 1484 584 1537 αἱρέεσθαι]
618 1485 729 1522 Conf.
749 1484 814 1533 IV,

153 1543 232 1583 128
249 1543 449 1595 ibiqmott.
473 1545 649 1594 νομίζειν
670 1540 732 1579 hic
744 1555 814 1580 va-

148 1598 203 1636 let
224 1599 343 1647 solere,
366 1613 593 1638 consuescere.
624 1598 687 1636 Ad
706 1600 814 1637 verbi

148 1653 336 1708 παρέχειν
364 1670 479 1695 usum
519 1658 561 1694 iu
599 1670 704 1709 seqq.
752 1656 813 1693 fa-

150 1713 255 1749 ciunt
277 1714 386 1751 allata
409 1713 458 1751 ad
476 1714 522 1762 V,
544 1712 609 1754 49.

206 1765 374 1809 κάκιστα
398 1767 564 1809 πάντων
577 1765 813 1821 ἀνθρώπων

151 1824 432 1877 διατριβῆναι]
472 1828 497 1864 i.
529 1841 562 1865 e.
597 1839 632 1863 se
668 1828 815 1876 pessime

151 1884 303 1919 omnium
341 1887 505 1921 attritum
534 1884 595 1920 z'rz‘.
648 1881 813 1934 Hesych.

151 1939 170 1974 Ῑ
193 1952 230 1989 p-
259 1941 354 1980 971.
371 1940 664 1991 διατριβῆναι·
711 1937 814 1978 α’7το-

150 1993 304 2035 λέσθαι.
362 1998 441 2034 Nec
463 1996 590 2033 differt
616 1995 665 2032 ad
693 1997 815 2047 signi-

151 2051 392 2102 ficationem,
424 2053 529 2106 quod
556 2055 596 2090 in
626 2066 705 2090 uno
727 2052 814 2090 cod.

153 2116 273 2146 exstat
293 2108 543 2162 ἐκτριβῆναι,
573 2109 621 2146 de
652 2123 729 2162 quo
765 2110 813 2151 cf.

153 2165 297 2203 Herod.
326 2168 390 2214 VI,
421 2170 488 2209 37.
519 2169 585 2208 86.
630 2165 814 2218 Sophocl.

154 2221 249 2259 Oed.
270 2223 363 2274 Tyr.
380 2223 475 2264 435.
506 2225 642 2275 Synes.
659 2223 813 2264 Provid.

152 2280 171 2314 I
198 2291 238 2329 p.
261 2281 340 2320 108
365 2281 411 2316 D.
451 2302 503 2308 —-
549 2282 608 2316 De
636 2280 816 2318 Abderitis

155 2334 257 2371 conf.
287 2335 386 2382 Vln,
430 2338 521 2376 120.
560 2358 617 2364 —
665 2339 710 2374 Iu
737 2337 814 2374 fine

156 2404 241 2442 cap.
262 2404 330 2441 pro
353 2390 500 2441 ὁμοίως
525 2390 568 2439 (i.
590 2406 621 2429 e.
652 2395 816 2431 consimi-

154 2448 237 2485 liter
247 2451 288 2484 ut
299 2447 455 2498 reliquae
472 2449 651 2497 civitates)
670 2446 714 2489 τό
727 2448 814 2488 ἔπι-

153 2503 401 2548 τασσόμενον
413 2503 612 2543 ἐπετέλεον
632 2503 814 2541 Schaefe-

154 2573 218 2598 rus
239 2560 288 2598 ad
308 2562 467 2612 Gregor.
505 2561 591 2598 Cor.
625 2573 709 2611 pag.
733 2563 811 2601 631

158 2629 247 2653 cum
265 2616 395 2655 Reisk.
415 2618 562 2655 mavult
581 2613 701 2666 ὅμως,
712 2615 816 2668 quod

162 2671 266 2710 idem
313 2674 470 2712 forsitan
515 2675 659 2724 legerat
695 2674 816 2721 Valla,

163 2728 342 2782 quodque
362 2729 451 2769 hinc
463 2732 503 2767 in
514 2737 665 2768 textum
675 2731 817 2780 recepit

162 2784 375 2824 Bekkerus.

1102 1013 1246 1071 Μέχρι
1286 1013 1366 1069 μὲν
1394 1012 1478 1069 γὰρ

1072 1200 1164 1250 Cap.
1179 1199 1319 1237 CXXI.

928 1255 973 1295 ἐν
993 1254 1156 1311 Θέρμῃ]
1193 1256 1344 1294 Therma
1365 1257 1535 1293 Graeco-

870 1321 957 1349 rum
996 1314 1146 1350 colonia
1176 1312 1225 1350 acl
1257 1327 1364 1350 mare
1394 1315 1463 1351 sita
1493 1314 1534 1350 in

871 1371 953 1420 ipso
992 1371 1128 1407 intimo
1169 1372 1285 1419 sinus,
1339 1372 1406 1422 qui
1444 1369 1536 1407 inde

871 1426 1095 1464 Thermaici
1110 1440 1255 1464 nomen
1286 1428 1450 1478 accepit,
1472 1441 1537 1464 re-

872 1496 980 1521 cessu
996 1513 1006 1532 ,
1039 1497 1084 1521 eo
1105 1484 1184 1521 fere
1205 1485 1318 1529 loco,
1366 1497 1443 1536 quo
1462 1497 1537 1535 po-

870 1547 949 1578 stea
980 1539 1271 1578 Thessalonices
1311 1541 1401 1577 urbs
1433 1542 1535 1578 cele-

868 1597 1054 1643 berrima,
1073 1611 1177 1635 nunc
1199 1599 1352 1649 cognita
1373 1599 1533 1635 nomine

871 1653 1073 1702 Salonichi,
1095 1655 1167 1692 fuit
1188 1662 1391 1692 exstructa.
1434 1656 1535 1692 Hinc

873 1712 1012 1749 Strabo
1048 1713 1119 1749 VII
1152 1726 1192 1763 p.
1223 1714 1304 1752 330
1325 1725 1354 1751 5.
1378 1710 1460 1752 509
1490 1713 1535 1751 Β.

873 1768 1146 1819 Θεσσαλονίκη
1164 1767 1194 1820 ἦ
1215 1764 1409 1819 πρότερον
1435 1767 1538 1819 Θέρ-

871 1840 925 1876 μη
947 1823 1133 1864 ἐκαλεῖτο.
1193 1825 1308 1861 Sinus
1348 1824 1536 1862 Thermai-

870 1895 931 1918 cus
944 1882 1128 1918 Pallenen
1152 1888 1188 1918 et
1209 1879 1453 1918 Chalcidicen
1472 1894 1538 1918 re-

870 1939 1017 1989 liquam
1047 1951 1067 1974 a
1090 1937 1317 1974 Macedonia
1357 1951 1535 1989 separans

870 1993 1134 2032 Macedonicus
1158 1993 1247 2031 hinc
1279 2008 1434 2047 quoque
1462 2008 1537 2032 vo-

870 2052 1047 2099 cabatur3
1079 2065 1183 2088 nunc
1203 2064 1348 2088 nomen
1378 2052 1452 2088 fert
1486 2052 1533 2089 ab

870 2109 964 2145 urbe
978 2107 1186 2146 salonichi.
1208 2107 1295 2145 Vid.
1312 2101 1532 2146 Tzst’zhuck.

871 2164 920 2201 ad
953 2165 1043 2202 Mel.
1070 2167 1118 2210 Π,
1150 2167 1174 2204 3
1213 2166 1250 2210 ξ.
1284 2167 1302 2205 1
1333 2178 1421 2217 pag.
1454 2167 1534 2206 163

870 2228 968 2259 nott.
1003 2234 1142 2272 exegg.
1185 2222 1376 2271 Mannert.
1405 2222 1476 2259 VII
1494 2235 1535 2273 p.

870 2276 951 2319 473
981 2292 1088 2331 seqq.
1108 2301 1165 2306 —
1201 2280 1296 2316 Mox
1323 2292 1344 2315 e
1372 2280 1534 2316 Floren-

869 2336 949 2372 tino
971 2348 1015 2373 ac
1034 2336 1152 2373 tribus
1174 2337 1253 2373 aliis
1274 2335 1364 2373 dedi
1385 2331 1533 2388 πορεύ-

871 2396 993 2431 εσθαι
1034 2389 1107 2440 τοὶς
1145 2392 1238 2439 νεάς
1255 2423 1264 2441 ,
1314 2393 1382 2430 ubi
1412 2393 1530 2442 vulgo

869 2445 940 2494 τοὶς
961 2462 997 2487 ν.
1017 2444 1276 2501 πορεύεσθαι,
1303 2448 1351 2486 de
1372 2463 1448 2502 quo
1469 2450 1533 2485 iu-

870 2504 1017 2541 finitivo
1047 2513 1132 2555 post
1154 2501 1283 2557 (ἐπῆκε
1303 2507 1407 2543 illato
1429 2504 1530 2542 conf.

870 2566 966 2597 nott.
989 2558 1036 2598 ad
1055 2562 1118 2609 Vl,
1141 2565 1207 2604 81.
1223 2585 1279 2590 —
1299 2561 1532 2612 ἐπωνυμίην

871 2614 976 2652 idem
1005 2617 1216 2667 significare
1244 2626 1358 2671 atque
1388 2615 1530 2668 ὄνομα,

873 2670 954 2709 dixi
973 2672 1021 2710 ad
1043 2674 1085 2723 V,
1109 2678 1176 2716 66.

929 2727 1230 2781 συντομώτατον
1251 2725 1369 2776 εἶναι]
1389 2729 1446 2764 De
1459 2724 1531 2764 hac

873 2797 966 2822 voce
982 2786 1083 2825 conf.
1096 2794 1191 2824 nott.
1204 2786 1252 2824 ad
1271 2785 1317 2832 V,
1341 2788 1406 2824 17.
1437 2783 1530 2819 Cae-

1156 2838 1257 2883 89*

1536 667 1616 702 Quot
1641 668 1809 702 agminibus

1534 702 1640 736 copiae
1671 703 1760 736 pede-

1536 740 1627 769 stres,
1646 737 1744 763 classe
1762 746 1807 763 ‹30-

1536 770 1675 804 mitante,
1696 770 1808 797 iterin-

1492 804 1573 848 r5de
1591 812 1609 830 a
1629 805 1753 830 Dorisco

1489 828 1510 849 ¹)
1537 846 1632 872 usque
1645 838 1810 865 Acanthum

1536 871 1674 899 fecerint.
1695 873 1789 898 Acan-

1538 905 1589 932 tho
1610 905 1714 932 classis
1732 905 1810 932 insi-

1533 947 1605 966 num
1623 939 1787 967 Thermai-

1534 982 1600 1001 cum
1630 974 1809 1009 praemissa,
