1897 3340
260 1333 358 1377 110

418 1399 486 1452 δὲ,
524 1399 725 1456 ἡκόντων
754 1398 796 1451 ἐς
822 1398 871 1442 τὸ
901 1399 1053 1442 πεδίον
1082 1397 1131 1442 τὸ
1150 1399 1433 1454 Σαλαμινίων
1459 1398 1548 1439 τῶν
1577 1399 1687 1451 Περ-

413 281 498 321 214
815 278 1275 315 HERODOTI

415 385 669 444 ,,ταχθ·έντες
690 387 893 441 Περσέων
922 388 1245 440 διαπειρᾶσθαι,
1276 384 1369 442 ὥρη
1393 384 1449 428 ἂν
1476 385 1540 436 εἴη
1559 382 1677 439 ὑμῖν,

415 454 656 510 ,,έκβάντας
684 454 730 497 ἐκ
758 459 847 496 τῶν
879 458 1012 506 νεῶν,
1042 453 1278 497 τάσσεσθαι
1306 457 1432 509 πεζῇ,
1471 450 1604 507 ἡμέας
1634 450 1681 494 δὲ

417 523 487 574 ,,ές
507 523 584 574 τὰς
612 522 714 572 νέας
741 521 960 578 ἐμβαίνειν
988 521 1065 573 τοὶς
1094 520 1324 576 ὑμετέρας,
1361 521 1531 571 Φοίνιξι
1553 517 1680 561 ἄντα-

417 588 782 647 ,,γωνιευμένους·
833 591 869 631 εἰ
907 589 952 633 δὲ
997 591 1218 649 Φοινίκων
1257 593 1423 643 μᾶλλον
1466 583 1682 643 βούλεσθε

419 660 780 713 ,,διαπειρᾶσθαι,
820 654 984 699 ποιέειν
1011 656 1140 713 χρεόν
1178 657 1265 700 ἐστι
1302 655 1458 709 ὑμέας,
1500 649 1739 706 ὁκότερα90

417 724 500 777 υεἶὲν
531 728 583 782 δὴ
614 723 786 769 τούτων
816 723 990 779 ἕλησθε,
1031 723 1142 775 ὅκως
1181 722 1230 766 τὸ
1263 719 1357 766 κατ’
1390 722 1525 778 ὑμέας
1565 720 1685 763 ἔσται

390 794 482 849 3,,ἥ
512 809 557 836 τε
581 790 722 847 Ἰωνίη
753 791 826 835 καὶ
861 789 889 847 ἡ
921 790 1100 844 Κύπρος
1141 791 1396 846 έλευθέρη.“

1465 786 1611 832 Εἶπαν
1641 788 1684 830 οἱ

404 859 553 910 Ἴωνες
591 859 703 913 πρὸς
742 863 899 902 ταῦτα·
952 859 1133 914 ,ἶΗμέας
1173 857 1394 913 ἀπέπεμψε
1433 857 1482 900 τό
1531 854 1684 899 κοινὸν

417 930 531 978 ,,ττόν
564 924 727 970 Ἰώνων
756 926 1030 982 φυλάξοντας
1070 928 1149 984 τὴν
1177 927 1429 975 θάλασσαν,
1471 922 1569 966 ἀλλ’
1601 919 1684 965 οὐκ
1715 978 1719 981 ι

416 997 521 1049 ,,ἵνα
550 996 792 1049 Κυπρίοισι
826 992 903 1044 τοὶς
944 992 1044 1045 νέας
1071 995 1362 1048 παραδόντες,
1409 989 1534 1034 αὐτοὶ
1573 989 1683 1043 Πέρ-
1696 995 1742 1029 95

386 1067 548 1119 4,,σῃσι
585 1065 689 1117 πεζῇ
719 1059 1086 1117 προσφερώμεθα.
1128 1060 1248 1118 ἡμεῖς
1288 1060 1366 1116 μέν
1404 1076 1488 1102 νυν
1527 1055 1595 1101 ἐπ’
1629 1051 1686 1099 οὑ

415 1128 708 1186 ,,έτάχθημεν,
767 1127 905 1185 ταύτῃ
964 1128 1266 1185 πειρησόμεθα
1324 1126 1436 1172 εἶναι
1485 1125 1685 1182 χρηστοί·

408 1196 574 1254 ,,ὑμέας
604 1197 650 1240 δὲ
679 1195 808 1252 χρεόν
838 1196 939 1248 ἐστι,
990 1194 1353 1251 ἀναμνησθέντας
1387 1192 1458 1238 οἷα
1488 1193 1688 1248 ἐπάσχετε

416 1262 735 1318 ,,δουλεύοντες
771 1262 881 1318 πρὸς
918 1269 1007 1306 τῶν
1047 1262 1239 1319 Μήδων,
1281 1265 1484 1319 γίνεσθαι
1525 1260 1687 1314 ἄνδρας

415 1329 682 1389 ,,οἰγαθοὺς.“
730 1330 878 1383 Ἴωνες
915 1330 996 1387 μὲν
1025 1329 1220 1374 τούτοισι
1251 1329 1502 1387 ἀμείψαντο.
1562 1326 1688 1370 Μετὰ

419 1468 556 1519 σέων,
590 1469 834 1515 διέτασσον
875 1468 918 1510 οἱ
957 1466 1150 1522 βασιλέες
1181 1470 1270 1510 τῶν
1299 1465 1534 1519 Κυπρίων,
1579 1463 1718 1514 τούς2

420 1636 506 1691 ὥρη
528 1636 579 1679 ἂν
598 1639 659 1690 εἰή
669 1637 785 1689 ὑμῖν]
804 1636 1024 1688 Schweigh.

363 1697 492 1746 „nulla
519 1698 727 1747 interposita
755 1707 851 1732 mora
893 1698 1027 1745 oportet

362 1767 424 1792 vos
461 1754 611 1792 navibus
645 1764 800 1801 egressos
833 1751 1027 1801 pedestrem

362 1813 533 1849 instruere
551 1812 674 1846 aciem.
711 1809 770 1844 De
792 1809 1029 1845 Graecorum

364 1865 531 1904 dictione
543 1862 626 1916 ὥρα
642 1878 671 1902 s.
685 1860 768 1915 ὥρα
781 1861 829 1914 δή
852 1865 898 1901 cf.
911 1865 1030 1900 Stall-

365 1924 496 1959 baum.
527 1921 576 1959 ad
596 1919 853 1958 Plat.Phileb.
873 1934 912 1971 p.
934 1923 1030 1960 213.

365 1981 444 2016 Nec
466 1980 572 2016 aliter
599 1979 678 2015 fere
712 1978 836 2014 Cicer.
857 1977 1030 2014 Tusculi.

365 2037 395 2084 Ι,
419 2034 496 2076 41:
538 2035 646 2083 „Sed
677 2040 827 2085 tempus
849 2041 925 2081 est,
966 2034 1029 2069 in-

367 2093 461 2144 quit,
490 2094 568 2129 iam
602 2090 690 2128 hinc
721 2091 823 2127 abire
852 2104 943 2136 me,
987 2096 1030 2126 ut

367 2149 521 2185 moriar.
587 2169 642 2174 —
680 2147 774 2183 Mox
805 2145 893 2183 dedi
915 2143 1028 2197 χοεόν

370 2206 425 2241 bis
465 2216 534 2254 pro
579 2217 728 2254 χρεων,
772 2202 876 2254 quod
896 2200 1031 2238 Matth.

370 2260 491 2298 tenuit
521 2259 626 2309 (vid.
655 2259 700 2306 V,
731 2257 810 2308 49)
842 2266 878 2295 et
900 2253 1032 2296 αὑτῶν

371 2330 451 2381 pro
461 2311 624 2355 αὑτέων.

428 2368 533 2419 ὅκως
560 2387 603 2411 το
635 2365 720 2409 κατ’
742 2367 866 2420 ὑμέας
897 2367 1029 2416 ἔσται]

373 2428 435 2466 Ad
463 2429 622 2466 voculae
658 2423 759 2472 ὅκως
799 2439 908 2462 usum
931 2426 1031 2461 conf.

375 2484 509 2522 Matth.
532 2486 599 2522 Gr.
626 2484 692 2520 Gr.
722 2495 808 2532 pag.
834 2485 952 2523 1037.
988 2478 1030 2520 τὸ

375 2536 454 2580 κατ’
489 2539 613 2591 ὑμέας
641 2540 762 2576 valet:
805 2541 1033 2588 quantumin

375 2599 470 2636 vobis
491 2600 558 2635 erit
578 2611 605 2634 s.
621 2600 790 2646 quantum
809 2608 870 2645 per
888 2607 947 2632 vos
959 2599 1034 2631 sta-

375 2656 438 2701 bet,
470 2655 582 2705 plane
608 2659 647 2688 nt
669 2652 751 2698 Vll,
784 2652 874 2691 158.
898 2672 950 2677 --
991 2653 1034 2687 In

375 2725 482 2763 seqq.
511 2724 579 2763 pro
605 2706 648 2748 τό
667 2705 801 2746 κοινὸν
829 2707 904 2743 duo
926 2707 1037 2745 codd.

376 2766 424 2806 τοῖ
445 2765 580 2815 κοινοῖς
613 2764 678 2804 sed
700 2772 739 2801 tu
761 2765 861 2802 conf.
884 2766 946 2810 vl,
978 2763 1037 2804 14.

379 2824 444 2865 58.
465 2824 515 2869 V,
536 2824 602 2870 85,
624 2835 672 2859 ne
704 2822 824 2872 plura.
892 2823 1037 2866 Quam-

380 2893 498 2933 quam
538 2893 615 2916 nou
654 2891 803 2929 prorsus
844 2878 1038 2915 insolitum

1084 1652 1163 1675 esse
1184 1639 1371 1689 pluralem
1391 1649 1597 1674 numerum
1617 1643 1746 1673 osten-

1085 1695 1180 1732 dunt
1201 1708 1298 1747 quae
1322 1694 1432 1731 Held.
1450 1695 1573 1730 attulit
1585 1692 1633 1730 ad
1652 1693 1747 1730 Plu-

1085 1750 1204 1788 tarch.
1226 1752 1371 1788 Timol.
1395 1753 1418 1791 3
1439 1763 1526 1801 pag.
1549 1752 1644 1790 320.
1698 1751 1749 1786 At

1086 1807 1175 1844 huic
1212 1809 1298 1844 loco
1338 1820 1416 1843 ιιοιι
1448 1808 1520 1843 uisi
1540 1804 1583 1845 τό
1614 1804 1749 1845 κοινὸν

1086 1864 1173 1901 mest
1203 1863 1361 1915 quidem
1387 1862 1573 1900 sentens-21
1605 1876 1751 1900 conve-

1085 1922 1164 1967 nit,
1196 1934 1272 1972 quo
1294 1921 1458 1956 crebrius
1488 1918 1676 1956 iudicatur
1695 1922 1751 1958 ci-

1086 1979 1179 2014 vitas
1210 1991 1239 2015 s.
1274 1989 1446 2014 commune
1467 1976 1528 2024 (ut
1542 1977 1669 2013 Latini
1687 1975 1748 2013 di-

1087 2034 1221 2081 cunt).
1279 2035 1345 2070 Tu
1372 2033 1449 2070 vid.
1482 2033 1660 2070 IacobitZ.
1701 2033 1750 2071 ad

1086 2091 1246 2127 Lucian.
1269 2091 1413 2126 Toxar.
1432 2102 1518 2140 pag.
1533 2087 1558 2127 4
1580 2090 1751 2137 (ubino-

1086 2154 1161 2183 ster
1181 2147 1285 2182 loc-us
1307 2145 1462 2182 affertur
1475 2148 1505 2194 ).
1534 2146 1750 2184 Tittmaun.

1090 2201 1241 2239 Griech.
1279 2203 1498 2240 staatsverf.
1538 2215 1626 2253 pag.
1668 2204 1751 2244 400

1089 2272 1195 2310 seqq.
1229 2265 1263 2294 et
1294 2257 1568 2296 &Vachsmutlh
1600 2260 1750 2296 Hellen.

1090 2313 1370 2352 Alterthumsk.
1394 2317 1422 2359 l,
1451 2318 1465 2353 l
1492 2329 1528 2365 p.
1552 2318 1646 2355 317.
1676 2317 1752 2352 Pro

1093 2368 1343 2421 φυλάξοντας
1382 2372 1623 2407 Florentinus
1663 2385 1753 2408 cum

1090 2427 1237 2464 duobus
1260 2428 1338 2464 aliis
1356 2426 1467 2464 codd.
1485 2423 1753 2475 φυλάξαντας.

1090 2486 1165 2520 Pro
1189 2479 1246 2522 ἐπ’
1273 2478 1334 2531 οὗ,
1368 2483 1471 2535 quod
1502 2484 1753 2531 Florentium,

1091 2540 1306 2587 Mediceus,
1347 2542 1410 2576 alii
1454 2547 1607 2586 tenent,
1651 2544 1753 2579 San-

1092 2598 1201 2634 crosli
1223 2598 1317 2634 libor
1339 2611 1428 2633 cum
1449 2598 1530 2633 aliis
1550 2593 1660 2645 ὅκου,
1681 2611 1752 2634 nec

1094 2655 1219 2704 ipsum
1277 2653 1534 2705 spernendum
1554 2685 1563 2700 ,
1629 2654 1754 2692 iudice

1096 2713 1235 2747 struve
1256 2711 1293 2747 iu
1317 2712 1427 2761 Spec.
1449 2712 1464 2747 I
1490 2710 1642 2756 Quaest.
1664 2724 1754 2762 pag.

1315 2823 1408 2872 Cap.
1441 2822 1523 2859 CX.

1154 2876 1360 2918 διέτασσον
1391 2878 1433 2918 οἷ
1462 2877 1666 2931 βασιλέες]
1698 2881 1754 2916 Ita

1744 1379 1825 1422 433
