1897 3340
281 618 381 662 219

112 682 241 722 Cognito
254 682 384 710 tramitis

113 725 177 756 pro(
171 717 295 750 ditione
304 716 327 742 1
330 725 379 742 eo-

111 750 228 777 nidass
216 738 365 776 sociorum

112 793 129 819 p
120 784 195 810 »ιΙοιι
190 792 272 819 isque
290 782 320 810 di

113 817 225 845 mittit·

441 230 526 271 772

442 335 592 393 ἀρχὴν,
631 335 703 379 καὶ
732 335 1087 389 παρεσκευάδατο
1122 336 1181 388 ὦς
1211 334 1506 392 ἀπολεόμενοι,

844 229 1299 267 HERODOTI

1567 331 1692 381 οὗτοι

413 404 524 460 5μὲν
561 402 614 460 δὴ
642 407 777 447 ταῦτα
805 403 1043 459 ἐφρόνεον·
1085 407 1128 448 οἱ
1160 406 1205 448 δὲ
1235 403 1347 460 ἀμφὶ
1373 403 1593 448 Ἐπιάλτεα
1623 405 1695 448 καὶ

434 470 654 553 Ὑδάρνεα
690 470 858 524 Πέρσαι
896 473 1085 515 Φωκέων
1125 473 1202 528 μὲν
1232 471 1391 515 οὐδένα
1419 471 1554 527 λόγον
1581 471 1752 516 {azot-25

440 542 579 589 εὖντο,
610 538 654 580 οἷ
683 537 728 580 δὲ
747 537 1006 592 κατέβαινον
1033 539 1082 583 τὸ
1115 543 1250 595 οὐρος
1278 539 1388 582 κατὰ
1418 539 1559 594 τάχος.

526 609 652 648 Τοῖσι
680 604 728 647 δὲ
757 604 804 647 ἐν
835 605 1142 662 Θερμοπύλῃσι
1174 606 1296 650 ἐοῦσι
1321 605 1550 662 Ελλήνων,
1585 621 1697 661 πρω-

440 689 518 717 τον
547 673 626 728 μὲν
661 669 685 714 ὁ
714 672 867 727 μάντις
904 675 1153 727 Μεγιστίης,
1183 673 1338 717 ἐσιδων
1368 675 1408 724 ές
1437 691 1489 717 τα
1522 674 1620 728 ἱροὶ,
1660 673 1699 718 ε’-

439 751 580 795 φρασε
607 737 685 782 τὸν
712 739 924 794 μέλλοντα
954 740 1128 783 ε’σεσθαι
1156 738 1245 795 α’μα
1272 740 1348 796 ἠοῖ
1382 754 1462 797 σφι
1490 741 1698 785 θάνατον·
1709 729 1756 780 30

439 807 531 851 ἐπεὶ
562 807 608 850 δὲ
644 807 719 850 καὶ
751 806 990 862 αὐτόμολοι
1030 806 1160 863 ἤϊσαν
1189 808 1232 850 οἱ
1269 807 1581 864 ἐξαγγείλαντες
1612 811 1700 851 τῶν

441 873 648 929 Περσέων
686 873 767 930 την
802 876 1032 928 περίοδον·
1073 870 1198 918 οὗτοι
1228 875 1306 928 μὲν
1340 874 1401 917 ἔτι
1428 877 1585 927 νυκτὸς
1607 874 1702 930 ἐσή-

441 956 603 998 μῃναν·
644 943 782 996 τρίτοι
816 942 862 985 δὲ
905 943 948 985 οἱ
989 940 1305 998 ἡμεροσκόποι,
1356 941 1701 998 καταδραμόντες

411 1007 527 1052 edne>
556 1011 644 1051 τῶν
674 1009 834 1063 ἄκρων,
859 1009 942 1065 ἤδη
971 1009 1292 1066 διαφαινούσης
1307 1009 1481 1065 ἡμέρης,
1511 1009 1702 1052 ἐνθαῦτα

443 1075 743 1132 ἐβουλεύοντο
787 1078 831 1120 οἱ
850 1075 1073 1133 ’Έλληνες,
1130 1077 1206 1120 καί
1236 1087 1381 1133 σφεων
1414 1077 1626 1132 ἐσχίζοντο
1657 1078 1704 1119 αἰ

387 1253 520 1301 gnari3
570 1248 761 1288 Wesselin
767 1251 849 1302 gius
865 1262 875 1289 ε
904 1252 1049 1291 creden-

386 1312 459 1356 tes3
493 1308 627 1344 malim
658 1308 837 1359 equidem
866 1314 1043 1360 putantes,

385 1366 625 1402 existimantes
646 1365 693 1401 ob
713 1366 829 1402 verba
849 1379 954 1418 seqq.
977 1363 1045 1418 οἷρ-

388 1435 466 1471 χην
499 1422 599 1458 valet
632 1433 776 1469 ommno,
810 1436 978 1472 prorsus,
1001 1430 1044 1460 ut

389 1477 473 1523 VII
494 1479 597 1524 220,
631 1491 680 1513 ne
707 1479 829 1529 plura.
882 1481 940 1515 De
957 1491 1051 1516 xer-

390 1534 439 1569 bo
462 1528 724 1585 ἀπολεόμενοι
752 1535 854 1574 conf.
874 1542 972 1574 nott.
1002 1535 1050 1572 ad

389 1590 471 1637 V‚11
502 1591 598 1629 209.

448 1667 490 1707 οἱ
516 1664 569 1706 δὲ
586 1666 822 1719 κατέβαινον
843 1667 887 1709 vd
911 1663 1049 1721 οὖρος]

390 1726 448 1761 De
461 1724 646 1775 particula
659 1723 700 1763 δὲ
713 1726 809 1775 (sed)
830 1726 906 1766 vid.
917 1726 1053 1764 Matth.

391 1782 462 1820 Gr.
515 1781 580 1816 Gr.
627 1794 715 1831 pag.
762 1783 844 1824 582
884 1785 920 1828 ξ·
956 1786 1051 1831 289,

391 1837 460 1889 qui
488 1835 593 1873 idem
622 1839 658 1883 ς.
694 1840 774 1879 378
803 1846 884 1876 not.
915 1841 939 1879 3
966 1853 1051 1890 pag.

392 1896 473 1934 697
495 1899 533 1929 et
554 1894 591 1938 ξ.
613 1892 707 1941 409,
729 1893 862 1946 4pag.
890 1895 972 1936 747
1005 1895 1053 1933 de

391 1955 579 1986 structura
640 1951 748 1987 verbi
799 1952 1054 2004 καταβαίνειν

395 2003 663 2045 consulendus.

581 2117 672 2169 cap.
695 2118 867 2158 ccxrx.

452 2205 536 2246 ἐπεὶ
567 2205 609 2245 δὲ
642 2206 710 2246 καὶ
743 2204 957 2260 αὐτόμολοι
984 2204 1054 2259 ἤϊ-

397 2265 490 2311 σαν]
519 2262 828 2310 Valckmmerius,
861 2276 976 2315 quem
995 2276 1057 2299 se·-

397 2319 474 2355 cuti
495 2325 582 2354 sunt
602 2321 739 2367 posteri
772 2319 872 2366 edd„
895 2319 1056 2355 correxit

397 2372 462 2413 ἐπὶ
482 2371 545 2412 ὃὲτ
569 2374 692 2411 deinde
712 2387 792 2412 vero
807 2405 816 2422 ‚
838 2388 925 2411 cum
946 2382 1056 2411 ante-

398 2429 507 2467 cedat
545 2432 703 2479 πρῶτον
746 2428 840 2481 μὲν,
889 2431 1057 2467 adverbii

398 2486 483 2524 loco
497 2484 708 2523 adhibitum
730 2501 796 2537 pro
811 2486 874 2526 ἐπὶ
886 2484 1056 2533 τούτοις.

399 2543 512 2580 eonf.
535 2543 597 2590 Ν,
629 2543 694 2582 59.
716 2545 795 2589 vn,
818 2546 880 2583 ορ.
913 2546 980 2589 lx,
1003 2542 1056 2584 35

400 2606 437 2636 et
467 2597 602 2635 Matth.
627 2600 693 2635 Gr.
715 2601 780 2640 Gr.
803 2602 840 2644 ξ.
868 2600 949 2641 594
970 2613 1057 2651 pag.

405 2657 536 2702 1189,
566 2655 631 2691 ubi
656 2656 921 2707 interpretatur
949 2657 1054 2704 (laza,

402 2712 611 2749 ausserdem.
640 2713 774 2749 Lamb.
804 2715 889 2749 Bos.
920 2715 976 2749 De
1000 2715 1057 2749 el-

401 2768 484 2817 lips.
505 2769 549 2806 L.
571 2769 637 2805 Gr.
658 2782 695 2819 p.
716 2768 791 2809 491
819 2770 903 2805 coll.
921 2769 1000 2809 364
1022 2777 1059 2806 et

401 2824 583 2863 Observv.
603 2826 701 2863 critt.
720 2839 758 2876 p.
782 2825 845 2866 15.
876 2825 1058 2863 Schaese-

1104 1265 1167 1290 rus
1206 1250 1254 1290 de
1292 1264 1360 1290 suo
1409 1250 1564 1290 dederat
1598 1250 1762 1291 ἔπειτεν.

1101 1309 1308 1361 Equidem⁷
1325 1309 1429 1361 quod
1447 1310 1531 1346 libri
1559 1309 1687 1359 scripti
1703 1308 1761 1344 fe-

1101 1367 1260 1413 rebant,
1292 1367 1436 1403 restitui
1471 1364 1555 1405 ἔπεὶ
1582 1363 1636 1412 δὲ,
1657 1362 1762 1417 quod

1102 1436 1191 1459 cum
1210 1423 1325 1459 verbo
1345 1420 1466 1472 ἤϊσαν
1485 1423 1652 1472 protasiu
1673 1433 1764 1458 cou-

1106 1480 1247 1525 stimat,
1259 1480 1319 1515 cui
1339 1478 1563 1529 respondeat
1578 1476 1765 1528 apodosis‚

1106 1536 1290 1586 incipiens
1301 1548 1322 1572 a
1332 1536 1453 1571 verbis
1465 1534 1641 1574 ἐνθαῦτα
1651 1533 1765 1584 ἐβου-

1107 1588 1290 1639 λεύοντο,
1341 1590 1580 1628 distinctione
1615 1589 1764 1636 maiori,

1109 1661 1207 1699 quae
1217 1646 1283 1684 has
1295 1660 1406 1684 voces
1417 1646 1616 1694 antecedit,
1628 1645 1766 1683 deleta.

1111 1705 1187 1741 Ve1
1189 1705 1235 1740 ba
1257 1698 1368 1743 οὗτοι
1389 1701 1461 1754 μὲν
1483 1702 1537 1742 ἔτι
1556 1717 1698 1749 νυκτος
1726 1701 1767 1740 έ-

1111 1756 1297 1813 σήμῃναν
1309 1773 1376 1810 per
1395 1758 1636 1810 parenthesin
1660 1758 1767 1810 quasi

1109 1817 1231 1868 posita
1251 1817 1395 1867 accipio
1417 1823 1453 1853 et
1473 1815 1523 1852 ad
1534 1816 1648 1853 verba
1659 1827 1766 1866 seqq.

1108 1873 1233 1925 τρίτοι
1275 1870 1318 1912 δὲ
1357 1872 1398 1912 οἷ
1437 1868 1710 1923 ἡμεροσκόποι
1746 1883 1767 1906 e

1107 1930 1334 1980 praegressis
1385 1928 1571 1967 subaudio
1630 1925 1766 1978 ἤϊσαν.

1109 1987 1209 2024 Satis
1231 1992 1359 2022 autem
1379 1993 1514 2022 uotum
1528 1991 1593 2032 est,
1614 1985 1653 2020 in
1666 1984 1766 2019 eius-

1107 2041 1213 2078 modi
1233 2040 1395 2092 periodis
1409 2043 1505 2078 iusto
1521 2039 1766 2090 longioribus,

1109 2111 1208 2150 quae
1244 2111 1265 2134 a
1285 2099 1467 2149 particula
1487 2095 1572 2135 ἐπεὶ
1601 2092 1643 2134 δὲ
1671 2095 1767 2131 inci-

1106 2156 1225 2205 piant,
1236 2166 1256 2189 a
1271 2154 1426 2189 librariis
1439 2153 1767 2202 plerumque'pec-

1113 2211 1203 2246 cari.
1227 2231 1276 2236 —-
1298 2208 1442 2244 Vocem
1460 2208 1648 2258 περίοδον
1677 2206 1767 2243 hinc

1114 2264 1222 2300 affert
1244 2263 1380 2301 Suidas
1403 2278 1432 2301 s.
1452 2278 1489 2301 v.
1510 2265 1562 2300 111
1588 2275 1676 2314 pag.
1700 2265 1769 2304 90.

1112 2322 1169 2356 De
1189 2321 1389 2370 transfugis
1410 2320 1512 2358 conf.
1534 2319 1769 2367 Diodor.XI,

1114 2379 1151 2424 8,
1174 2377 1238 2428 qni
1259 2390 1365 2413 unum
1386 2376 1502 2414 modo
1523 2377 1629 2413 novit
1648 2382 1766 2412 trans-

1112 2433 1256 2481 fugam.
1325 2432 1387 2470 Ad
1418 2433 1459 2472 οἰ
1498 2428 1770 2484 ἡμεροσκόποι

1112 2489 1189 2526 vid.
1225 2495 1319 2527 nott.
1349 2488 1398 2534 ad
1425 2490 1507 2536 vn,
1543 2491 1622 2530 182
1653 2495 1689 2525 et
1719 2486 1767 2524 ad

1113 2546 1227 2583 verba
1276 2541 1569 2595 διαφαινούσης
1616 2542 1768 2596 ’ἡμέρης

1113 2608 1207 2639 nott.
1232 2600 1279 2638 ad
1300 2603 1381 2649 vn,
1402 2605 1497 2642 217.

1168 2657 1235 2696 καί
1254 2669 1386 2707 σφεων
1405 2657 1599 2707 ἐσχίζοντο
1611 2653 1655 2694 αἴ
1667 2655 1769 2706 γνῶ-

1114 2714 1214 2764 μαι]
1252 2715 1276 2750 ἰ.
1309 2728 1342 2750 e.
1378 2714 1511 2751 divisae
1549 2715 1651 2750 erant
1673 2714 1769 2761 ipso-

1113 2783 1190 2807 rum
1211 2772 1416 2808 sententiae.
1445 2770 1568 2820 Supra
1585 2769 1647 2815 Vl,
1666 2768 1767 2808 109:

1115 2825 1292 2879 ἐγίνοντο
1310 2827 1399 2878 δίχα
1425 2826 1469 2866 αἱ
1489 2826 1659 2878 γνῶμαι.
1724 2824 1767 2859 In
