1897 3340
332 187 420 228 824
908 190 1262 226 ADDENDA

334 297 389 332 Ad
414 296 491 339 VII,
514 297 559 333 95
584 308 663 341 pag.
686 297 766 332 574.
813 298 919 332 Tales
947 299 1081 339 Cilices,
1106 300 1223 344 quales
1247 303 1388 333 enarrat
1411 300 1631 343 Herodotus,
1669 301 1702 335 in
1727 301 1829 336 rude-

557 343 649 378 ribus
673 343 941 388 Persepolitanis
965 345 1113 390 conspici
1138 346 1340 379 Hammerus
1365 346 1538 380 contendit
1559 347 1582 381 l.
1607 348 1629 381 l.
1654 359 1688 392 p.
1716 350 1769 383 16.

334 400 388 433 Ad
412 399 490 442 Vn,
513 401 557 436 95
576 411 654 445 pag.
671 402 738 435 577
763 401 819 434 lin.
845 402 877 435 7.
925 402 976 435 Ad
1001 403 1201 436 locutionem
1225 401 1322 436 κατὰ
1354 400 1475 446 χώρην
1497 399 1622 445 μένειν
1657 405 1745 439 conf.
1771 410 1826 439 et-

555 446 622 480 iam
645 446 735 480 Held
759 447 803 480 ad
828 447 1003 482 Plutarch.
1027 449 1148 483 Aemil.
1175 450 1269 483 Paul.
1294 449 1375 482 XVI
1401 460 1434 493 p.
1459 449 1538 484 200.

333 502 384 536 Ad
419 503 497 547 VII,
533 505 600 538 loo
633 515 710 547 pag.
744 505 823 539 583.
872 504 931 545 lis,
964 516 1054 549 quae
1086 505 1119 538 in
1151 508 1232 539 nota
1267 506 1310 539 de
1335 506 1488 539 Sidoniis
1519 506 1610 539 inter
1633 506 1825 540 Phoenices

551 548 808 593 praestantibus
839 561 877 582 re
910 551 1022 583 navali
1056 550 1148 593 dixi,
1172 551 1214 584 iis
1238 552 1316 587 add.
1341 552 1468 595 l-litzig.
1493 551 1528 585 in
1554 552 1756 586 Commentt.
1783 553 1827 586 ad

551 595 694 628 lesaiam
728 606 762 638 p.
797 596 879 634 277,
906 596 966 628 ubi
989 596 1075 629 hanc
1097 596 1235 630 Sidonis
1265 598 1520 641 praestantiam,
1545 598 1576 631 si
1600 610 1675 631 cum
1698 598 1826 640 Tyrio-

549 651 625 672 nem
656 640 760 673 rebus
794 652 1043 685 comparemus,
1079 653 1098 674 e
1134 642 1221 684 Tyri
1247 643 1421 676 obsidione
1445 643 1554 687 repeti
1577 644 1671 686 vult,
1698 644 1827 688 quippe

551 687 620 730 qua
659 685 842 729 Tyriorum
876 687 967 719 vires
982 687 1082 719 valde
1106 692 1141 720 et
1164 688 1197 720 in
1221 689 1354 732 longum
1379 694 1512 732 tempus
1534 689 1601 722 sint
1631 689 1827 723 deminutae

549 731 697 775 indeque
727 733 877 773 factum,
907 738 946 765 ut
981 733 1235 773 commercium,
1271 746 1336 779 qno
1369 735 1509 769 maximo
1533 735 1613 769 olim
1635 735 1816 770 floruerint

550 776 668 822 reique
694 777 823 810 navalis
845 778 968 822 peritia
991 778 1034 811 ad
1059 777 1218 811 Sidonios
1232 780 1428 820 *trans-ierit.

338 832 384 865 ad
412 832 490 876 vn,
515 832 581 869 104
599 845 678 878 pag.
703 836 773 870 592
797 835 851 869 lin.
878 837 908 870 1.
956 835 1061 878 σιγᾶν
1095 833 1222 868 ἐθέλω.
1292 830 1366 869 Hoc
1399 848 1459 880 pro
1487 834 1623 881 σιγήσω
1662 837 1743 882 poni
1767 849 1828 871 an-

554 886 653 913 notat
676 881 803 924 Negris
826 881 868 914 ad
895 882 926 915 h.
951 882 973 914 l.
998 881 1102 914 multa
1119 881 1271 925 exempla
1294 882 1454 923 afferens,
1477 884 1611 927 quibus,
1635 884 1764 928 opinor,
1791 884 1826 917 id

553 926 822 966 demonstretur,
859 927 924 960 iam
958 928 1047 971 apud
1071 932 1206 960 veteres
1232 929 1388 960 Graecos
1412 928 1500 960 hunc
1524 928 1654 962 dicendi
1682 930 1826 970 modum,

554 983 621 1016 quo
645 983 710 1005 uno
737 972 771 1006 in
791 973 892 1006 rebus
917 972 1038 1006 futuris
1062 973 1249 1006 indicandis
1273 978 1413 1007 nostrae
1437 973 1561 1006 aetatis
1585 975 1712 1008 Graeci
1728 981 1827 1008 utun-

552 1022 621 1056 tur,
643 1018 835 1051 invaluisse.
882 1019 970 1053 Nam
995 1030 1091 1052 nemo
1109 1019 1229 1060 nescit,
1254 1019 1422 1064 hodieque
1455 1030 1475 1052 a
1499 1019 1644 1053 Graecis
1676 1021 1827 1054 futurum

551 1068 686 1108 tempus
722 1065 772 1097 ita
797 1065 954 1105 sornmri,
979 1070 1017 1097 nt
1038 1070 1211 1098 assumant
1232 1066 1372 1098 verbum
1397 1063 1534 1098 θέλειν.
1585 1065 1681 1105 Quos
1715 1072 1827 1099 autem

552 1109 611 1142 ille
636 1110 739 1143 ass'ert
762 1110 867 1151 locos,
893 1111 926 1143 hi
951 1112 1023 1144 sere
1034 1115 1131 1144 sunt:
1158 1111 1316 1155 Euripid.
1342 1111 1396 1146 El.
1416 1113 1498 1146 502.
1524 1111 1596 1145 Ion.
1620 1112 1696 1145 849.
1724 1113 1827 1147 1521.

552 1155 658 1189 Herc.
692 1157 758 1189 sur.
792 1158 872 1192 205.
909 1157 1010 1191 1401.
1050 1157 1229 1201 Hippolyt.
1260 1159 1337 1191 870.
1364 1157 1460 1200 Cycl.
1496 1157 1574 1192 275.
1599 1156 1679 1193 426.
1703 1157 1825 1202 Suppl.

552 1201 633 1236 945.
669 1202 819 1246 iphigen.
851 1203 927 1236 Aul.
953 1204 1054 1238 1537.
1078 1203 1251 1236 Heraclid.
1287 1204 1386 1237 1018.
1423 1203 1500 1236 Hel.
1525 1203 1603 1237 550.
1631 1203 1724 1240 Med.
1748 1205 1828 1239 668.

551 1247 625 1280 Alc.
647 1249 727 1282 292.
751 1249 880 1282 Electr.
906 1250 984 1283 330.
1009 1249 1168 1293 Sophocl.
1192 1249 1281 1282 Oed.
1304 1248 1378 1282 Col.
1414 1249 1494 1283 557.
1527 1248 1697 1290 Aristoph.
1733 1249 1826 1282 Plut.

551 1295 630 1328 612.
651 1294 736 1328 Ran.
765 1293 863 1329 1465.
890 1295 993 1339 Vesp.
1017 1296 1098 1330 535.
1121 1297 1202 1330 550.
1227 1296 1304 1330 735.
1332 1294 1476 1339 Lysistr.
1504 1295 1581 1330 135.
1615 1296 1696 1331 593.
1722 1296 1824 1330 1218.

554 1339 712 1385 Xenoph.
737 1341 790 1374 De
815 1353 870 1385 eq.
892 1342 927 1376 3.
952 1342 1036 1375 Oec.
1057 1343 1109 1375 10.
1135 1341 1260 1374 Herod.
1286 1341 1314 1381 1,
1343 1343 1419 1376 109.

333 1397 385 1430 An
411 1397 489 1439 Vll,
517 1398 582 1431 109
606 1409 687 1441 pag.
714 1399 784 1432 596
809 1398 864 1431 lin.
891 1398 925 1432 8.
948 1395 992 1431 τὸ
1020 1396 1191 1442 ῥέεθρον.
1240 1398 1332 1431 Idem
1357 1397 1485 1442 Negris
1507 1398 1668 1432 observat
1680 1397 1822 1431 differre

552 1443 639 1476 hanc
663 1455 683 1476 a
708 1456 792 1476 voce
825 1441 1030 1487 ῥεύματος,
1054 1444 1263 1478 Ammonium
1294 1448 1441 1477 secutus.
1489 1444 1579 1478 Nam
1602 1444 1658 1477 illa
1683 1444 1825 1488 exprimi

550 1489 677 1532 locum.
698 1501 759 1534 per
782 1502 880 1534 quem
905 1494 940 1523 et
964 1501 1067 1534 super
1090 1502 1187 1535 quem
1211 1502 1300 1534 aqua
1323 1490 1513 1531 delabatur,
1537 1490 1601 1523 hac
1624 1490 1825 1534 veroipsam

552 1546 686 1579 aquam.
735 1536 787 1568 De
814 1537 911 1570 Lisso
935 1536 1038 1570 fluvio
1055 1537 1142 1570 conf.
1169 1537 1372 1579 Cousinery.
1397 1536 1537 1579 Voyage
1561 1548 1602 1569 en
1628 1535 1761 1569 Maced.
1793 1535 1826 1568 11

554 1592 588 1625 p.
615 1583 659 1616 73
685 1581 758 1624 (ubi
783 1584 870 1615 male
887 1587 1000 1615 exstat
1023 1582 1182 1627 Lyssus).
1231 1583 1308 1627 Ipse
1333 1581 1418 1615 enim
1443 1581 1587 1615 fluvium·
1606 1581 1745 1615 traiecit
1766 1592 1826 1614 ur-

553 1627 627 1660 bem
655 1628 837 1670 Galepsum
861 1628 935 1661 sive
960 1629 1087 1662 Cavala
1106 1639 1275 1672 egressus.
1323 1628 1376 1661 De
1410 1628 1550 1661 Abdera
1580 1627 1668 1661 idem
1699 1627 1824 1660 consul.

552 1683 587 1717 p.
611 1674 668 1716 76,
694 1673 753 1707 ubi
779 1674 893 1706 ruinas
916 1674 1008 1707 urbis
1034 1676 1195 1720 quasdam
1219 1673 1365 1719 reperiri
1384 1673 1502 1707 scribit
1516 1673 1550 1707 in
1574 1673 1747 1719 oppidulo,
1771 1683 1825 1705 cni

554 1730 642 1752 nunc
666 1731 785 1753 nomen
813 1721 1037 1765 Gumergz‘uo.

325 1776 379 1810 Ad
416 1775 494 1819 VII,
522 1777 585 1811 111
612 1788 690 1820 pag.
702 1778 782 1811 601.
800 1777 925 1810 Vocem
949 1773 1249 1820 προφητεύοντες
1272 1776 1399 1818 Negris
1422 1773 1571 1820 explicat
1596 1774 1631 1809 οἱ
1655 1771 1825 1828 ἐξηγῃταὶ

552 1821 629 1855 τῶν
653 1823 822 1865 χρησμῶν
846 1823 921 1856 τῶν
946 1820 984 1856 ἐκ
1007 1824 1076 1856 τοῦ
1101 1823 1279 1866 μαντείου
1303 1822 1379 1855 τῶν
1398 1819 1588 1864 Σατρέων.
1615 1822 1821 1863 Προφητης
1874 1855 1875 1859 Ἰ

555 1865 652 1901 ἐστὶν
687 1865 706 1902 ὁ
740 1866 878 1912 ἑξηγῶν
912 1868 974 1902 καὶ
1007 1869 1233 1902 κοινοποιῶν
1268 1865 1358 1907 τούς
1384 1865 1581 1911 χρησμούς.
1637 1867 1689 1900 De
1712 1867 1826 1918 Satri«)
1873 1879 1875 1910 ;

551 1915 639 1948 conf.
675 1915 878 1958 Consinery.
904 1915 1045 1959 Voyage
1078 1921 1142 1948 etc.
1176 1915 1208 1948 ΙΙ
1245 1926 1278 1960 p.
1303 1916 1360 1949 97.
1406 1913 1715 1957 Septentrionalem
1739 1922 1825 1944 ennn
1873 1923 1875 1963 A:

552 1960 704 2003 Pangaei
724 1961 844 1994 montis
870 1965 998 2005 partem
1023 1961 1175 1994 tenuisse
1198 1964 1310 2005 putat,
1334 1960 1383 1993 ita
1410 1963 1448 1992 nt
1467 1959 1587 1992 Datum
1612 1969 1746 2003 quoque
1781 1956 1823 1988 ad

551 2017 666 2039 eornm
691 2006 849 2040 ditionem
875 2007 1078 2051 pertinuisse
1102 2006 1278 2051 probabile
1302 2006 1354 2039 sit.
1380 2005 1550 2039 Bacchum
1576 2016 1596 2038 a
1614 2003 1727 2055 Satris
1752 2001 1821 2034 cul·
1874 2036 1877 2052 μ

551 2057 620 2085 tum
647 2064 666 2085 e
690 2053 807 2086 Thaso
830 2053 967 2096 repetit,
992 2055 1168 2086 conserens
1192 2052 1358 2086 Herodoti
1381 2052 1472 2085 locos
1494 2052 1605 2089 11‚82.
1621 2052 1676 2086 83.
1699 2058 1823 2091 lpsaffi·

550 2110 617 2142 que
648 2098 794 2142 denique
827 2100 1006 2132 Satraruin
1038 2103 1173 2142 gentem
1206 2109 1270 2131 non
1295 2098 1393 2131 aliam
1425 2107 1500 2129 esse
1524 2095 1595 2128 vult
1617 2102 1719 2137 atque
1736 2104 1821 2134 eam,

550 2155 639 2187 quae
674 2144 840 2189 hodieque
872 2156 933 2188 per
965 2145 1135 2177 Thraciae
1170 2148 1272 2187 atque
1298 2141 1517 2175 Macedoniae
1542 2145 1670 2172 montes
1694 2150 1822 2181 vagans
1875 2161 1877 2187 3

552 2190 745 2234 reperiatur
770 2201 832 2223 nec
855 2190 938 2233 ipsis
963 2191 1098 2228 Turris,
1135 2199 1276 2232 quornm
1300 2193 1412 2220 tamen
1438 2185 1631 2229 religionem
1656 2195 1823 2218 assumse-

550 2235 606 2275 rit,
628 2237 788 2268 obediens
813 2236 996 2279 eodemque
1018 2236 1091 2267 sere
1114 2234 1210 2266 modo
1234 2233 1339 2265 libero
1363 2244 1404 2265 ac
1427 2231 1502 2264 rudi
1526 2231 1673 2271 vivens,
1703 2230 1823 2282 choros

552 2291 667 2322 agens,
692 2281 760 2313 alia
784 2281 818 2313 id
842 2291 968 2323 genns3
994 2280 1082 2312 unde
1098 2279 1200 2311 etiam
1225 2278 1428 2311 descendere
1448 2277 1669 2321 perhibeatur
1679 2276 1721 2309 ab
1732 2280 1822 2309 antl-

549 2325 625 2367 qnis
657 2325 828 2358 Thraciae
860 2325 987 2358 incolis.
1045 2325 1075 2357 A
1099 2323 1227 2358 'rm-cis
1257 2323 1371 2357 vocari
1403 2323 1498 2357 addit
1522 2323 1723 2366 Cousinery.
1750 2323 1772 2355 l.
1800 2322 1818 2353 l.

553 2371 782 2415 Gurcmldgis.

328 2425 378 2458 Ad
406 2425 482 2469 Vll,
503 2427 568 2461 112
585 2438 663 2471 pag.
686 2427 752 2460 (302
777 2427 830 2460 lin.
857 2426 888 2461 4.
919 2428 1067 2471 Plzagris
1101 2429 1240 2460 anctore
1271 2425 1461 2470 Cousinery
1495 2426 1518 2458 l.
1544 2425 1567 2460 l.
1592 2424 1625 2459 ll
1650 2436 1684 2470 p.
1708 2425 1754 2460 66
1781 2436 1820 2458 eo

552 2473 625 2506 loco
650 2474 768 2517 ‹piueri
792 2474 904 2514 debet,
929 2485 994 2517 quo
1028 2484 1113 2506 nunc
1141 2473 1301 2507 Pravisea
1325 2473 1418 2506 urbs.

328 2541 377 2574 Ad
404 2540 481 2582 V'ss,
506 2542 572 2577 113
596 2552 674 2585 pag.
699 2542 766 2575 603
790 2541 848 2575 lin.
871 2542 904 2576 5.
931 2543 1084 2588 Angitac
1114 2540 1224 2583 fluvii,
1250 2540 1308 2586 qni
1334 2539 1368 2572 in
1386 2540 1599 2582 Strymonem
1614 2550 1651 2572 se
1662 2538 1821 2580 infundit,

551 2587 662 2620 sontes
696 2599 799 2631 prope
839 2588 947 2620 vicum
975 2589 1206 2627 1'rosocfhdnt',
1231 2588 1286 2631 qni
1311 2586 1422 2619 tribus
1446 2585 1536 2618 horis
1552 2585 1759 2628 alteriusque
1771 2584 1820 2616 di-

553 2633 654 2666 midio
671 2633 776 2665 distat
800 2635 842 2666 ab
865 2634 989 2678 oppido
1022 2635 1157 2674 Drama,
1183 2632 1396 2676 prosilientes
1419 2630 1586 2664 indicavit
1620 2641 1821 2673 cursumque
1877 2662 1879 2673 Ι

553 2685 753 2724 persecutns
788 2683 841 2711 est
874 2680 1074 2721 cousins-ry.
1101 2680 1120 2712 l.
1158 2679 1177 2711 l.
1212 2679 1242 2711 ΙΙ
1277 2689 1308 2722 p.
1344 2679 1400 2712 50.
1461 2679 1491 2710 A
1524 2675 1683 2720 Bulgaris
1706 2675 1820 2709 vocari

554 2726 728 2770 Angleista
760 2730 917 2758 testatur.
966 2727 1148 2759 Caeterum
1178 2724 1265 2758 idem
1303 2723 1351 2756 vir
1374 2723 1493 2755 doctus
1527 2722 1548 2755 l.
1582 2721 1604 2755 l.
1629 2733 1662 2765 p.
1684 2722 1731 2774 27
1747 2733 1819 2773 seq.

555 2770 588 2803 in
621 2782 748 2804 omnem
783 2771 947 2804 Herodoti
983 2771 1206 2804 narrationem
1238 2769 1430 2813 inquirens,
1464 2780 1530 2811 ea,
1551 2778 1639 2812 quae
1660 2767 1820 2801 historiae
1877 2796 1879 2803 A
