<?xml version="1.0" encoding="UTF-8"?>
<!DOCTYPE html PUBLIC "-//W3C//DTD XHTML 1.0 Transitional//EN"
    "http://www.w3.org/TR/xhtml1/DTD/xhtml1-transitional.dtd">
<html xmlns="http://www.w3.org/1999/xhtml" xml:lang="en" lang="en">
 <head>
  <title>
</title>
<meta http-equiv="Content-Type" content="text/html;charset=utf-8" />
  <meta name='ocr-system' content='tesseract 3.04.00' />
  <meta name='ocr-capabilities' content='ocr_page ocr_carea ocr_par ocr_line ocrx_word'/>
</head>
<body>
  <div class='ocr_page' id='page_1' title='image "./musaeher03hero_0539.png"; bbox 0 0 1897 3340; ppageno 0'>
   <div class='ocr_carea' id='block_1_1' title="bbox 16 114 25 823">
    <p class='ocr_par' dir='ltr' id='par_1_1' title="bbox 16 114 25 823">
     <span class='ocr_line' id='line_1_1' title="bbox 16 114 25 823; baseline 0 0"><span class='ocrx_word' id='word_1_1' title='bbox 16 114 25 823; x_wconf 95' lang='lat' dir='ltr'><strong> </strong></span> 
     </span>
    </p>
   </div>
   <div class='ocr_carea' id='block_1_2' title="bbox 19 114 28 823">
    <p class='ocr_par' dir='ltr' id='par_1_2' title="bbox 19 114 28 823">
     <span class='ocr_line' id='line_1_2' title="bbox 19 114 28 823; baseline 0 0"><span class='ocrx_word' id='word_1_2' title='bbox 19 114 28 823; x_wconf 95' lang='lat' dir='ltr'><strong> </strong></span> 
     </span>
    </p>
   </div>
   <div class='ocr_carea' id='block_1_3' title="bbox 15 802 23 3340">
    <p class='ocr_par' dir='ltr' id='par_1_3' title="bbox 15 802 23 3340">
     <span class='ocr_line' id='line_1_3' title="bbox 15 802 23 3340; textangle 90"><span class='ocrx_word' id='word_1_3' title='bbox 17 3115 22 3340; x_wconf 82' lang='lat'>——-———</span> <span class='ocrx_word' id='word_1_4' title='bbox 18 3045 22 3109; x_wconf 62' lang='lat'><strong>„—-</strong></span> <span class='ocrx_word' id='word_1_5' title='bbox 17 2881 22 3040; x_wconf 74' lang='lat'><strong>———</strong></span> <span class='ocrx_word' id='word_1_6' title='bbox 15 1312 23 2873; x_wconf 50' lang='lat' dir='ltr'><strong>——m——fflmffl———v—we-—m</strong></span> <span class='ocrx_word' id='word_1_7' title='bbox 16 830 22 1307; x_wconf 42' lang='lat' dir='ltr'><strong>ff-—mffl-w„</strong></span> <span class='ocrx_word' id='word_1_8' title='bbox 21 802 22 809; x_wconf 33' lang='lat'><em>⁴</em></span> 
     </span>
    </p>
   </div>
   <div class='ocr_carea' id='block_1_4' title="bbox 522 224 1155 268">
    <p class='ocr_par' dir='ltr' id='par_1_4' title="bbox 522 224 1155 268">
     <span class='ocr_line' id='line_1_4' title="bbox 522 224 1155 268; baseline -0.011 0"><span class='ocrx_word' id='word_1_9' title='bbox 522 224 997 268; x_wconf 86' lang='lat' dir='ltr'><strong>POLYMNIA.</strong></span> <span class='ocrx_word' id='word_1_10' title='bbox 1056 224 1155 262; x_wconf 87' lang='lat' dir='ltr'>VII.</span> 
     </span>
    </p>
   </div>
   <div class='ocr_carea' id='block_1_5' title="bbox 69 332 1469 457">
    <p class='ocr_par' dir='ltr' id='par_1_5' title="bbox 0 324 1469 457">
     <span class='ocr_line' id='line_1_5' title="bbox 69 332 1052 399; baseline -0.019 -6.312"><span class='ocrx_word' id='word_1_11' title='bbox 69 345 133 393; x_wconf 85' lang='lat'><strong>51</strong></span> <span class='ocrx_word' id='word_1_12' title='bbox 209 341 460 399; x_wconf 78' lang='grc' dir='ltr'>,,νομαδας,</span> <span class='ocrx_word' id='word_1_13' title='bbox 496 332 821 394; x_wconf 78' lang='grc' dir='ltr'><em>στρατευόμεθα</em></span> <span class='ocrx_word' id='word_1_14' title='bbox 850 333 1022 388; x_wconf 72' lang='grc' dir='ltr'>ἄνδρας.</span> <span class='ocrx_word' id='word_1_15' title='bbox 1028 338 1052 356; x_wconf 79' lang='grc'>“</span> 
     </span>
     <span class='ocr_line' id='line_1_6' title="bbox 675 398 1469 457; baseline -0.005 -12.821"><span class='ocrx_word' id='word_1_16' title='bbox 675 398 753 455; x_wconf 81' lang='grc' dir='ltr'><strong>,,Ὦ</strong></span> <span class='ocrx_word' id='word_1_17' title='bbox 791 405 984 457; x_wconf 84' lang='grc' dir='ltr'>βασιλεῦ,</span> <span class='ocrx_word' id='word_1_18' title='bbox 1027 402 1119 444; x_wconf 83' lang='grc' dir='ltr'>ἐπεί</span> <span class='ocrx_word' id='word_1_19' title='bbox 1146 416 1191 443; x_wconf 81' lang='grc' dir='ltr'><strong>τε</strong></span> <span class='ocrx_word' id='word_1_20' title='bbox 1232 399 1469 456; x_wconf 71' lang='grc' dir='ltr'>ἀρρωδέειν</span> 
     </span>
    </p>
   </div>
   <div class='ocr_carea' id='block_1_6' title="bbox 200 408 615 464">
    <p class='ocr_par' dir='ltr' id='par_1_6' title="bbox 200 408 615 464">
     <span class='ocr_line' id='line_1_7' title="bbox 200 408 615 464; baseline -0.01 -11"><span class='ocrx_word' id='word_1_21' title='bbox 200 427 278 461; x_wconf 89' lang='grc' dir='ltr'><strong>νος</strong></span> <span class='ocrx_word' id='word_1_22' title='bbox 317 408 421 464; x_wconf 81' lang='grc' dir='ltr'>μετὰ</span> <span class='ocrx_word' id='word_1_23' title='bbox 462 411 615 451; x_wconf 82' lang='grc' dir='ltr'>ταῦτα·</span> 
     </span>
    </p>
   </div>
   <div class='ocr_carea' id='block_1_7' title="bbox 1109 229 1467 388">
    <p class='ocr_par' dir='ltr' id='par_1_7' title="bbox 1109 229 1467 388">
     <span class='ocr_line' id='line_1_8' title="bbox 1382 229 1466 269; baseline 0.012 -1"><span class='ocrx_word' id='word_1_24' title='bbox 1382 229 1466 269; x_wconf 83' lang='grc'><strong>525</strong></span> 
     </span>
     <span class='ocr_line' id='line_1_9' title="bbox 1109 330 1467 388; baseline 0 -12"><span class='ocrx_word' id='word_1_25' title='bbox 1109 333 1235 388; x_wconf 78' lang='grc' dir='ltr'>Λέγει</span> <span class='ocrx_word' id='word_1_26' title='bbox 1262 330 1467 388; x_wconf 79' lang='grc' dir='ltr'>Ἀρτάβα-</span> 
     </span>
    </p>
   </div>
   <div class='ocr_carea' id='block_1_8' title="bbox 200 469 1467 602">
    <p class='ocr_par' dir='ltr' id='par_1_8' title="bbox 200 469 1467 602">
     <span class='ocr_line' id='line_1_10' title="bbox 201 469 1466 534; baseline -0.008 -11.763"><span class='ocrx_word' id='word_1_27' title='bbox 201 477 361 530; x_wconf 83' lang='grc' dir='ltr'>,,οὐδὲν</span> <span class='ocrx_word' id='word_1_28' title='bbox 391 477 460 534; x_wconf 73' lang='grc' dir='ltr'>ἑᾶς</span> <span class='ocrx_word' id='word_1_29' title='bbox 487 479 685 529; x_wconf 77' lang='grc' dir='ltr'>πρῆγμα,</span> <span class='ocrx_word' id='word_1_30' title='bbox 716 470 770 513; x_wconf 89' lang='grc' dir='ltr'><strong>συ</strong></span> <span class='ocrx_word' id='word_1_31' title='bbox 802 471 848 512; x_wconf 85' lang='grc' dir='ltr'><strong>δέ</strong></span> <span class='ocrx_word' id='word_1_32' title='bbox 878 486 959 524; x_wconf 85' lang='grc' dir='ltr'><strong>μευ</strong></span> <span class='ocrx_word' id='word_1_33' title='bbox 990 471 1261 525; x_wconf 81' lang='grc' dir='ltr'><strong><em>συμβουλίην</em></strong></span> <span class='ocrx_word' id='word_1_34' title='bbox 1291 469 1466 521; x_wconf 81' lang='grc' dir='ltr'>ε’νδεξαι·</span> 
     </span>
     <span class='ocr_line' id='line_1_11' title="bbox 200 535 1467 602; baseline -0.009 -12"><span class='ocrx_word' id='word_1_35' title='bbox 200 545 474 602; x_wconf 79' lang='grc' dir='ltr'>,,ἀναγκαίως</span> <span class='ocrx_word' id='word_1_36' title='bbox 501 540 584 596; x_wconf 80' lang='grc' dir='ltr'><strong>γὰρ</strong></span> <span class='ocrx_word' id='word_1_37' title='bbox 616 538 698 594; x_wconf 87' lang='grc' dir='ltr'>ε’χει</span> <span class='ocrx_word' id='word_1_38' title='bbox 727 537 828 590; x_wconf 84' lang='grc' dir='ltr'>περὶ</span> <span class='ocrx_word' id='word_1_39' title='bbox 858 541 1031 581; x_wconf 75' lang='grc' dir='ltr'>πολλῶν</span> <span class='ocrx_word' id='word_1_40' title='bbox 1051 535 1316 592; x_wconf 78' lang='grc' dir='ltr'><em>πρηγμάτων</em></span> <span class='ocrx_word' id='word_1_41' title='bbox 1335 540 1467 580; x_wconf 82' lang='grc' dir='ltr'>πλεῦ-</span> 
     </span>
    </p>
   </div>
   <div class='ocr_carea' id='block_1_9' title="bbox 173 609 683 667">
    <p class='ocr_par' dir='ltr' id='par_1_9' title="bbox 173 609 683 667">
     <span class='ocr_line' id='line_1_12' title="bbox 173 609 683 667; baseline -0.014 -12"><span class='ocrx_word' id='word_1_42' title='bbox 173 621 195 655; x_wconf 68' lang='grc' dir='ltr'><em>Ξ</em></span> <span class='ocrx_word' id='word_1_43' title='bbox 207 631 287 667; x_wconf 89' lang='grc' dir='ltr'>,,να</span> <span class='ocrx_word' id='word_1_44' title='bbox 325 612 457 667; x_wconf 82' lang='grc' dir='ltr'>λόγον</span> <span class='ocrx_word' id='word_1_45' title='bbox 487 609 683 652; x_wconf 76' lang='grc' dir='ltr'><strong><em>ἐκτεῖναι.</em></strong></span> 
     </span>
    </p>
   </div>
   <div class='ocr_carea' id='block_1_10' title="bbox 758 604 1468 662">
    <p class='ocr_par' dir='ltr' id='par_1_10' title="bbox 758 604 1468 662">
     <span class='ocr_line' id='line_1_13' title="bbox 758 604 1468 662; baseline -0.001 -13"><span class='ocrx_word' id='word_1_46' title='bbox 758 609 904 660; x_wconf 83' lang='grc' dir='ltr'>Κῦρος</span> <span class='ocrx_word' id='word_1_47' title='bbox 947 605 970 649; x_wconf 89' lang='grc' dir='ltr'>ὁ</span> <span class='ocrx_word' id='word_1_48' title='bbox 1013 605 1258 662; x_wconf 82' lang='grc' dir='ltr'><em>Καμβύσεω</em></span> <span class='ocrx_word' id='word_1_49' title='bbox 1299 604 1468 662; x_wconf 67' lang='grc' dir='ltr'>«Ἰωνίην</span> 
     </span>
    </p>
   </div>
   <div class='ocr_carea' id='block_1_11' title="bbox 169 674 1525 1144">
    <p class='ocr_par' dir='ltr' id='par_1_11' title="bbox 169 674 1525 1144">
     <span class='ocr_line' id='line_1_14' title="bbox 200 674 1525 734; baseline -0.007 -11"><span class='ocrx_word' id='word_1_50' title='bbox 200 684 390 734; x_wconf 52' lang='lat' dir='ltr'><strong>„midam</strong></span> <span class='ocrx_word' id='word_1_51' title='bbox 421 674 805 731; x_wconf 77' lang='grc' dir='ltr'>πλὴνἈθηναίων,</span> <span class='ocrx_word' id='word_1_52' title='bbox 836 674 1153 728; x_wconf 75' lang='grc' dir='ltr'>κατεστρέψατο</span> <span class='ocrx_word' id='word_1_53' title='bbox 1178 674 1525 730; x_wconf 76' lang='grc' dir='ltr'>δασμοφόρονὸο</span> 
     </span>
     <span class='ocr_line' id='line_1_15' title="bbox 170 736 1468 802; baseline -0.006 -10"><span class='ocrx_word' id='word_1_54' title='bbox 170 747 339 802; x_wconf 80' lang='grc' dir='ltr'>3,,εἶναι</span> <span class='ocrx_word' id='word_1_55' title='bbox 370 744 576 801; x_wconf 81' lang='grc' dir='ltr'>Πέρσῃσι.</span> <span class='ocrx_word' id='word_1_56' title='bbox 636 740 822 792; x_wconf 78' lang='grc' dir='ltr'><strong>τούτους</strong></span> <span class='ocrx_word' id='word_1_57' title='bbox 853 736 915 784; x_wconf 71' lang='grc' dir='ltr'>ὦν</span> <span class='ocrx_word' id='word_1_58' title='bbox 942 740 1045 791; x_wconf 81' lang='grc' dir='ltr'>τοὺς</span> <span class='ocrx_word' id='word_1_59' title='bbox 1076 740 1241 794; x_wconf 79' lang='grc' dir='ltr'>ἄνδρας</span> <span class='ocrx_word' id='word_1_60' title='bbox 1272 747 1468 799; x_wconf 86' lang='grc' dir='ltr'>συμβου-</span> 
     </span>
     <span class='ocr_line' id='line_1_16' title="bbox 201 807 1467 869; baseline -0.004 -10"><span class='ocrx_word' id='word_1_61' title='bbox 201 814 339 869; x_wconf 86' lang='grc' dir='ltr'>,,λεύω</span> <span class='ocrx_word' id='word_1_62' title='bbox 369 829 436 857; x_wconf 88' lang='grc' dir='ltr'><strong>τοι</strong></span> <span class='ocrx_word' id='word_1_63' title='bbox 465 813 651 868; x_wconf 77' lang='grc' dir='ltr'><em>μηδεμιῇ</em></span> <span class='ocrx_word' id='word_1_64' title='bbox 681 812 851 865; x_wconf 75' lang='grc' dir='ltr'>μηχανῇ</span> <span class='ocrx_word' id='word_1_65' title='bbox 881 807 1001 864; x_wconf 77' lang='grc' dir='ltr'>ἄγειν</span> <span class='ocrx_word' id='word_1_66' title='bbox 1030 808 1100 852; x_wconf 79' lang='grc' dir='ltr'><strong>ἐπὶ</strong></span> <span class='ocrx_word' id='word_1_67' title='bbox 1127 809 1231 861; x_wconf 79' lang='grc' dir='ltr'>τους</span> <span class='ocrx_word' id='word_1_68' title='bbox 1260 811 1467 866; x_wconf 79' lang='grc' dir='ltr'>πατέρας·</span> 
     </span>
     <span class='ocr_line' id='line_1_17' title="bbox 198 874 1469 937; baseline -0.003 -10"><span class='ocrx_word' id='word_1_69' title='bbox 198 884 300 937; x_wconf 84' lang='grc' dir='ltr'>,,καὶ</span> <span class='ocrx_word' id='word_1_70' title='bbox 337 880 421 937; x_wconf 76' lang='grc' dir='ltr'><strong>γαρ</strong></span> <span class='ocrx_word' id='word_1_71' title='bbox 463 878 569 923; x_wconf 77' lang='grc' dir='ltr'>ἄνευ</span> <span class='ocrx_word' id='word_1_72' title='bbox 608 878 779 921; x_wconf 80' lang='grc' dir='ltr'>τούτων</span> <span class='ocrx_word' id='word_1_73' title='bbox 822 874 910 920; x_wconf 81' lang='grc' dir='ltr'>οἶοί</span> <span class='ocrx_word' id='word_1_74' title='bbox 948 893 992 920; x_wconf 86' lang='grc' dir='ltr'><strong>τε</strong></span> <span class='ocrx_word' id='word_1_75' title='bbox 1024 876 1138 931; x_wconf 77' lang='grc' dir='ltr'>εἰμὲν</span> <span class='ocrx_word' id='word_1_76' title='bbox 1175 882 1264 921; x_wconf 76' lang='grc' dir='ltr'>τῶν</span> <span class='ocrx_word' id='word_1_77' title='bbox 1295 879 1469 935; x_wconf 76' lang='grc' dir='ltr'>ἐχθρῶν</span> 
     </span>
     <span class='ocr_line' id='line_1_18' title="bbox 169 944 1468 1006; baseline 0 -14"><span class='ocrx_word' id='word_1_78' title='bbox 169 949 537 1006; x_wconf 77' lang='grc' dir='ltr'>4,,κατυπὲρτεροι</span> <span class='ocrx_word' id='word_1_79' title='bbox 565 948 778 1002; x_wconf 81' lang='grc' dir='ltr'>γίνεσθαι.</span> <span class='ocrx_word' id='word_1_80' title='bbox 837 945 866 1000; x_wconf 79' lang='grc' dir='ltr'><strong><em>ἦ</em></strong></span> <span class='ocrx_word' id='word_1_81' title='bbox 893 944 975 1001; x_wconf 75' lang='grc' dir='ltr'><strong>γάρ</strong></span> <span class='ocrx_word' id='word_1_82' title='bbox 999 955 1148 1000; x_wconf 85' lang='grc' dir='ltr'>σφεας,</span> <span class='ocrx_word' id='word_1_83' title='bbox 1179 944 1234 1001; x_wconf 77' lang='grc' dir='ltr'>ἢν</span> <span class='ocrx_word' id='word_1_84' title='bbox 1263 946 1468 1000; x_wconf 77' lang='grc' dir='ltr'><strong>ἕπωνται,</strong></span> 
     </span>
     <span class='ocr_line' id='line_1_19' title="bbox 197 1014 1469 1072; baseline -0.003 -9"><span class='ocrx_word' id='word_1_85' title='bbox 197 1021 291 1072; x_wconf 86' lang='grc' dir='ltr'>,,δεῐ</span> <span class='ocrx_word' id='word_1_86' title='bbox 330 1015 625 1066; x_wconf 75' lang='grc' dir='ltr'><strong>ἀδικωτάτους</strong></span> <span class='ocrx_word' id='word_1_87' title='bbox 660 1016 884 1069; x_wconf 80' lang='grc' dir='ltr'>γίνεσθαι,</span> <span class='ocrx_word' id='word_1_88' title='bbox 916 1014 1357 1069; x_wconf 78' lang='grc' dir='ltr'><strong>καταδουλουμένους</strong></span> <span class='ocrx_word' id='word_1_89' title='bbox 1387 1015 1469 1072; x_wconf 83' lang='grc' dir='ltr'>τήν</span> 
     </span>
     <span class='ocr_line' id='line_1_20' title="bbox 195 1081 1523 1144; baseline -0.005 -14"><span class='ocrx_word' id='word_1_90' title='bbox 195 1085 504 1144; x_wconf 82' lang='grc' dir='ltr'>,,μητρόπολιν,</span> <span class='ocrx_word' id='word_1_91' title='bbox 525 1083 553 1141; x_wconf 76' lang='grc' dir='ltr'><strong><em>ἢ</em></strong></span> <span class='ocrx_word' id='word_1_92' title='bbox 574 1081 888 1136; x_wconf 79' lang='grc' dir='ltr'>δικαιοτάτους,</span> <span class='ocrx_word' id='word_1_93' title='bbox 908 1086 1345 1138; x_wconf 78' lang='grc' dir='ltr'>συνελευθεροῦντας.</span> <span class='ocrx_word' id='word_1_94' title='bbox 1376 1082 1468 1128; x_wconf 79' lang='grc' dir='ltr'>ἄδι·</span> <span class='ocrx_word' id='word_1_95' title='bbox 1479 1088 1523 1124; x_wconf 83' lang='grc'><strong>65</strong></span> 
     </span>
    </p>
   </div>
   <div class='ocr_carea' id='block_1_12' title="bbox 144 1209 419 1214">
    <p class='ocr_par' dir='ltr' id='par_1_12' title="bbox 144 1209 419 1214">
     <span class='ocr_line' id='line_1_21' title="bbox 144 1209 419 1214; baseline 0 0"><span class='ocrx_word' id='word_1_96' title='bbox 144 1209 419 1214; x_wconf 95' lang='lat' dir='ltr'><strong> </strong></span> 
     </span>
    </p>
   </div>
   <div class='ocr_carea' id='block_1_13' title="bbox 382 1296 565 1347">
    <p class='ocr_par' dir='ltr' id='par_1_13' title="bbox 382 1296 565 1347">
     <span class='ocr_line' id='line_1_22' title="bbox 382 1296 565 1347; baseline 0.011 -14"><span class='ocrx_word' id='word_1_97' title='bbox 382 1296 473 1347; x_wconf 59' lang='lat' dir='ltr'><strong>(Pap.</strong></span> <span class='ocrx_word' id='word_1_98' title='bbox 501 1297 565 1335; x_wconf 88' lang='lat' dir='ltr'><strong>LI.</strong></span> 
     </span>
    </p>
   </div>
   <div class='ocr_carea' id='block_1_14' title="bbox 139 1370 806 1878">
    <p class='ocr_par' dir='ltr' id='par_1_14' title="bbox 139 1370 806 1878">
     <span class='ocr_line' id='line_1_23' title="bbox 198 1370 803 1427; baseline 0 -14"><span class='ocrx_word' id='word_1_99' title='bbox 198 1370 248 1414; x_wconf 77' lang='grc' dir='ltr'>σύ</span> <span class='ocrx_word' id='word_1_100' title='bbox 276 1373 318 1415; x_wconf 79' lang='grc' dir='ltr'><strong>δέ</strong></span> <span class='ocrx_word' id='word_1_101' title='bbox 356 1389 427 1427; x_wconf 88' lang='grc' dir='ltr'><strong>μευ</strong></span> <span class='ocrx_word' id='word_1_102' title='bbox 458 1374 704 1426; x_wconf 77' lang='grc' dir='ltr'>συμβουλίην</span> <span class='ocrx_word' id='word_1_103' title='bbox 738 1372 803 1414; x_wconf 73' lang='grc' dir='ltr'>ἔν-</span> 
     </span>
     <span class='ocr_line' id='line_1_24' title="bbox 143 1431 804 1480; baseline -0.003 -9"><span class='ocrx_word' id='word_1_104' title='bbox 143 1431 277 1480; x_wconf 82' lang='grc' dir='ltr'>δεξαι]</span> <span class='ocrx_word' id='word_1_105' title='bbox 309 1433 335 1469; x_wconf 92' lang='lat' dir='ltr'><strong>i.</strong></span> <span class='ocrx_word' id='word_1_106' title='bbox 368 1446 402 1469; x_wconf 90' lang='lat' dir='ltr'><strong>e.</strong></span> <span class='ocrx_word' id='word_1_107' title='bbox 431 1431 512 1470; x_wconf 83' lang='lat' dir='ltr'><strong>Iam</strong></span> <span class='ocrx_word' id='word_1_108' title='bbox 546 1436 586 1469; x_wconf 75' lang='lat' dir='ltr'><strong>tu</strong></span> <span class='ocrx_word' id='word_1_109' title='bbox 609 1443 718 1468; x_wconf 78' lang='lat' dir='ltr'><strong>meum</strong></span> <span class='ocrx_word' id='word_1_110' title='bbox 746 1445 804 1469; x_wconf 81' lang='lat' dir='ltr'><strong>sc-</strong></span> 
     </span>
     <span class='ocr_line' id='line_1_25' title="bbox 143 1489 803 1540; baseline -0.002 -15"><span class='ocrx_word' id='word_1_111' title='bbox 143 1501 246 1539; x_wconf 78' lang='lat' dir='ltr'><strong>quere</strong></span> <span class='ocrx_word' id='word_1_112' title='bbox 277 1489 471 1526; x_wconf 77' lang='lat' dir='ltr'><strong>consilium.</strong></span> <span class='ocrx_word' id='word_1_113' title='bbox 530 1490 604 1525; x_wconf 89' lang='lat' dir='ltr'><strong>Ubi</strong></span> <span class='ocrx_word' id='word_1_114' title='bbox 639 1501 736 1540; x_wconf 80' lang='lat' dir='ltr'><strong>quae</strong></span> <span class='ocrx_word' id='word_1_115' title='bbox 757 1490 803 1525; x_wconf 83' lang='lat' dir='ltr'><strong>sit</strong></span> 
     </span>
     <span class='ocr_line' id='line_1_26' title="bbox 141 1544 804 1596; baseline -0.005 -13"><span class='ocrx_word' id='word_1_116' title='bbox 141 1546 196 1583; x_wconf 83' lang='lat' dir='ltr'><strong>vis</strong></span> <span class='ocrx_word' id='word_1_117' title='bbox 216 1546 423 1596; x_wconf 81' lang='lat' dir='ltr'>particulae</span> <span class='ocrx_word' id='word_1_118' title='bbox 455 1544 498 1585; x_wconf 78' lang='grc' dir='ltr'><strong>δὲ</strong></span> <span class='ocrx_word' id='word_1_119' title='bbox 524 1547 564 1582; x_wconf 88' lang='lat' dir='ltr'><strong>in</strong></span> <span class='ocrx_word' id='word_1_120' title='bbox 594 1546 804 1596; x_wconf 78' lang='lat' dir='ltr'><strong>compella-</strong></span> 
     </span>
     <span class='ocr_line' id='line_1_27' title="bbox 141 1602 805 1655; baseline -0.002 -16"><span class='ocrx_word' id='word_1_121' title='bbox 141 1602 318 1650; x_wconf 79' lang='lat' dir='ltr'><strong>tionibus,</strong></span> <span class='ocrx_word' id='word_1_122' title='bbox 339 1604 404 1641; x_wconf 87' lang='lat' dir='ltr'><strong>vix</strong></span> <span class='ocrx_word' id='word_1_123' title='bbox 415 1616 651 1655; x_wconf 85' lang='lat' dir='ltr'><strong>quemquam</strong></span> <span class='ocrx_word' id='word_1_124' title='bbox 672 1603 805 1652; x_wconf 75' lang='lat' dir='ltr'><strong>fugiet.</strong></span> 
     </span>
     <span class='ocr_line' id='line_1_28' title="bbox 142 1658 804 1711; baseline 0 -15"><span class='ocrx_word' id='word_1_125' title='bbox 142 1658 209 1696; x_wconf 88' lang='lat' dir='ltr'><strong>Tu</strong></span> <span class='ocrx_word' id='word_1_126' title='bbox 229 1660 330 1697; x_wconf 89' lang='lat' dir='ltr'><strong>conf.</strong></span> <span class='ocrx_word' id='word_1_127' title='bbox 360 1659 473 1697; x_wconf 90' lang='lat' dir='ltr'><strong>Pind.</strong></span> <span class='ocrx_word' id='word_1_128' title='bbox 503 1661 655 1711; x_wconf 88' lang='lat' dir='ltr'><strong>Olymp.</strong></span> <span class='ocrx_word' id='word_1_129' title='bbox 677 1660 742 1706; x_wconf 87' lang='grc' dir='ltr'>ΙΙΙ,</span> <span class='ocrx_word' id='word_1_130' title='bbox 764 1658 804 1699; x_wconf 83' lang='grc'><strong>4.</strong></span> 
     </span>
     <span class='ocr_line' id='line_1_29' title="bbox 141 1715 806 1768; baseline 0 -16"><span class='ocrx_word' id='word_1_131' title='bbox 141 1716 310 1755; x_wconf 89' lang='lat' dir='ltr'><strong>Elmslei.</strong></span> <span class='ocrx_word' id='word_1_132' title='bbox 334 1715 382 1753; x_wconf 82' lang='lat' dir='ltr'><strong>ad</strong></span> <span class='ocrx_word' id='word_1_133' title='bbox 403 1716 585 1768; x_wconf 86' lang='lat' dir='ltr'><strong>Sophocl.</strong></span> <span class='ocrx_word' id='word_1_134' title='bbox 616 1716 710 1754; x_wconf 92' lang='lat' dir='ltr'><strong>Oed.</strong></span> <span class='ocrx_word' id='word_1_135' title='bbox 734 1717 806 1753; x_wconf 90' lang='lat' dir='ltr'><strong>Co-</strong></span> 
     </span>
     <span class='ocr_line' id='line_1_30' title="bbox 139 1772 805 1825; baseline 0 -16"><span class='ocrx_word' id='word_1_136' title='bbox 139 1772 219 1811; x_wconf 88' lang='lat' dir='ltr'><strong>lon.</strong></span> <span class='ocrx_word' id='word_1_137' title='bbox 251 1773 332 1814; x_wconf 87' lang='lat'><strong>507</strong></span> <span class='ocrx_word' id='word_1_138' title='bbox 360 1786 449 1824; x_wconf 81' lang='lat' dir='ltr'>pag.</span> <span class='ocrx_word' id='word_1_139' title='bbox 487 1776 565 1814; x_wconf 82' lang='lat'><strong>166</strong></span> <span class='ocrx_word' id='word_1_140' title='bbox 595 1775 698 1825; x_wconf 82' lang='lat' dir='ltr'><strong>Lips.</strong></span> <span class='ocrx_word' id='word_1_141' title='bbox 755 1775 805 1810; x_wconf 88' lang='lat' dir='ltr'><strong>Et</strong></span> 
     </span>
     <span class='ocr_line' id='line_1_31' title="bbox 141 1828 549 1878; baseline 0.002 -10"><span class='ocrx_word' id='word_1_142' title='bbox 141 1828 229 1868; x_wconf 80' lang='lat' dir='ltr'><strong>vide</strong></span> <span class='ocrx_word' id='word_1_143' title='bbox 249 1829 392 1867; x_wconf 85' lang='lat' dir='ltr'><strong>Herod.</strong></span> <span class='ocrx_word' id='word_1_144' title='bbox 414 1829 460 1878; x_wconf 90' lang='lat' dir='ltr'><strong>V,</strong></span> <span class='ocrx_word' id='word_1_145' title='bbox 482 1828 549 1871; x_wconf 82' lang='lat'><strong>40.</strong></span> 
     </span>
    </p>
   </div>
   <div class='ocr_carea' id='block_1_15' title="bbox 139 1939 812 2896">
    <p class='ocr_par' dir='ltr' id='par_1_15' title="bbox 143 1939 812 2896">
     <span class='ocr_line' id='line_1_32' title="bbox 201 1939 805 1995; baseline -0.005 -14"><span class='ocrx_word' id='word_1_146' title='bbox 201 1944 356 1982; x_wconf 80' lang='grc' dir='ltr'>πλεῦνα</span> <span class='ocrx_word' id='word_1_147' title='bbox 378 1939 493 1995; x_wconf 85' lang='grc' dir='ltr'>λόγον</span> <span class='ocrx_word' id='word_1_148' title='bbox 508 1941 693 1990; x_wconf 79' lang='grc' dir='ltr'>ἐκτεῖναι]</span> <span class='ocrx_word' id='word_1_149' title='bbox 713 1942 805 1989; x_wconf 72' lang='lat' dir='ltr'><strong>„Sic</strong></span> 
     </span>
     <span class='ocr_line' id='line_1_33' title="bbox 145 1995 806 2051; baseline -0.002 -14"><span class='ocrx_word' id='word_1_150' title='bbox 145 2000 273 2050; x_wconf 80' lang='grc' dir='ltr'>μῆκος</span> <span class='ocrx_word' id='word_1_151' title='bbox 303 1998 470 2039; x_wconf 75' lang='grc' dir='ltr'>ἐκτεῖναι</span> <span class='ocrx_word' id='word_1_152' title='bbox 511 1995 627 2051; x_wconf 72' lang='grc' dir='ltr'>λόγου</span> <span class='ocrx_word' id='word_1_153' title='bbox 660 2000 806 2050; x_wconf 83' lang='lat' dir='ltr'><strong>scripsit</strong></span> 
     </span>
     <span class='ocr_line' id='line_1_34' title="bbox 143 2054 805 2107; baseline 0.003 -15"><span class='ocrx_word' id='word_1_154' title='bbox 143 2054 352 2107; x_wconf 88' lang='lat' dir='ltr'><strong>Aeschylus</strong></span> <span class='ocrx_word' id='word_1_155' title='bbox 366 2057 548 2105; x_wconf 86' lang='lat' dir='ltr'><strong>[Eumen.</strong></span> <span class='ocrx_word' id='word_1_156' title='bbox 563 2056 779 2104; x_wconf 64' lang='lat'>18830111]</span> <span class='ocrx_word' id='word_1_157' title='bbox 795 2069 805 2105; x_wconf 87' lang='lat'>;</span> 
     </span>
     <span class='ocr_line' id='line_1_35' title="bbox 144 2108 806 2165; baseline -0.005 -13"><span class='ocrx_word' id='word_1_158' title='bbox 144 2108 288 2163; x_wconf 83' lang='grc' dir='ltr'>μείζον’</span> <span class='ocrx_word' id='word_1_159' title='bbox 318 2112 486 2152; x_wconf 78' lang='grc' dir='ltr'>ἐκτεῖναι</span> <span class='ocrx_word' id='word_1_160' title='bbox 511 2109 626 2165; x_wconf 78' lang='grc' dir='ltr'>λόγον</span> <span class='ocrx_word' id='word_1_161' title='bbox 650 2112 806 2163; x_wconf 84' lang='lat' dir='ltr'><strong>Sopho-</strong></span> 
     </span>
     <span class='ocr_line' id='line_1_36' title="bbox 144 2168 807 2219; baseline 0.002 -14"><span class='ocrx_word' id='word_1_162' title='bbox 144 2169 218 2206; x_wconf 87' lang='lat' dir='ltr'><strong>cles</strong></span> <span class='ocrx_word' id='word_1_163' title='bbox 235 2168 436 2218; x_wconf 81' lang='lat' dir='ltr'><strong>[Trachin.</strong></span> <span class='ocrx_word' id='word_1_164' title='bbox 450 2170 531 2211; x_wconf 81' lang='grc'><strong>640</strong></span> <span class='ocrx_word' id='word_1_165' title='bbox 546 2171 628 2219; x_wconf 66' lang='lat' dir='ltr'><strong>Bn]</strong></span> <span class='ocrx_word' id='word_1_166' title='bbox 639 2171 678 2206; x_wconf 77' lang='lat'><strong>.“</strong></span> <span class='ocrx_word' id='word_1_167' title='bbox 704 2170 764 2206; x_wconf 87' lang='lat' dir='ltr'><strong>Va</strong></span> <span class='ocrx_word' id='word_1_168' title='bbox 776 2170 807 2206; x_wconf 73' lang='lat' dir='ltr'><strong>l-</strong></span> 
     </span>
     <span class='ocr_line' id='line_1_37' title="bbox 146 2224 806 2277; baseline 0.002 -15"><span class='ocrx_word' id='word_1_169' title='bbox 146 2224 269 2263; x_wconf 66' lang='lat' dir='ltr'><strong>chen.</strong></span> <span class='ocrx_word' id='word_1_170' title='bbox 300 2227 394 2263; x_wconf 84' lang='lat' dir='ltr'><strong>Mox</strong></span> <span class='ocrx_word' id='word_1_171' title='bbox 415 2240 503 2263; x_wconf 88' lang='lat' dir='ltr'><strong>cum</strong></span> <span class='ocrx_word' id='word_1_172' title='bbox 528 2225 746 2277; x_wconf 75' lang='lat' dir='ltr'><strong>Schweigli.</strong></span> <span class='ocrx_word' id='word_1_173' title='bbox 769 2234 806 2263; x_wconf 90' lang='lat' dir='ltr'><strong>et</strong></span> 
     </span>
     <span class='ocr_line' id='line_1_38' title="bbox 145 2279 807 2335; baseline 0.005 -18"><span class='ocrx_word' id='word_1_174' title='bbox 145 2282 263 2319; x_wconf 85' lang='lat' dir='ltr'><strong>Gaisf.</strong></span> <span class='ocrx_word' id='word_1_175' title='bbox 280 2285 455 2321; x_wconf 83' lang='lat' dir='ltr'>revocavi</span> <span class='ocrx_word' id='word_1_176' title='bbox 471 2279 714 2335; x_wconf 79' lang='grc' dir='ltr'>Ἀθηναίων,</span> <span class='ocrx_word' id='word_1_177' title='bbox 736 2297 807 2320; x_wconf 90' lang='lat' dir='ltr'><strong>cu-</strong></span> 
     </span>
     <span class='ocr_line' id='line_1_39' title="bbox 144 2338 808 2393; baseline 0.005 -19"><span class='ocrx_word' id='word_1_178' title='bbox 144 2338 202 2375; x_wconf 89' lang='lat' dir='ltr'><strong>ius</strong></span> <span class='ocrx_word' id='word_1_179' title='bbox 222 2339 305 2379; x_wconf 88' lang='lat' dir='ltr'><strong>loco</strong></span> <span class='ocrx_word' id='word_1_180' title='bbox 327 2338 551 2377; x_wconf 81' lang='lat' dir='ltr'><strong>Schaeferus</strong></span> <span class='ocrx_word' id='word_1_181' title='bbox 567 2369 577 2389; x_wconf 85' lang='lat'>‚</span> <span class='ocrx_word' id='word_1_182' title='bbox 610 2354 724 2393; x_wconf 87' lang='lat' dir='ltr'><strong>quem</strong></span> <span class='ocrx_word' id='word_1_183' title='bbox 745 2354 808 2377; x_wconf 87' lang='lat' dir='ltr'><strong>se-</strong></span> 
     </span>
     <span class='ocr_line' id='line_1_40' title="bbox 147 2394 807 2445; baseline 0.008 -16"><span class='ocrx_word' id='word_1_184' title='bbox 147 2395 276 2445; x_wconf 81' lang='lat' dir='ltr'><strong>quitur</strong></span> <span class='ocrx_word' id='word_1_185' title='bbox 298 2394 522 2444; x_wconf 84' lang='lat' dir='ltr'><strong>Bekkerus,</strong></span> <span class='ocrx_word' id='word_1_186' title='bbox 561 2396 608 2433; x_wconf 86' lang='lat' dir='ltr'><strong>de</strong></span> <span class='ocrx_word' id='word_1_187' title='bbox 635 2411 704 2434; x_wconf 90' lang='lat' dir='ltr'><strong>suo</strong></span> <span class='ocrx_word' id='word_1_188' title='bbox 737 2396 807 2434; x_wconf 86' lang='lat' dir='ltr'><strong>de-</strong></span> 
     </span>
     <span class='ocr_line' id='line_1_41' title="bbox 147 2446 807 2502; baseline 0.003 -14"><span class='ocrx_word' id='word_1_189' title='bbox 147 2449 254 2488; x_wconf 85' lang='lat' dir='ltr'><strong>derat</strong></span> <span class='ocrx_word' id='word_1_190' title='bbox 271 2446 495 2502; x_wconf 82' lang='grc' dir='ltr'>Ἀθηνέων,</span> <span class='ocrx_word' id='word_1_191' title='bbox 515 2466 626 2501; x_wconf 77' lang='lat' dir='ltr'><strong>cum,</strong></span> <span class='ocrx_word' id='word_1_192' title='bbox 648 2461 689 2490; x_wconf 88' lang='lat' dir='ltr'><strong>ut</strong></span> <span class='ocrx_word' id='word_1_193' title='bbox 708 2454 807 2490; x_wconf 88' lang='lat' dir='ltr'><strong>bene</strong></span> 
     </span>
     <span class='ocr_line' id='line_1_42' title="bbox 146 2508 806 2548; baseline 0.006 -5"><span class='ocrx_word' id='word_1_194' title='bbox 146 2508 297 2544; x_wconf 88' lang='lat' dir='ltr'><strong>monuit</strong></span> <span class='ocrx_word' id='word_1_195' title='bbox 324 2509 517 2544; x_wconf 82' lang='lat' dir='ltr'><strong>Letronne</strong></span> <span class='ocrx_word' id='word_1_196' title='bbox 555 2510 595 2545; x_wconf 86' lang='lat' dir='ltr'><strong>in</strong></span> <span class='ocrx_word' id='word_1_197' title='bbox 633 2511 806 2548; x_wconf 81' lang='lat' dir='ltr'><strong>Journal.</strong></span> 
     </span>
     <span class='ocr_line' id='line_1_43' title="bbox 148 2562 807 2615; baseline 0.005 -16"><span class='ocrx_word' id='word_1_198' title='bbox 148 2562 186 2600; x_wconf 91' lang='lat' dir='ltr'><strong>d.</strong></span> <span class='ocrx_word' id='word_1_199' title='bbox 209 2564 298 2602; x_wconf 83' lang='lat' dir='ltr'><strong>Sav.</strong></span> <span class='ocrx_word' id='word_1_200' title='bbox 333 2566 440 2604; x_wconf 84' lang='lat'><strong>1817</strong></span> <span class='ocrx_word' id='word_1_201' title='bbox 469 2576 557 2615; x_wconf 80' lang='lat' dir='ltr'>pag.</span> <span class='ocrx_word' id='word_1_202' title='bbox 588 2563 664 2613; x_wconf 79' lang='lat'><strong>46,</strong></span> <span class='ocrx_word' id='word_1_203' title='bbox 695 2566 807 2603; x_wconf 85' lang='lat' dir='ltr'><strong>codd.</strong></span> 
     </span>
     <span class='ocr_line' id='line_1_44' title="bbox 146 2619 809 2670; baseline 0.005 -15"><span class='ocrx_word' id='word_1_204' title='bbox 146 2619 259 2656; x_wconf 83' lang='lat' dir='ltr'><strong>lectio</strong></span> <span class='ocrx_word' id='word_1_205' title='bbox 280 2626 455 2670; x_wconf 83' lang='lat' dir='ltr'><strong>praestet,</strong></span> <span class='ocrx_word' id='word_1_206' title='bbox 483 2634 554 2657; x_wconf 88' lang='lat' dir='ltr'><strong>nec</strong></span> <span class='ocrx_word' id='word_1_207' title='bbox 576 2622 732 2658; x_wconf 89' lang='lat' dir='ltr'><strong>omnino</strong></span> <span class='ocrx_word' id='word_1_208' title='bbox 748 2629 809 2658; x_wconf 80' lang='lat' dir='ltr'><strong>ta-</strong></span> 
     </span>
     <span class='ocr_line' id='line_1_45' title="bbox 148 2674 809 2714; baseline 0.006 -4"><span class='ocrx_word' id='word_1_209' title='bbox 148 2674 192 2711; x_wconf 86' lang='lat' dir='ltr'><strong>lis</strong></span> <span class='ocrx_word' id='word_1_210' title='bbox 211 2677 387 2713; x_wconf 76' lang='lat' dir='ltr'><strong>transitus</strong></span> <span class='ocrx_word' id='word_1_211' title='bbox 408 2689 430 2712; x_wconf 87' lang='lat' dir='ltr'><strong>a</strong></span> <span class='ocrx_word' id='word_1_212' title='bbox 449 2683 570 2713; x_wconf 84' lang='lat' dir='ltr'><strong>terrae</strong></span> <span class='ocrx_word' id='word_1_213' title='bbox 589 2678 744 2714; x_wconf 86' lang='lat' dir='ltr'><strong>nomine</strong></span> <span class='ocrx_word' id='word_1_214' title='bbox 761 2676 809 2714; x_wconf 80' lang='lat' dir='ltr'><strong>ad</strong></span> 
     </span>
     <span class='ocr_line' id='line_1_46' title="bbox 149 2732 812 2783; baseline 0.008 -17.008"><span class='ocrx_word' id='word_1_215' title='bbox 149 2732 271 2779; x_wconf 88' lang='lat' dir='ltr'><strong>gentis</strong></span> <span class='ocrx_word' id='word_1_216' title='bbox 300 2733 594 2783; x_wconf 83' lang='lat' dir='ltr'><strong>appellationem</strong></span> <span class='ocrx_word' id='word_1_217' title='bbox 630 2736 677 2771; x_wconf 90' lang='lat' dir='ltr'><strong>sit</strong></span> <span class='ocrx_word' id='word_1_218' title='bbox 706 2735 812 2771; x_wconf 89' lang='lat' dir='ltr'><strong>inso-</strong></span> 
     </span>
     <span class='ocr_line' id='line_1_47' title="bbox 148 2786 809 2839; baseline 0.012 -17"><span class='ocrx_word' id='word_1_219' title='bbox 148 2786 258 2834; x_wconf 88' lang='lat' dir='ltr'><strong>litus,</strong></span> <span class='ocrx_word' id='word_1_220' title='bbox 290 2795 332 2825; x_wconf 92' lang='lat' dir='ltr'><strong>ut</strong></span> <span class='ocrx_word' id='word_1_221' title='bbox 353 2789 454 2839; x_wconf 77' lang='lat' dir='ltr'><strong>apud</strong></span> <span class='ocrx_word' id='word_1_222' title='bbox 476 2791 588 2827; x_wconf 87' lang='lat' dir='ltr'><strong>Dion.</strong></span> <span class='ocrx_word' id='word_1_223' title='bbox 622 2791 723 2827; x_wconf 81' lang='lat' dir='ltr'><strong>Cass.</strong></span> <span class='ocrx_word' id='word_1_224' title='bbox 743 2789 809 2838; x_wconf 77' lang='lat'><strong>48,</strong></span> 
     </span>
     <span class='ocr_line' id='line_1_48' title="bbox 139 2841 809 2896; baseline 0.003 -14.03"><span class='ocrx_word' id='word_1_225' title='bbox 139 2841 216 2890; x_wconf 87' lang='lat'><strong>41,</strong></span> <span class='ocrx_word' id='word_1_226' title='bbox 237 2843 339 2882; x_wconf 82' lang='lat' dir='ltr'><strong>alibi.</strong></span> <span class='ocrx_word' id='word_1_227' title='bbox 395 2846 497 2884; x_wconf 86' lang='lat' dir='ltr'><strong>Infra</strong></span> <span class='ocrx_word' id='word_1_228' title='bbox 517 2847 670 2895; x_wconf 82' lang='lat' dir='ltr'>V11‚62</span> <span class='ocrx_word' id='word_1_229' title='bbox 693 2847 809 2896; x_wconf 80' lang='lat' dir='ltr'><strong>vulgo</strong></span> 
     </span>
    </p>
   </div>
   <div class='ocr_carea' id='block_1_16' title="bbox 858 1288 1526 1955">
    <p class='ocr_par' dir='ltr' id='par_1_16' title="bbox 858 1288 1526 1955">
     <span class='ocr_line' id='line_1_49' title="bbox 860 1288 1523 1345; baseline 0 -13"><span class='ocrx_word' id='word_1_230' title='bbox 860 1293 1049 1345; x_wconf 80' lang='grc' dir='ltr'>Μηδείης</span> <span class='ocrx_word' id='word_1_231' title='bbox 1073 1295 1145 1344; x_wconf 85' lang='grc' dir='ltr'>τῆς</span> <span class='ocrx_word' id='word_1_232' title='bbox 1177 1293 1372 1344; x_wconf 79' lang='grc' dir='ltr'>Κολχίδος</span> <span class='ocrx_word' id='word_1_233' title='bbox 1394 1292 1434 1342; x_wconf 76' lang='grc' dir='ltr'><strong>ἐξ</strong></span> <span class='ocrx_word' id='word_1_234' title='bbox 1450 1288 1523 1332; x_wconf 88' lang='lat' dir='ltr'><strong>&#39;A-</strong></span> 
     </span>
     <span class='ocr_line' id='line_1_50' title="bbox 858 1351 1523 1401; baseline -0.002 -12"><span class='ocrx_word' id='word_1_235' title='bbox 858 1351 1041 1401; x_wconf 80' lang='grc' dir='ltr'>θηνέων,</span> <span class='ocrx_word' id='word_1_236' title='bbox 1099 1351 1166 1386; x_wconf 87' lang='lat' dir='ltr'><strong>ubi</strong></span> <span class='ocrx_word' id='word_1_237' title='bbox 1204 1352 1446 1388; x_wconf 86' lang='lat' dir='ltr'><strong>Florentinus</strong></span> <span class='ocrx_word' id='word_1_238' title='bbox 1486 1357 1523 1388; x_wconf 86' lang='lat' dir='ltr'><strong>et</strong></span> 
     </span>
     <span class='ocr_line' id='line_1_51' title="bbox 860 1404 1523 1458; baseline 0.002 -13"><span class='ocrx_word' id='word_1_239' title='bbox 860 1408 1050 1445; x_wconf 79' lang='lat' dir='ltr'><strong>Sancrofti</strong></span> <span class='ocrx_word' id='word_1_240' title='bbox 1090 1408 1185 1444; x_wconf 85' lang='lat' dir='ltr'><strong>liber</strong></span> <span class='ocrx_word' id='word_1_241' title='bbox 1217 1407 1255 1455; x_wconf 79' lang='grc' dir='ltr'><strong>ἐξ</strong></span> <span class='ocrx_word' id='word_1_242' title='bbox 1281 1404 1523 1458; x_wconf 77' lang='grc' dir='ltr'>Ἀθηναίων,</span> 
     </span>
     <span class='ocr_line' id='line_1_52' title="bbox 860 1463 1525 1516; baseline -0.002 -15"><span class='ocrx_word' id='word_1_243' title='bbox 860 1464 1102 1501; x_wconf 79' lang='lat' dir='ltr'><strong>dissentiente</strong></span> <span class='ocrx_word' id='word_1_244' title='bbox 1123 1463 1331 1512; x_wconf 49' lang='lat' dir='ltr'><strong>Pausania,</strong></span> <span class='ocrx_word' id='word_1_245' title='bbox 1365 1465 1432 1516; x_wconf 90' lang='lat' dir='ltr'><strong>qui</strong></span> <span class='ocrx_word' id='word_1_246' title='bbox 1457 1477 1525 1500; x_wconf 80' lang='lat' dir='ltr'><strong>ea-</strong></span> 
     </span>
     <span class='ocr_line' id='line_1_53' title="bbox 861 1520 1524 1569; baseline 0.002 -12"><span class='ocrx_word' id='word_1_247' title='bbox 861 1521 950 1558; x_wconf 79' lang='lat' dir='ltr'><strong>dem</strong></span> <span class='ocrx_word' id='word_1_248' title='bbox 975 1523 1015 1557; x_wconf 91' lang='lat' dir='ltr'><strong>in</strong></span> <span class='ocrx_word' id='word_1_249' title='bbox 1044 1534 1083 1557; x_wconf 88' lang='lat' dir='ltr'><strong>re</strong></span> <span class='ocrx_word' id='word_1_250' title='bbox 1112 1522 1158 1569; x_wconf 80' lang='grc' dir='ltr'>ΙΙ,</span> <span class='ocrx_word' id='word_1_251' title='bbox 1183 1524 1207 1561; x_wconf 74' lang='lat'><strong>3</strong></span> <span class='ocrx_word' id='word_1_252' title='bbox 1230 1523 1267 1567; x_wconf 62' lang='grc' dir='ltr'><strong>ξ.</strong></span> <span class='ocrx_word' id='word_1_253' title='bbox 1289 1524 1314 1562; x_wconf 89' lang='grc'><strong>7</strong></span> <span class='ocrx_word' id='word_1_254' title='bbox 1335 1521 1463 1558; x_wconf 81' lang='lat' dir='ltr'><strong>scribit</strong></span> <span class='ocrx_word' id='word_1_255' title='bbox 1484 1520 1524 1568; x_wconf 78' lang='grc' dir='ltr'><strong>ἐξ</strong></span> 
     </span>
     <span class='ocr_line' id='line_1_54' title="bbox 859 1574 1524 1629; baseline -0.005 -13"><span class='ocrx_word' id='word_1_256' title='bbox 859 1574 1054 1628; x_wconf 76' lang='grc' dir='ltr'>Ἀθηνῶν</span> <span class='ocrx_word' id='word_1_257' title='bbox 1092 1578 1225 1629; x_wconf 60' lang='grc' dir='ltr'>ἔφυγε.</span> <span class='ocrx_word' id='word_1_258' title='bbox 1284 1579 1337 1615; x_wconf 85' lang='lat' dir='ltr'><strong>At</strong></span> <span class='ocrx_word' id='word_1_259' title='bbox 1366 1579 1524 1625; x_wconf 84' lang='lat' dir='ltr'>V11‚90</span> 
     </span>
     <span class='ocr_line' id='line_1_55' title="bbox 862 1630 1525 1686; baseline -0.002 -15"><span class='ocrx_word' id='word_1_260' title='bbox 862 1648 931 1686; x_wconf 88' lang='lat' dir='ltr'><strong>pro</strong></span> <span class='ocrx_word' id='word_1_261' title='bbox 953 1633 1137 1671; x_wconf 78' lang='lat' dir='ltr'><strong>mendoso</strong></span> <span class='ocrx_word' id='word_1_262' title='bbox 1156 1630 1525 1685; x_wconf 59' lang='lat' dir='ltr'><strong>&#39;AequaioavWes-</strong></span> 
     </span>
     <span class='ocr_line' id='line_1_56' title="bbox 860 1690 1525 1742; baseline -0.002 -14"><span class='ocrx_word' id='word_1_263' title='bbox 860 1693 998 1742; x_wconf 82' lang='lat' dir='ltr'><strong>seling,</strong></span> <span class='ocrx_word' id='word_1_264' title='bbox 1030 1699 1067 1728; x_wconf 90' lang='lat' dir='ltr'><strong>et</strong></span> <span class='ocrx_word' id='word_1_265' title='bbox 1080 1690 1264 1728; x_wconf 80' lang='lat' dir='ltr'><strong>Valcken.</strong></span> <span class='ocrx_word' id='word_1_266' title='bbox 1287 1692 1384 1728; x_wconf 86' lang='lat' dir='ltr'><strong>bene</strong></span> <span class='ocrx_word' id='word_1_267' title='bbox 1413 1692 1525 1728; x_wconf 83' lang='lat' dir='ltr'><strong>resti·</strong></span> 
     </span>
     <span class='ocr_line' id='line_1_57' title="bbox 861 1742 1526 1799; baseline -0.003 -13"><span class='ocrx_word' id='word_1_268' title='bbox 861 1755 1016 1786; x_wconf 86' lang='lat' dir='ltr'><strong>tuerunt</strong></span> <span class='ocrx_word' id='word_1_269' title='bbox 1038 1748 1075 1796; x_wconf 77' lang='grc' dir='ltr'><strong>ἐξ</strong></span> <span class='ocrx_word' id='word_1_270' title='bbox 1091 1742 1323 1799; x_wconf 77' lang='grc' dir='ltr'>Ἀθηνέων.</span> <span class='ocrx_word' id='word_1_271' title='bbox 1370 1747 1433 1785; x_wconf 90' lang='lat' dir='ltr'><strong>Ad</strong></span> <span class='ocrx_word' id='word_1_272' title='bbox 1453 1761 1526 1785; x_wconf 81' lang='lat' dir='ltr'><strong>vo·-</strong></span> 
     </span>
     <span class='ocr_line' id='line_1_58' title="bbox 862 1801 1526 1856; baseline 0 -14"><span class='ocrx_word' id='word_1_273' title='bbox 862 1819 924 1843; x_wconf 90' lang='lat' dir='ltr'><strong>ces</strong></span> <span class='ocrx_word' id='word_1_274' title='bbox 943 1806 1234 1855; x_wconf 80' lang='grc' dir='ltr'>κατεστρέψατο</span> <span class='ocrx_word' id='word_1_275' title='bbox 1266 1801 1526 1856; x_wconf 77' lang='grc' dir='ltr'>δασμοφόρον</span> 
     </span>
     <span class='ocr_line' id='line_1_59' title="bbox 863 1859 1526 1909; baseline -0.005 -8"><span class='ocrx_word' id='word_1_276' title='bbox 863 1859 1004 1901; x_wconf 80' lang='grc' dir='ltr'>εἶναι</span> <span class='ocrx_word' id='word_1_277' title='bbox 1034 1862 1136 1898; x_wconf 87' lang='lat' dir='ltr'><strong>conf.</strong></span> <span class='ocrx_word' id='word_1_278' title='bbox 1176 1862 1220 1909; x_wconf 85' lang='lat' dir='ltr'><strong>V,</strong></span> <span class='ocrx_word' id='word_1_279' title='bbox 1248 1864 1348 1909; x_wconf 77' lang='lat'>103,</span> <span class='ocrx_word' id='word_1_280' title='bbox 1386 1862 1453 1898; x_wconf 85' lang='lat' dir='ltr'><strong>ubi</strong></span> <span class='ocrx_word' id='word_1_281' title='bbox 1472 1861 1526 1898; x_wconf 88' lang='lat' dir='ltr'><strong>si-</strong></span> 
     </span>
     <span class='ocr_line' id='line_1_60' title="bbox 861 1920 1374 1955; baseline 0 -1"><span class='ocrx_word' id='word_1_282' title='bbox 861 1920 960 1955; x_wconf 78' lang='lat' dir='ltr'><strong>milis</strong></span> <span class='ocrx_word' id='word_1_283' title='bbox 978 1925 1164 1955; x_wconf 79' lang='lat' dir='ltr'><strong>structura</strong></span> <span class='ocrx_word' id='word_1_284' title='bbox 1185 1925 1374 1955; x_wconf 84' lang='lat' dir='ltr'><strong>enotatur.</strong></span> 
     </span>
    </p>
   </div>
   <div class='ocr_carea' id='block_1_17' title="bbox 861 1994 1531 2898">
    <p class='ocr_par' dir='ltr' id='par_1_17' title="bbox 861 1994 1531 2898">
     <span class='ocr_line' id='line_1_61' title="bbox 920 1994 1527 2050; baseline -0.002 -14"><span class='ocrx_word' id='word_1_285' title='bbox 920 1994 1029 2049; x_wconf 66' lang='grc' dir='ltr'>ἄγειν</span> <span class='ocrx_word' id='word_1_286' title='bbox 1045 1996 1109 2036; x_wconf 76' lang='grc' dir='ltr'><strong>ἐπὶ</strong></span> <span class='ocrx_word' id='word_1_287' title='bbox 1122 1994 1215 2043; x_wconf 69' lang='grc' dir='ltr'>τούς</span> <span class='ocrx_word' id='word_1_288' title='bbox 1224 1997 1410 2050; x_wconf 81' lang='grc' dir='ltr'>πατέρας]</span> <span class='ocrx_word' id='word_1_289' title='bbox 1436 1998 1527 2045; x_wconf 83' lang='lat' dir='ltr'><strong>„Ex</strong></span> 
     </span>
     <span class='ocr_line' id='line_1_62' title="bbox 861 2055 1527 2107; baseline 0.002 -17"><span class='ocrx_word' id='word_1_290' title='bbox 861 2067 991 2101; x_wconf 82' lang='lat' dir='ltr'><strong>more,</strong></span> <span class='ocrx_word' id='word_1_291' title='bbox 1023 2067 1098 2105; x_wconf 87' lang='lat' dir='ltr'><strong>quo</strong></span> <span class='ocrx_word' id='word_1_292' title='bbox 1115 2058 1298 2104; x_wconf 76' lang='lat' dir='ltr'><strong>parentes,</strong></span> <span class='ocrx_word' id='word_1_293' title='bbox 1332 2057 1399 2107; x_wconf 91' lang='lat' dir='ltr'><strong>qui</strong></span> <span class='ocrx_word' id='word_1_294' title='bbox 1420 2055 1527 2091; x_wconf 90' lang='lat' dir='ltr'><strong>colo-</strong></span> 
     </span>
     <span class='ocr_line' id='line_1_63' title="bbox 863 2110 1526 2160; baseline 0 -12"><span class='ocrx_word' id='word_1_295' title='bbox 863 2112 969 2148; x_wconf 81' lang='lat' dir='ltr'><strong>niam</strong></span> <span class='ocrx_word' id='word_1_296' title='bbox 981 2110 1222 2148; x_wconf 76' lang='lat' dir='ltr'><strong>deduxerunt</strong></span> <span class='ocrx_word' id='word_1_297' title='bbox 1233 2124 1242 2159; x_wconf 82' lang='lat'><em>3</em></span> <span class='ocrx_word' id='word_1_298' title='bbox 1264 2111 1376 2160; x_wconf 73' lang='lat' dir='ltr'><strong>liberi,</strong></span> <span class='ocrx_word' id='word_1_299' title='bbox 1391 2113 1430 2148; x_wconf 89' lang='lat' dir='ltr'><strong>in</strong></span> <span class='ocrx_word' id='word_1_300' title='bbox 1440 2123 1526 2148; x_wconf 83' lang='lat' dir='ltr'><strong>eam</strong></span> 
     </span>
     <span class='ocr_line' id='line_1_64' title="bbox 863 2167 1526 2219; baseline 0.003 -15"><span class='ocrx_word' id='word_1_301' title='bbox 863 2169 1062 2219; x_wconf 85' lang='lat' dir='ltr'><strong>profecti.“</strong></span> <span class='ocrx_word' id='word_1_302' title='bbox 1091 2167 1159 2204; x_wconf 78' lang='lat' dir='ltr'><strong>We</strong></span> <span class='ocrx_word' id='word_1_303' title='bbox 1172 2182 1186 2204; x_wconf 82' lang='lat' dir='ltr'><strong>s</strong></span> <span class='ocrx_word' id='word_1_304' title='bbox 1199 2169 1385 2218; x_wconf 72' lang='lat' dir='ltr'><strong>seling⁸⁷</strong></span> <span class='ocrx_word' id='word_1_305' title='bbox 1408 2170 1526 2206; x_wconf 82' lang='lat' dir='ltr'><strong>citans</strong></span> 
     </span>
     <span class='ocr_line' id='line_1_65' title="bbox 862 2225 1527 2273; baseline -0.002 -11"><span class='ocrx_word' id='word_1_306' title='bbox 862 2226 994 2262; x_wconf 80' lang='lat' dir='ltr'><strong>lustin.</strong></span> <span class='ocrx_word' id='word_1_307' title='bbox 1014 2225 1161 2271; x_wconf 78' lang='lat' dir='ltr'><strong>XXXI⁷</strong></span> <span class='ocrx_word' id='word_1_308' title='bbox 1193 2227 1232 2266; x_wconf 88' lang='grc'><strong>8.</strong></span> <span class='ocrx_word' id='word_1_309' title='bbox 1262 2225 1406 2262; x_wconf 88' lang='lat' dir='ltr'><strong>Herod.</strong></span> <span class='ocrx_word' id='word_1_310' title='bbox 1426 2227 1527 2273; x_wconf 84' lang='lat' dir='ltr'>VIII,</span> 
     </span>
     <span class='ocr_line' id='line_1_66' title="bbox 863 2280 1528 2328; baseline 0.002 -10"><span class='ocrx_word' id='word_1_311' title='bbox 863 2285 918 2322; x_wconf 76' lang='lat'><strong>22</strong></span> <span class='ocrx_word' id='word_1_312' title='bbox 940 2289 976 2319; x_wconf 90' lang='lat' dir='ltr'><strong>et</strong></span> <span class='ocrx_word' id='word_1_313' title='bbox 1004 2280 1151 2319; x_wconf 79' lang='lat' dir='ltr'><strong>Duker.</strong></span> <span class='ocrx_word' id='word_1_314' title='bbox 1188 2280 1236 2318; x_wconf 82' lang='lat' dir='ltr'><strong>ad</strong></span> <span class='ocrx_word' id='word_1_315' title='bbox 1267 2283 1369 2319; x_wconf 88' lang='lat' dir='ltr'><strong>Flor.</strong></span> <span class='ocrx_word' id='word_1_316' title='bbox 1389 2284 1418 2328; x_wconf 93' lang='grc' dir='ltr'><strong>Ι,</strong></span> <span class='ocrx_word' id='word_1_317' title='bbox 1442 2285 1466 2323; x_wconf 84' lang='lat'><strong>3</strong></span> <span class='ocrx_word' id='word_1_318' title='bbox 1488 2283 1528 2328; x_wconf 74' lang='lat'><strong>§-</strong></span> 
     </span>
     <span class='ocr_line' id='line_1_67' title="bbox 863 2338 1526 2379; baseline 0.002 -4"><span class='ocrx_word' id='word_1_319' title='bbox 863 2341 903 2379; x_wconf 87' lang='grc'><strong>9.</strong></span> <span class='ocrx_word' id='word_1_320' title='bbox 962 2340 1027 2376; x_wconf 92' lang='lat' dir='ltr'><strong>Tu</strong></span> <span class='ocrx_word' id='word_1_321' title='bbox 1057 2338 1158 2375; x_wconf 87' lang='lat' dir='ltr'><strong>conf.</strong></span> <span class='ocrx_word' id='word_1_322' title='bbox 1191 2340 1306 2375; x_wconf 81' lang='lat' dir='ltr'><strong>etiam</strong></span> <span class='ocrx_word' id='word_1_323' title='bbox 1337 2340 1448 2376; x_wconf 83' lang='lat' dir='ltr'><strong>allata</strong></span> <span class='ocrx_word' id='word_1_324' title='bbox 1476 2338 1526 2376; x_wconf 84' lang='lat' dir='ltr'><strong>ad</strong></span> 
     </span>
     <span class='ocr_line' id='line_1_68' title="bbox 861 2393 1524 2447; baseline 0.002 -16"><span class='ocrx_word' id='word_1_325' title='bbox 861 2397 927 2444; x_wconf 84' lang='grc' dir='ltr'>ΙΙΙ,</span> <span class='ocrx_word' id='word_1_326' title='bbox 952 2398 1017 2436; x_wconf 83' lang='lat'><strong>19,</strong></span> <span class='ocrx_word' id='word_1_327' title='bbox 1061 2397 1154 2432; x_wconf 87' lang='lat' dir='ltr'><strong>Mox</strong></span> <span class='ocrx_word' id='word_1_328' title='bbox 1175 2394 1263 2432; x_wconf 83' lang='lat' dir='ltr'><strong>dedi</strong></span> <span class='ocrx_word' id='word_1_329' title='bbox 1284 2393 1437 2435; x_wconf 63' lang='grc' dir='ltr'>τούτων</span> <span class='ocrx_word' id='word_1_330' title='bbox 1455 2408 1524 2447; x_wconf 90' lang='lat' dir='ltr'><strong>pro</strong></span> 
     </span>
     <span class='ocr_line' id='line_1_69' title="bbox 862 2449 1527 2492; baseline 0.002 -1"><span class='ocrx_word' id='word_1_331' title='bbox 862 2452 1050 2491; x_wconf 82' lang='grc' dir='ltr'>τουτέων.</span> <span class='ocrx_word' id='word_1_332' title='bbox 1108 2451 1170 2488; x_wconf 89' lang='lat' dir='ltr'><strong>Ad</strong></span> <span class='ocrx_word' id='word_1_333' title='bbox 1211 2453 1325 2489; x_wconf 86' lang='lat' dir='ltr'><strong>verba</strong></span> <span class='ocrx_word' id='word_1_334' title='bbox 1369 2449 1449 2492; x_wconf 81' lang='grc' dir='ltr'>οἷοί</span> <span class='ocrx_word' id='word_1_335' title='bbox 1485 2467 1527 2492; x_wconf 83' lang='grc' dir='ltr'><strong>τε</strong></span> 
     </span>
     <span class='ocr_line' id='line_1_70' title="bbox 865 2506 1522 2560; baseline -0.005 -12"><span class='ocrx_word' id='word_1_336' title='bbox 865 2506 974 2558; x_wconf 77' lang='grc' dir='ltr'>εἰμὲν</span> <span class='ocrx_word' id='word_1_337' title='bbox 1009 2509 1110 2546; x_wconf 87' lang='lat' dir='ltr'><strong>conf.</strong></span> <span class='ocrx_word' id='word_1_338' title='bbox 1140 2508 1276 2546; x_wconf 74' lang='lat' dir='ltr'><strong>Matth.</strong></span> <span class='ocrx_word' id='word_1_339' title='bbox 1300 2511 1366 2546; x_wconf 84' lang='lat' dir='ltr'><strong>Gr.</strong></span> <span class='ocrx_word' id='word_1_340' title='bbox 1395 2511 1462 2546; x_wconf 82' lang='lat' dir='ltr'><strong>Gr.</strong></span> <span class='ocrx_word' id='word_1_341' title='bbox 1482 2523 1522 2560; x_wconf 85' lang='lat' dir='ltr'><strong>p.</strong></span> 
     </span>
     <span class='ocr_line' id='line_1_71' title="bbox 865 2563 1528 2617; baseline -0.003 -13"><span class='ocrx_word' id='word_1_342' title='bbox 865 2563 958 2604; x_wconf 76' lang='lat'><strong>414.</strong></span> <span class='ocrx_word' id='word_1_343' title='bbox 981 2565 1063 2612; x_wconf 85' lang='lat' dir='ltr'><strong>(Cr.</strong></span> <span class='ocrx_word' id='word_1_344' title='bbox 1095 2565 1200 2602; x_wconf 82' lang='lat' dir='ltr'><strong>addit</strong></span> <span class='ocrx_word' id='word_1_345' title='bbox 1220 2568 1378 2604; x_wconf 85' lang='lat' dir='ltr'><strong>Homer.</strong></span> <span class='ocrx_word' id='word_1_346' title='bbox 1393 2566 1528 2617; x_wconf 85' lang='lat' dir='ltr'><strong>Odyss.</strong></span> 
     </span>
     <span class='ocr_line' id='line_1_72' title="bbox 865 2622 1529 2668; baseline 0.002 -11"><span class='ocrx_word' id='word_1_347' title='bbox 865 2622 973 2668; x_wconf 83' lang='lat' dir='ltr'>XXI,</span> <span class='ocrx_word' id='word_1_348' title='bbox 995 2624 1075 2662; x_wconf 80' lang='lat'><strong>293</strong></span> <span class='ocrx_word' id='word_1_349' title='bbox 1106 2630 1142 2659; x_wconf 88' lang='lat' dir='ltr'><strong>et</strong></span> <span class='ocrx_word' id='word_1_350' title='bbox 1171 2622 1343 2660; x_wconf 72' lang='lat' dir='ltr'><strong>Eustath.</strong></span> <span class='ocrx_word' id='word_1_351' title='bbox 1371 2623 1464 2659; x_wconf 88' lang='lat' dir='ltr'><strong>ibid.</strong></span> <span class='ocrx_word' id='word_1_352' title='bbox 1492 2628 1529 2658; x_wconf 90' lang='lat' dir='ltr'><strong>et</strong></span> 
     </span>
     <span class='ocr_line' id='line_1_73' title="bbox 868 2676 1527 2729; baseline 0 -16"><span class='ocrx_word' id='word_1_353' title='bbox 868 2676 916 2713; x_wconf 84' lang='lat' dir='ltr'><strong>ad</strong></span> <span class='ocrx_word' id='word_1_354' title='bbox 942 2691 1038 2714; x_wconf 86' lang='lat' dir='ltr'><strong>vers.</strong></span> <span class='ocrx_word' id='word_1_355' title='bbox 1065 2678 1140 2719; x_wconf 80' lang='grc'><strong>195</strong></span> <span class='ocrx_word' id='word_1_356' title='bbox 1162 2693 1200 2729; x_wconf 93' lang='lat' dir='ltr'><strong>p.</strong></span> <span class='ocrx_word' id='word_1_357' title='bbox 1220 2681 1314 2726; x_wconf 78' lang='lat'>757,</span> <span class='ocrx_word' id='word_1_358' title='bbox 1340 2682 1390 2719; x_wconf 83' lang='lat'><strong>16</strong></span> <span class='ocrx_word' id='word_1_359' title='bbox 1419 2690 1527 2729; x_wconf 87' lang='lat' dir='ltr'><strong>seqq.</strong></span> 
     </span>
     <span class='ocr_line' id='line_1_74' title="bbox 869 2732 1529 2781; baseline -0.002 -12"><span class='ocrx_word' id='word_1_360' title='bbox 869 2732 927 2772; x_wconf 85' lang='lat' dir='ltr'><strong>ed.</strong></span> <span class='ocrx_word' id='word_1_361' title='bbox 951 2735 1091 2781; x_wconf 81' lang='lat' dir='ltr'><strong>Basil.)</strong></span> <span class='ocrx_word' id='word_1_362' title='bbox 1124 2734 1228 2772; x_wconf 77' lang='lat' dir='ltr'><strong>etad</strong></span> <span class='ocrx_word' id='word_1_363' title='bbox 1261 2747 1418 2772; x_wconf 89' lang='lat' dir='ltr'><strong>omnem</strong></span> <span class='ocrx_word' id='word_1_364' title='bbox 1446 2736 1529 2769; x_wconf 84' lang='lat' dir='ltr'><strong>He-</strong></span> 
     </span>
     <span class='ocr_line' id='line_1_75' title="bbox 869 2789 1531 2828; baseline -0.002 -1"><span class='ocrx_word' id='word_1_365' title='bbox 869 2790 992 2827; x_wconf 87' lang='lat' dir='ltr'><strong>rodoti</strong></span> <span class='ocrx_word' id='word_1_366' title='bbox 1022 2793 1250 2828; x_wconf 79' lang='lat' dir='ltr'><strong>sententiam</strong></span> <span class='ocrx_word' id='word_1_367' title='bbox 1271 2789 1531 2828; x_wconf 77' lang='lat' dir='ltr'><strong>Hoffineisteri</strong></span> 
     </span>
     <span class='ocr_line' id='line_1_76' title="bbox 870 2847 1442 2898; baseline -0.003 -14"><span class='ocrx_word' id='word_1_368' title='bbox 870 2847 1056 2898; x_wconf 79' lang='lat' dir='ltr'><strong>disputata</strong></span> <span class='ocrx_word' id='word_1_369' title='bbox 1078 2849 1103 2886; x_wconf 91' lang='lat' dir='ltr'><strong>l.</strong></span> <span class='ocrx_word' id='word_1_370' title='bbox 1125 2849 1150 2885; x_wconf 93' lang='lat' dir='ltr'><strong>l.</strong></span> <span class='ocrx_word' id='word_1_371' title='bbox 1177 2860 1264 2898; x_wconf 82' lang='lat' dir='ltr'>pag.</span> <span class='ocrx_word' id='word_1_372' title='bbox 1288 2851 1341 2888; x_wconf 87' lang='grc'><strong>50</strong></span> <span class='ocrx_word' id='word_1_373' title='bbox 1361 2859 1442 2898; x_wconf 85' lang='lat' dir='ltr'><strong>seq.</strong></span> 
     </span>
    </p>
   </div>
  </div>
 </body>
</html>
