1897 3340
422 226 506 266 154
819 222 1275 259 HERODOTI

423 332 532 376 ὥστε
573 330 627 385 δή
671 327 1080 383 θαλασσοκράτορες
1120 329 1283 381 ἐόντες·

1329 331 1402 372 καὶ
1441 328 1494 384 δὴ
1526 331 1597 372 καὶ
1628 331 1679 373 τοὶ

423 398 649 455 ἀγάλματα
680 400 816 439 ταῦτα
845 401 920 452 τῆς
956 413 999 440 τε
1030 399 1198 453 Δαμίης
1235 398 1307 440 καὶ
1347 401 1422 452 τῆς
1461 394 1709 453 Αὖξησίης5

423 464 709 518 ὑπαιρέονται
749 464 918 516 αὐτῶν,
965 467 1038 508 καί
1082 477 1194 520 σφεα
1232 462 1489 520 ἐκομίσαντό
1527 481 1570 508 τε
1607 466 1682 508 καὶ

424 532 663 585 ἱδρύσαντο
700 536 776 588 τῆς
819 531 1028 588 σφετέρης
1067 530 1210 588 χώρης
1249 533 1293 582 ἐς
1321 531 1401 588 τὴν
1430 532 1682 587 μεσόγαιαν,

422 603 475 654 τῇ
502 600 583 654 Οἴη
614 597 693 654 μέν
723 599 812 643 ἐστι
842 598 1025 655 οὔνομα,
1057 598 1211 643 στάδια
1241 600 1287 643 δὲ
1307 598 1490 655 μάλιστά
1521 617 1574 656 κη
1596 599 1681 644 ἀπὸ

422 789 520 832 ὥστε
560 790 611 843 δή
652 790 1023 843 θαλασσοκράτορες

363 845 524 898 ἐόντες]
552 851 617 886 Tu
649 850 750 886 conf.
778 851 844 897 111,
875 851 927 890 59
948 851 1023 886 ibi-

363 920 439 958 que
459 913 555 943 nott.
611 906 670 942 Ao
699 906 886 942 recensuit
911 906 953 942 O.
976 906 1020 943 Ο.

363 963 511 999 Miiller.
533 963 726 1012 Aeginett.
756 975 844 1014 pag.
868 963 921 1002 87
940 963 1021 999 sin-

362 1020 452 1069 gula
489 1020 727 1067 testimonia,
771 1019 907 1071 quibus
945 1020 1023 1055 iam

363 1074 454 1112 inde
472 1076 518 1111 ab
542 1076 700 1112 Homeri
720 1083 842 1112 aetate
861 1076 1022 1113 navibus

364 1133 554 1182 insignem
586 1133 700 1169 fuisse
720 1132 894 1181 Aeginam
914 1133 1021 1169 iusu—

362 1190 439 1225 lam
459 1189 700 1239 intelligitur3
718 1192 823 1226 ouius
844 1201 934 1239 opes
949 1202 1022 1225 na-

361 1246 463 1282 vales
491 1244 581 1281 inde
612 1246 658 1282 ab
690 1258 735 1282 eo
770 1252 942 1296 tempore
968 1247 1021 1282 ita

361 1309 562 1343 creverunt
578 1331 588 1349 ‚
609 1308 651 1338 ut
670 1302 731 1338 vel
750 1303 865 1339 maris
894 1303 1021 1352 impe-

361 1359 462 1394 rium
473 1372 541 1409 per
558 1357 714 1411 aliquod
734 1366 835 1395 certe
854 1365 1020 1408 tempus,

360 1416 495 1465 viginti
531 1428 599 1466 per
629 1428 771 1463 annos,
801 1414 849 1452 ad
869 1422 1021 1452 sextum

329 1465 332 1469 ”
358 1472 438 1508 fere
467 1484 613 1517 annum
639 1485 760 1523 usque
790 1479 878 1508 ante
909 1472 1021 1508 Sala-

359 1529 520 1564 miniam
540 1540 711 1578 pugnam
738 1535 896 1565 teneret,
954 1529 1020 1564 Tu

360 1585 462 1621 conf.
501 1585 741 1634 potissimum
779 1585 941 1620 Pausan.
971 1585 1019 1630 Π,

361 1642 414 1680 29
438 1641 476 1686 ξ.
497 1641 536 1681 5.
554 1641 680 1677 strab.
710 1641 797 1678 VIII
829 1654 866 1690 p.
888 1640 970 1680 375
990 1653 1019 1676 s.

360 1696 443 1736 576
464 1697 512 1736 A.
552 1698 645 1733 Mox
675 1710 763 1733 cum
785 1697 901 1733 Gaisf.
933 1695 1020 1732 dedi

358 1750 617 1804 ’ὑπαιρέονται
642 1768 666 1792 α
679 1748 706 1791 ὕ
715 1769 735 1792 τ
746 1755 779 1792 (ὅ
790 1768 814 1792 ν
842 1765 910 1804 pro
947 1750 1018 1791 ἰ’ἶπ.
1035 1792 1038 1795 ,

361 1804 534 1856 αὐτέων,
584 1822 681 1861 quae
722 1809 858 1846 eadem
897 1809 1018 1858 attigit

359 1864 494 1902 Matth.
521 1867 587 1902 Gr.
610 1867 675 1902 Gr.
696 1879 784 1916 pag.
805 1868 871 1913 76,
902 1866 1018 1901 item—

361 1935 435 1973 que
466 1923 503 1958 in
535 1923 710 1973 proxime
750 1923 1015 1974 sequentibus:

358 1974 596 2028 ἐκομίσαντό
617 1993 657 2017 τε
689 1994 755 2017 και
788 1975 1014 2030 ἱδρύσαντο,

358 2041 402 2071 ut
419 2035 560 2071 Aldina
592 2034 774 2072 exhibent
802 2042 838 2072 et
858 2036 1017 2071 Floren-

357 2092 456 2127 tinus
477 2092 583 2139 liber,
604 2091 810 2138 Mediceus‚
840 2092 923 2139 alii,
945 2092 1016 2127 nisi

361 2147 466 2198 quod
502 2147 541 2184 hi
571 2149 655 2184 libri
683 2150 865 2185 omittunt
895 2160 1016 2184 vocu-

361 2204 437 2240 lam
458 2218 508 2242 τε.
568 2205 774 2254 Vulgatam
813 2205 1016 2241 lectionem

357 2255 545 2310 ἐκόμισάν
568 2275 607 2300 τε
626 2259 692 2299 καὶ
722 2259 934 2311 ἱδρύσαντο
956 2273 1018 2295 re-

358 2317 555 2353 tinuerunt
575 2316 770 2354 Sohaefer.
781 2324 817 2353 et
836 2315 1018 2353 Matthiae

358 2374 513 2425 ipseque
539 2373 849 2424 Schweigliaeus.
871 2380 1018 2409 mutare

359 2443 470 2466 ausus
491 2442 566 2466 non
589 2437 640 2467 est
657 2460 666 2476 ‚
690 2443 924 2482 quamquam
946 2442 1018 2480 po—

358 2494 434 2522 stea
457 2488 494 2522 in
511 2488 606 2524 Lex.
621 2486 835 2523 Herodoteo
857 2487 1016 2522 alterum

359 2544 558 2593 praetulit,
608 2557 696 2580 cuni
737 2557 815 2580 suos
850 2545 887 2579 in
923 2544 1017 2593 fines

358 2600 600 2638 transtulerint
620 2603 708 2637 istas
727 2602 906 2648 imag-ines.
950 2600 1013 2635 Tu

356 2655 433 2693 vid.
454 2657 498 2704 V,
534 2659 600 2698 85.
622 2658 688 2698 98.
714 2656 804 2696 114.
826 2656 910 2694 coll.
933 2656 1013 2702 Vll,

356 2714 422 2754 59.

411 2770 459 2822 τῇ
475 2768 548 2819 Οἴη
561 2766 632 2819 μέν
647 2767 724 2807 ἐστι
744 2765 917 2819 οὕνομα]
942 2770 1012 2804 Αι-

356 2826 436 2875 tigit
467 2824 559 2862 haec
592 2826 738 2862 Miiller.
762 2826 784 2861 Ι.
807 2826 830 2861 Ι.
863 2838 948 2876 pag.
973 2828 1009 2862 ἢ.

1083 793 1257 843 Oeamque
1269 791 1361 829 dixit
1372 793 1500 830 locum
1520 801 1666 831 vetusta
1677 808 1739 832 re·-

1079 850 1220 900 [igione
1249 861 1399 886 sacrum
1432 858 1468 887 et
1488 852 1566 900 ipsa
1584 852 1739 889 fortasse

1079 907 1172 943 urbe
1203 906 1432 956 (Aeginae)
1467 908 1739 958 antiquiorem,

1078 963 1221 999 insulae
1229 961 1504 1009 1neditullium3
1516 964 1633 1013 ipsam
1648 976 1739 1001 vero

1081 1032 1218 1056 vocem
1255 1019 1301 1054 ab
1341 1018 1415 1055 Oea
1430 1048 1439 1065 ‚
1489 1018 1740 1058 Pandiouidis

1080 1076 1197 1112 tribus
1211 1088 1309 1126 pago
1330 1076 1368 1111 in
1389 1082 1487 1111 terra
1497 1076 1636 1124 Attica,
1651 1089 1739 1113 ma-

1078 1132 1214 1169 nifesto
1235 1132 1433 1182 repetitam
1454 1133 1557 1169 vult:
1588 1139 1629 1170 ut
1646 1145 1738 1170 sane

1079 1189 1361 1240 antiquissimae
1392 1189 1641 1239 Pelasgorum
1669 1202 1738 1226 co-

1077 1245 1202 1281 loniae
1237 1245 1278 1280 in
1314 1245 1504 1294 Aeginam
1536 1259 1586 1282 ex
1612 1247 1738 1283 Attica

1079 1300 1264 1338 deductae
1292 1302 1448 1351 vestigia
1478 1314 1523 1338 eo
1553 1303 1739 1339 contineri

1078 1358 1272 1408 probabile
1301 1358 1358 1393 sit.
1425 1358 1477 1393 At
1505 1358 1738 1396 meditullium

1077 1414 1215 1451 insulae
1241 1414 1353 1450 totius
1375 1412 1479 1465 quod
1505 1415 1569 1450 ille
1589 1416 1738 1452 vocavit

1081 1470 1190 1507 Oeam
1205 1470 1273 1518 (ob
1294 1469 1491 1518 Herodoti,
1503 1470 1629 1518 credo
1650 1485 1738 1508 ver—

1078 1527 1148 1563 ba:
1196 1529 1268 1577 τῆς
1303 1525 1494 1578 σφετέρης
1529 1524 1659 1580 χώρης
1697 1526 1737 1574 ἐς

1077 1597 1152 1633 την
1176 1578 1393 1633 μεσόγαιαν
1416 1598 1453 1620 κ.
1472 1597 1505 1619 τ.
1523 1585 1600 1631 λ.,)
1632 1582 1736 1620 haud

1077 1640 1164 1675 satis
1192 1638 1376 1675 Herodoti
1413 1640 1579 1689 respexit
1605 1640 1734 1686 verba,

1077 1696 1213 1745 quibus
1225 1694 1321 1731 nihil
1336 1694 1438 1731 aliud
1457 1694 1646 1732 indicatur
1665 1697 1737 1733 nisi

1075 1752 1196 1788 Oeam
1216 1764 1295 1788 non
1315 1750 1363 1788 ad
1383 1753 1509 1802 ipsum
1528 1765 1647 1800 mare,
1668 1751 1735 1789 sed

1073 1808 1291 1855 introrsum,
1312 1821 1333 1844 a
1354 1809 1448 1843 mari
1469 1809 1583 1858 igitur
1593 1810 1736 1845 nonni-

1075 1862 1130 1900 hil
1150 1871 1337 1901 remotam
1351 1863 1410 1914 (ἐς
1420 1861 1492 1914 τήν
1506 1881 1517 1915 4
1529 1861 1734 1916 .εσο’γαιαν,

1073 1921 1351 1969 landeinmiirts,
1383 1927 1425 1957 ut
1455 1933 1525 1958 nos
1555 1919 1732 1974 dicimus)

1071 1977 1184 2014 fuisse
1205 1979 1328 2014 sitam.
1388 1977 1503 2014 Cuius
1531 1978 1633 2015 urbis
1663 1991 1734 2014 au-

1074 2034 1306 2085 tiquissimae
1326 2047 1417 2070 sane
1438 2041 1475 2070 et
1495 2035 1650 2086 antiqua
1670 2047 1733 2071 re-

1073 2091 1215 2140 ligione
1235 2091 1405 2126 maxime
1434 2092 1590 2141 insignis
1616 2091 1732 2128 situm

1074 2160 1177 2184 nunc
1207 2148 1416 2184 accuratius
1445 2146 1602 2184 definire
1631 2149 1730 2185 licet.

1075 2202 1136 2239 Ad
1154 2216 1238 2239 eam
1260 2205 1363 2239 enim
1385 2205 1566 2254 pertinuit
1586 2205 1732 2240 Miner-

1075 2272 1144 2295 vae
1163 2259 1258 2296 illud
1279 2261 1466 2310 templum
1479 2290 1489 2307 ,
1524 2260 1572 2296 de
1592 2273 1668 2312 quo
1685 2258 1733 2297 ad

1073 2315 1141 2362 111,
1171 2316 1223 2356 59
1253 2315 1438 2363 diximus,
1481 2316 1662 2368 quodque
1692 2318 1731 2352 in

1074 2371 1345 2409 Panhellenico
1375 2379 1507 2409 moute
1527 2374 1641 2409 situm
1669 2373 1732 2408 su·

1073 2429 1143 2465 isse
1174 2428 1321 2465 dudum
1358 2436 1566 2479 propagato
1607 2442 1732 2465 errore

1075 2484 1175 2521 haud
1197 2487 1306 2536 pauci
1319 2485 1442 2522 adhuc
1455 2487 1728 2532 existimarunt,

1074 2554 1193 2593 quum
1208 2541 1511 2588 Panhellvnium,
1527 2555 1603 2593 quo
1619 2555 1728 2579 mous

1073 2599 1134 2634 ille
1153 2612 1248 2635 unus
1269 2600 1469 2635 altissimus
1480 2612 1545 2648 per
1564 2600 1727 2635 insulam

1072 2656 1272 2705 Aeginam,
1284 2668 1346 2692 ara
1359 2657 1455 2691 lovis
1469 2654 1726 2691 Punliellenici

1070 2712 1279 2761 insignitus,
1291 2713 1533 2762 significatur,
1555 2712 1728 2761 longissi—

1070 2782 1131 2804 me
1147 2768 1235 2805 hinc
1259 2768 1388 2813 distet,
1411 2769 1576 2804 maxime
1600 2780 1726 2804 remo-

1069 2832 1125 2861 tus
1147 2839 1165 2861 a
1187 2826 1379 2862 Minervae
1412 2826 1553 2876 templo
1574 2855 1582 2868 ,
1623 2823 1725 2876 quod
