<?xml version="1.0" encoding="UTF-8"?>
<!DOCTYPE html PUBLIC "-//W3C//DTD XHTML 1.0 Transitional//EN"
    "http://www.w3.org/TR/xhtml1/DTD/xhtml1-transitional.dtd">
<html xmlns="http://www.w3.org/1999/xhtml" xml:lang="en" lang="en">
 <head>
  <title>
</title>
<meta http-equiv="Content-Type" content="text/html;charset=utf-8" />
  <meta name='ocr-system' content='tesseract 3.04.00' />
  <meta name='ocr-capabilities' content='ocr_page ocr_carea ocr_par ocr_line ocrx_word'/>
</head>
<body>
  <div class='ocr_page' id='page_1' title='image "./musaeher03hero/musaeher03hero_0268.png"; bbox 0 0 1897 3340; ppageno 0'>
   <div class='ocr_carea' id='block_1_1' title="bbox 76 731 316 792">
    <p class='ocr_par' dir='ltr' id='par_1_1' title="bbox 76 731 316 792">
     <span class='ocr_line' id='line_1_1' title="bbox 76 731 316 767; baseline 0.004 -9"><span class='ocrx_word' id='word_1_1' title='bbox 76 731 219 767; x_wconf 78' lang='lat' dir='ltr'><strong><em>Scythes,</em></strong></span> <span class='ocrx_word' id='word_1_2' title='bbox 239 733 316 759; x_wconf 87' lang='lat' dir='ltr'>Zau-</span> 
     </span>
     <span class='ocr_line' id='line_1_2' title="bbox 96 766 270 792; baseline 0 0"><span class='ocrx_word' id='word_1_3' title='bbox 96 766 114 792; x_wconf 84' lang='lat' dir='ltr'><strong><em>l-</em></strong></span> <span class='ocrx_word' id='word_1_4' title='bbox 129 774 164 792; x_wconf 84' lang='lat' dir='ltr'><em>eo</em></span> <span class='ocrx_word' id='word_1_5' title='bbox 265 776 270 781; x_wconf 88' lang='lat'><strong>·</strong></span> 
     </span>
    </p>
   </div>
   <div class='ocr_carea' id='block_1_2' title="bbox 213 770 349 793">
    <p class='ocr_par' dir='ltr' id='par_1_2' title="bbox 213 770 349 793">
     <span class='ocr_line' id='line_1_3' title="bbox 213 770 349 793; baseline 0 0"><span class='ocrx_word' id='word_1_6' title='bbox 213 775 231 793; x_wconf 93' lang='lat' dir='ltr'>n</span> <span class='ocrx_word' id='word_1_7' title='bbox 264 770 349 793; x_wconf 65' lang='lat' dir='ltr'><em>ante—</em></span> 
     </span>
    </p>
   </div>
   <div class='ocr_carea' id='block_1_3' title="bbox 74 774 307 860">
    <p class='ocr_par' dir='ltr' id='par_1_3' title="bbox 74 774 307 860">
     <span class='ocr_line' id='line_1_4' title="bbox 76 774 212 792; baseline 0 0"><span class='ocrx_word' id='word_1_8' title='bbox 76 774 92 792; x_wconf 85' lang='lat' dir='ltr'>c</span> <span class='ocrx_word' id='word_1_9' title='bbox 108 774 125 792; x_wconf 76' lang='grc' dir='ltr'><strong><em>«ι</em></strong></span> <span class='ocrx_word' id='word_1_10' title='bbox 168 774 212 792; x_wconf 81' lang='lat' dir='ltr'><strong><em>ru1</em></strong></span> 
     </span>
     <span class='ocr_line' id='line_1_5' title="bbox 75 798 307 838; baseline 0.004 -13"><span class='ocrx_word' id='word_1_11' title='bbox 75 798 134 838; x_wconf 73' lang='lat' dir='ltr'><strong><em>haq</em></strong></span> <span class='ocrx_word' id='word_1_12' title='bbox 149 803 307 834; x_wconf 75' lang='lat' dir='ltr'>tyrannus,</span> 
     </span>
     <span class='ocr_line' id='line_1_6' title="bbox 74 841 222 860; baseline 0 0"><span class='ocrx_word' id='word_1_13' title='bbox 74 841 122 860; x_wconf 82' lang='lat' dir='ltr'><strong><em>am</em></strong></span> <span class='ocrx_word' id='word_1_14' title='bbox 170 841 186 859; x_wconf 92' lang='lat' dir='ltr'><em>o</em></span> <span class='ocrx_word' id='word_1_15' title='bbox 208 842 222 860; x_wconf 89' lang='lat' dir='ltr'>r</span> 
     </span>
    </p>
   </div>
   <div class='ocr_carea' id='block_1_4' title="bbox 75 841 335 895">
    <p class='ocr_par' dir='ltr' id='par_1_4' title="bbox 75 841 335 895">
     <span class='ocr_line' id='line_1_7' title="bbox 126 841 305 868; baseline 0 -9"><span class='ocrx_word' id='word_1_16' title='bbox 126 841 166 859; x_wconf 80' lang='lat' dir='ltr'><strong><em>1ss</em></strong></span> <span class='ocrx_word' id='word_1_17' title='bbox 225 842 305 868; x_wconf 75' lang='lat' dir='ltr'><em>egno</em></span> 
     </span>
     <span class='ocr_line' id='line_1_8' title="bbox 75 854 335 895; baseline 0.008 -3"><span class='ocrx_word' id='word_1_18' title='bbox 75 866 116 892; x_wconf 80' lang='lat' dir='ltr'><strong><em>ad</em></strong></span> <span class='ocrx_word' id='word_1_19' title='bbox 126 866 248 895; x_wconf 83' lang='lat' dir='ltr'><em>Darium</em></span> <span class='ocrx_word' id='word_1_20' title='bbox 264 854 335 895; x_wconf 68' lang='lat' dir='ltr'><em>aui&#39;u</em></span> 
     </span>
    </p>
   </div>
   <div class='ocr_carea' id='block_1_5' title="bbox 75 899 129 934">
    <p class='ocr_par' dir='ltr' id='par_1_5' title="bbox 75 899 129 934">
     <span class='ocr_line' id='line_1_9' title="bbox 75 899 129 934; baseline 0.019 -9"><span class='ocrx_word' id='word_1_21' title='bbox 75 899 129 934; x_wconf 81' lang='lat' dir='ltr'><em>git.</em></span> 
     </span>
    </p>
   </div>
   <div class='ocr_carea' id='block_1_6' title="bbox 409 237 493 278">
    <p class='ocr_par' dir='ltr' id='par_1_6' title="bbox 409 237 493 278">
     <span class='ocr_line' id='line_1_10' title="bbox 409 237 493 278; baseline 0 -1"><span class='ocrx_word' id='word_1_22' title='bbox 409 237 493 278; x_wconf 81' lang='lat'><strong><em>256</em></strong></span> 
     </span>
    </p>
   </div>
   <div class='ocr_carea' id='block_1_7' title="bbox 809 237 1268 276">
    <p class='ocr_par' dir='ltr' id='par_1_7' title="bbox 809 237 1268 276">
     <span class='ocr_line' id='line_1_11' title="bbox 809 237 1268 276; baseline 0.004 -4"><span class='ocrx_word' id='word_1_23' title='bbox 809 237 1268 276; x_wconf 82' lang='lat' dir='ltr'>HERODOTI</span> 
     </span>
    </p>
   </div>
   <div class='ocr_carea' id='block_1_8' title="bbox 286 344 1729 740">
    <p class='ocr_par' dir='ltr' id='par_1_8' title="bbox 286 344 1729 740">
     <span class='ocr_line' id='line_1_12' title="bbox 409 344 1729 403; baseline 0.001 -16"><span class='ocrx_word' id='word_1_24' title='bbox 409 344 564 401; x_wconf 84' lang='grc' dir='ltr'><strong><em>ἡμίσεα</em></strong></span> <span class='ocrx_word' id='word_1_25' title='bbox 592 345 847 399; x_wconf 80' lang='grc' dir='ltr'><strong><em>μεταλαβεῖν</em></strong></span> <span class='ocrx_word' id='word_1_26' title='bbox 884 348 972 389; x_wconf 76' lang='grc' dir='ltr'><strong><em>τῶν</em></strong></span> <span class='ocrx_word' id='word_1_27' title='bbox 1001 345 1048 389; x_wconf 80' lang='grc' dir='ltr'><strong><em>ἐν</em></strong></span> <span class='ocrx_word' id='word_1_28' title='bbox 1075 350 1129 403; x_wconf 82' lang='grc' dir='ltr'><strong><em>τῇ</em></strong></span> <span class='ocrx_word' id='word_1_29' title='bbox 1159 345 1283 399; x_wconf 90' lang='grc' dir='ltr'><strong><em>πόλι,</em></strong></span> <span class='ocrx_word' id='word_1_30' title='bbox 1331 346 1384 390; x_wconf 80' lang='grc' dir='ltr'><strong><em>τὰ</em></strong></span> <span class='ocrx_word' id='word_1_31' title='bbox 1414 345 1459 390; x_wconf 84' lang='grc' dir='ltr'><strong><em>δ’</em></strong></span> <span class='ocrx_word' id='word_1_32' title='bbox 1487 346 1556 390; x_wconf 74' lang='grc' dir='ltr'><strong><em>ἐπὶ</em></strong></span> <span class='ocrx_word' id='word_1_33' title='bbox 1582 351 1674 391; x_wconf 73' lang='grc' dir='ltr'><strong><em>ταῑν</em></strong></span> <span class='ocrx_word' id='word_1_34' title='bbox 1687 357 1729 390; x_wconf 90' lang='lat'><strong><em>10</em></strong></span> 
     </span>
     <span class='ocr_line' id='line_1_13' title="bbox 382 409 1671 472; baseline 0.003 -18"><span class='ocrx_word' id='word_1_35' title='bbox 382 410 564 467; x_wconf 77' lang='grc' dir='ltr'><strong><em>δᾶγρῶν</em></strong></span> <span class='ocrx_word' id='word_1_36' title='bbox 593 409 736 454; x_wconf 84' lang='grc' dir='ltr'><strong><em>πάντα</em></strong></span> <span class='ocrx_word' id='word_1_37' title='bbox 768 409 1052 468; x_wconf 80' lang='grc' dir='ltr'><strong><em>Ἱπποκράτεα</em></strong></span> <span class='ocrx_word' id='word_1_38' title='bbox 1079 413 1321 470; x_wconf 86' lang='grc' dir='ltr'><strong><em>λαγχάνειν.</em></strong></span> <span class='ocrx_word' id='word_1_39' title='bbox 1366 413 1473 465; x_wconf 80' lang='grc' dir='ltr'><strong><em>τούς</em></strong></span> <span class='ocrx_word' id='word_1_40' title='bbox 1509 414 1588 469; x_wconf 79' lang='grc' dir='ltr'><strong><em>μὲν</em></strong></span> <span class='ocrx_word' id='word_1_41' title='bbox 1619 415 1671 472; x_wconf 82' lang='grc' dir='ltr'><strong><em>δή</em></strong></span> 
     </span>
     <span class='ocr_line' id='line_1_14' title="bbox 410 478 1671 536; baseline 0.005 -16"><span class='ocrx_word' id='word_1_42' title='bbox 410 481 602 530; x_wconf 82' lang='grc' dir='ltr'><strong><em>πλεῦνας</em></strong></span> <span class='ocrx_word' id='word_1_43' title='bbox 630 481 719 521; x_wconf 79' lang='grc' dir='ltr'><strong><em>τῶν</em></strong></span> <span class='ocrx_word' id='word_1_44' title='bbox 747 482 1006 536; x_wconf 79' lang='grc' dir='ltr'><strong><em>Ζαγκλαίων</em></strong></span> <span class='ocrx_word' id='word_1_45' title='bbox 1036 478 1170 532; x_wconf 81' lang='grc' dir='ltr'><strong><em>αὐτὸς</em></strong></span> <span class='ocrx_word' id='word_1_46' title='bbox 1207 482 1255 525; x_wconf 82' lang='grc' dir='ltr'><strong><em>ἐν</em></strong></span> <span class='ocrx_word' id='word_1_47' title='bbox 1283 480 1575 535; x_wconf 74' lang='grc' dir='ltr'><strong><em>ἀνδραπόδων</em></strong></span> <span class='ocrx_word' id='word_1_48' title='bbox 1604 482 1671 527; x_wconf 87' lang='grc' dir='ltr'><strong><em>λό-</em></strong></span> 
     </span>
     <span class='ocr_line' id='line_1_15' title="bbox 408 542 1674 606; baseline 0.005 -19"><span class='ocrx_word' id='word_1_49' title='bbox 408 562 472 602; x_wconf 84' lang='grc' dir='ltr'><strong><em>γῳ</em></strong></span> <span class='ocrx_word' id='word_1_50' title='bbox 503 542 586 601; x_wconf 79' lang='grc' dir='ltr'><strong><em>εἶχε</em></strong></span> <span class='ocrx_word' id='word_1_51' title='bbox 615 544 774 602; x_wconf 82' lang='grc' dir='ltr'><strong><em>δήσας·</em></strong></span> <span class='ocrx_word' id='word_1_52' title='bbox 817 547 922 599; x_wconf 81' lang='grc' dir='ltr'><strong><em>τούς</em></strong></span> <span class='ocrx_word' id='word_1_53' title='bbox 951 548 997 591; x_wconf 82' lang='grc' dir='ltr'><strong><em>δὲ</em></strong></span> <span class='ocrx_word' id='word_1_54' title='bbox 1026 550 1300 604; x_wconf 79' lang='grc' dir='ltr'><strong><em>κορυφαίους</em></strong></span> <span class='ocrx_word' id='word_1_55' title='bbox 1330 549 1477 593; x_wconf 79' lang='grc' dir='ltr'><strong><em>αὐτῶν</em></strong></span> <span class='ocrx_word' id='word_1_56' title='bbox 1504 564 1674 606; x_wconf 74' lang='grc' dir='ltr'><strong><em>τριηκο-</em></strong></span> 
     </span>
     <span class='ocr_line' id='line_1_16' title="bbox 411 612 1675 674; baseline 0.003 -18"><span class='ocrx_word' id='word_1_57' title='bbox 411 613 535 664; x_wconf 87' lang='grc' dir='ltr'><strong><em>σίους</em></strong></span> <span class='ocrx_word' id='word_1_58' title='bbox 577 612 710 656; x_wconf 80' lang='grc' dir='ltr'><strong><em>ἔδωκε</em></strong></span> <span class='ocrx_word' id='word_1_59' title='bbox 747 619 860 658; x_wconf 87' lang='grc' dir='ltr'><strong><em>τοῖσι</em></strong></span> <span class='ocrx_word' id='word_1_60' title='bbox 899 616 1110 670; x_wconf 84' lang='grc' dir='ltr'><strong><em>Σαμίοισι</em></strong></span> <span class='ocrx_word' id='word_1_61' title='bbox 1143 616 1441 674; x_wconf 81' lang='grc' dir='ltr'><strong><em>κατασφάξαι·</em></strong></span> <span class='ocrx_word' id='word_1_62' title='bbox 1495 614 1551 660; x_wconf 82' lang='grc' dir='ltr'><strong><em>ού</em></strong></span> <span class='ocrx_word' id='word_1_63' title='bbox 1594 615 1675 674; x_wconf 87' lang='grc' dir='ltr'><strong><em>μέν</em></strong></span> 
     </span>
     <span class='ocr_line' id='line_1_17' title="bbox 286 668 1674 740; baseline 0.004 -17"><span class='ocrx_word' id='word_1_64' title='bbox 286 668 352 713; x_wconf 68' lang='lat'><strong><em>24</em></strong></span> <span class='ocrx_word' id='word_1_65' title='bbox 409 696 479 724; x_wconf 92' lang='grc' dir='ltr'><strong><em>τοι</em></strong></span> <span class='ocrx_word' id='word_1_66' title='bbox 515 681 565 724; x_wconf 79' lang='grc' dir='ltr'><strong><em>οἵ</em></strong></span> <span class='ocrx_word' id='word_1_67' title='bbox 586 696 635 736; x_wconf 84' lang='grc' dir='ltr'><strong><em>γε</em></strong></span> <span class='ocrx_word' id='word_1_68' title='bbox 668 681 833 736; x_wconf 85' lang='grc' dir='ltr'><strong><em>Σάμιοι</em></strong></span> <span class='ocrx_word' id='word_1_69' title='bbox 863 682 1072 738; x_wconf 80' lang='grc' dir='ltr'><strong><em>ἐποίησαν</em></strong></span> <span class='ocrx_word' id='word_1_70' title='bbox 1111 686 1259 726; x_wconf 84' lang='grc' dir='ltr'><strong><em>ταῦτα.</em></strong></span> <span class='ocrx_word' id='word_1_71' title='bbox 1316 682 1501 740; x_wconf 83' lang='grc' dir='ltr'><strong><em>Σκύθης</em></strong></span> <span class='ocrx_word' id='word_1_72' title='bbox 1537 684 1605 735; x_wconf 78' lang='grc' dir='ltr'><strong><em>δὲ,</em></strong></span> <span class='ocrx_word' id='word_1_73' title='bbox 1649 683 1674 728; x_wconf 89' lang='grc' dir='ltr'><strong><em>ὁ</em></strong></span> 
     </span>
    </p>
   </div>
   <div class='ocr_carea' id='block_1_9' title="bbox 407 746 1812 807">
    <p class='ocr_par' dir='ltr' id='par_1_9' title="bbox 407 746 1812 807">
     <span class='ocr_line' id='line_1_18' title="bbox 407 746 1812 807; baseline 0.001 -16"><span class='ocrx_word' id='word_1_74' title='bbox 407 752 495 792; x_wconf 75' lang='grc' dir='ltr'><strong><em>τῶν</em></strong></span> <span class='ocrx_word' id='word_1_75' title='bbox 535 750 794 804; x_wconf 79' lang='grc' dir='ltr'><strong><em>Ζαγκλαίων</em></strong></span> <span class='ocrx_word' id='word_1_76' title='bbox 829 747 1100 804; x_wconf 79' lang='grc' dir='ltr'><strong><em>μούναρχος,</em></strong></span> <span class='ocrx_word' id='word_1_77' title='bbox 1147 748 1197 793; x_wconf 81' lang='grc' dir='ltr'><strong><em>ἐκ</em></strong></span> <span class='ocrx_word' id='word_1_78' title='bbox 1230 753 1307 807; x_wconf 85' lang='grc' dir='ltr'><strong><em>τῆς</em></strong></span> <span class='ocrx_word' id='word_1_79' title='bbox 1339 749 1521 796; x_wconf 87' lang='grc' dir='ltr'><strong><em>Ἰνύκου</em></strong></span> <span class='ocrx_word' id='word_1_80' title='bbox 1554 751 1676 796; x_wconf 80' lang='grc' dir='ltr'><strong><em>ἐκδι-</em></strong></span> <span class='ocrx_word' id='word_1_81' title='bbox 1731 746 1812 793; x_wconf 81' lang='lat'><strong><em>449</em></strong></span> 
     </span>
    </p>
   </div>
   <div class='ocr_carea' id='block_1_10' title="bbox 410 813 1732 876">
    <p class='ocr_par' dir='ltr' id='par_1_10' title="bbox 410 813 1732 876">
     <span class='ocr_line' id='line_1_19' title="bbox 410 813 1732 876; baseline 0.003 -18"><span class='ocrx_word' id='word_1_82' title='bbox 410 815 588 872; x_wconf 88' lang='grc' dir='ltr'><strong><em>δρήσκει</em></strong></span> <span class='ocrx_word' id='word_1_83' title='bbox 637 815 679 865; x_wconf 80' lang='grc' dir='ltr'><strong><em>ἐς</em></strong></span> <span class='ocrx_word' id='word_1_84' title='bbox 720 813 906 872; x_wconf 83' lang='grc' dir='ltr'><strong><em>Ἱμέρην.</em></strong></span> <span class='ocrx_word' id='word_1_85' title='bbox 952 815 1000 860; x_wconf 79' lang='grc' dir='ltr'><strong><em>ἐκ</em></strong></span> <span class='ocrx_word' id='word_1_86' title='bbox 1041 815 1087 860; x_wconf 81' lang='grc' dir='ltr'><strong><em>δὲ</em></strong></span> <span class='ocrx_word' id='word_1_87' title='bbox 1125 815 1285 873; x_wconf 79' lang='grc' dir='ltr'><strong><em>ταύτης</em></strong></span> <span class='ocrx_word' id='word_1_88' title='bbox 1319 823 1466 874; x_wconf 79' lang='grc' dir='ltr'><strong><em>παρῆν</em></strong></span> <span class='ocrx_word' id='word_1_89' title='bbox 1501 819 1548 871; x_wconf 83' lang='grc' dir='ltr'><strong><em>ἐς</em></strong></span> <span class='ocrx_word' id='word_1_90' title='bbox 1594 819 1732 876; x_wconf 81' lang='grc' dir='ltr'><strong><em>τὴν16</em></strong></span> 
     </span>
    </p>
   </div>
   <div class='ocr_carea' id='block_1_11' title="bbox 379 880 1676 943">
    <p class='ocr_par' dir='ltr' id='par_1_11' title="bbox 379 880 1676 943">
     <span class='ocr_line' id='line_1_20' title="bbox 379 880 1676 943; baseline 0.006 -21"><span class='ocrx_word' id='word_1_91' title='bbox 379 880 573 936; x_wconf 70' lang='grc' dir='ltr'><strong><em>ΞἈσίην,</em></strong></span> <span class='ocrx_word' id='word_1_92' title='bbox 617 883 692 925; x_wconf 86' lang='grc' dir='ltr'><strong><em>καὶ</em></strong></span> <span class='ocrx_word' id='word_1_93' title='bbox 720 881 854 940; x_wconf 80' lang='grc' dir='ltr'><strong><em>ἀνέβη</em></strong></span> <span class='ocrx_word' id='word_1_94' title='bbox 884 882 1004 938; x_wconf 81' lang='grc' dir='ltr'><strong><em>παρὰ</em></strong></span> <span class='ocrx_word' id='word_1_95' title='bbox 1037 884 1218 939; x_wconf 82' lang='grc' dir='ltr'><strong><em>βασιλέα</em></strong></span> <span class='ocrx_word' id='word_1_96' title='bbox 1245 889 1449 940; x_wconf 87' lang='grc' dir='ltr'><strong><em>Δαρεῖον.</em></strong></span> <span class='ocrx_word' id='word_1_97' title='bbox 1496 887 1572 931; x_wconf 83' lang='grc' dir='ltr'><strong><em>καί</em></strong></span> <span class='ocrx_word' id='word_1_98' title='bbox 1597 903 1676 943; x_wconf 85' lang='grc' dir='ltr'><strong><em>μιν</em></strong></span> 
     </span>
    </p>
   </div>
   <div class='ocr_carea' id='block_1_12' title="bbox 376 946 1730 1282">
    <p class='ocr_par' dir='ltr' id='par_1_12' title="bbox 376 946 1730 1282">
     <span class='ocr_line' id='line_1_21' title="bbox 406 946 1673 1008; baseline 0.006 -17"><span class='ocrx_word' id='word_1_99' title='bbox 406 946 580 1004; x_wconf 74' lang='grc' dir='ltr'><strong><em>ἐνόμισε</em></strong></span> <span class='ocrx_word' id='word_1_100' title='bbox 607 954 796 1004; x_wconf 86' lang='grc' dir='ltr'><strong><em>Δαρεῖος</em></strong></span> <span class='ocrx_word' id='word_1_101' title='bbox 823 950 1004 995; x_wconf 86' lang='grc' dir='ltr'><strong><em>πάντων</em></strong></span> <span class='ocrx_word' id='word_1_102' title='bbox 1033 949 1211 1005; x_wconf 76' lang='grc' dir='ltr'><strong><em>ἀνδρῶν</em></strong></span> <span class='ocrx_word' id='word_1_103' title='bbox 1239 951 1520 997; x_wconf 83' lang='grc' dir='ltr'><strong><em>δικαιότατον</em></strong></span> <span class='ocrx_word' id='word_1_104' title='bbox 1548 951 1673 1008; x_wconf 82' lang='grc' dir='ltr'><strong><em>εἶναι,</em></strong></span> 
     </span>
     <span class='ocr_line' id='line_1_22' title="bbox 376 1014 1710 1077; baseline 0.005 -18"><span class='ocrx_word' id='word_1_105' title='bbox 376 1014 510 1060; x_wconf 75' lang='grc' dir='ltr'><strong><em>ὃὸσοι</em></strong></span> <span class='ocrx_word' id='word_1_106' title='bbox 538 1016 585 1060; x_wconf 79' lang='grc' dir='ltr'><strong><em>ἐκ</em></strong></span> <span class='ocrx_word' id='word_1_107' title='bbox 614 1021 688 1074; x_wconf 89' lang='grc' dir='ltr'><strong><em>τῆς</em></strong></span> <span class='ocrx_word' id='word_1_108' title='bbox 712 1017 917 1070; x_wconf 85' lang='grc' dir='ltr'><strong><em>Ἑλλάδος</em></strong></span> <span class='ocrx_word' id='word_1_109' title='bbox 952 1017 1060 1074; x_wconf 86' lang='grc' dir='ltr'><strong><em>παρ’</em></strong></span> <span class='ocrx_word' id='word_1_110' title='bbox 1115 1018 1282 1063; x_wconf 79' lang='grc' dir='ltr'><strong><em>ἑωυτὸν</em></strong></span> <span class='ocrx_word' id='word_1_111' title='bbox 1312 1018 1543 1077; x_wconf 77' lang='grc' dir='ltr'><strong><em>ἀνέβησαν.</em></strong></span> <span class='ocrx_word' id='word_1_112' title='bbox 1599 1022 1674 1066; x_wconf 70' lang='grc' dir='ltr'><strong><em>καὶ</em></strong></span> <span class='ocrx_word' id='word_1_113' title='bbox 1698 1024 1710 1031; x_wconf 69' lang='grc'><em>“</em></span> 
     </span>
     <span class='ocr_line' id='line_1_23' title="bbox 405 1081 1730 1144; baseline 0.003 -18"><span class='ocrx_word' id='word_1_114' title='bbox 405 1081 490 1138; x_wconf 77' lang='grc' dir='ltr'><strong><em>γὰρ</em></strong></span> <span class='ocrx_word' id='word_1_115' title='bbox 521 1085 897 1142; x_wconf 85' lang='grc' dir='ltr'><strong><em>παραιτησάμενος</em></strong></span> <span class='ocrx_word' id='word_1_116' title='bbox 926 1085 1125 1143; x_wconf 85' lang='grc' dir='ltr'><strong><em>βασιλέα,</em></strong></span> <span class='ocrx_word' id='word_1_117' title='bbox 1158 1087 1200 1139; x_wconf 80' lang='grc' dir='ltr'><strong><em>ἐς</em></strong></span> <span class='ocrx_word' id='word_1_118' title='bbox 1230 1089 1439 1144; x_wconf 87' lang='grc' dir='ltr'><strong><em>Σικελίην</em></strong></span> <span class='ocrx_word' id='word_1_119' title='bbox 1470 1086 1730 1134; x_wconf 64' lang='lat' dir='ltr'><strong><em>duanam-20</em></strong></span> 
     </span>
     <span class='ocr_line' id='line_1_24' title="bbox 409 1145 1673 1212; baseline 0.006 -20"><span class='ocrx_word' id='word_1_120' title='bbox 409 1150 482 1193; x_wconf 86' lang='grc' dir='ltr'><strong><em>καὶ</em></strong></span> <span class='ocrx_word' id='word_1_121' title='bbox 512 1145 635 1204; x_wconf 76' lang='grc' dir='ltr'><strong><em>αὖτις</em></strong></span> <span class='ocrx_word' id='word_1_122' title='bbox 664 1152 710 1197; x_wconf 82' lang='grc' dir='ltr'><strong><em>ἐκ</em></strong></span> <span class='ocrx_word' id='word_1_123' title='bbox 739 1158 813 1210; x_wconf 83' lang='grc' dir='ltr'><strong><em>τῆς</em></strong></span> <span class='ocrx_word' id='word_1_124' title='bbox 842 1156 1044 1211; x_wconf 82' lang='grc' dir='ltr'><strong><em>Σικελίης</em></strong></span> <span class='ocrx_word' id='word_1_125' title='bbox 1073 1153 1212 1198; x_wconf 88' lang='grc' dir='ltr'><strong><em>ὀπίσω</em></strong></span> <span class='ocrx_word' id='word_1_126' title='bbox 1240 1155 1361 1211; x_wconf 79' lang='grc' dir='ltr'><strong><em>παρὰ</em></strong></span> <span class='ocrx_word' id='word_1_127' title='bbox 1388 1156 1589 1212; x_wconf 84' lang='grc' dir='ltr'><strong><em>βασιλέα,</em></strong></span> <span class='ocrx_word' id='word_1_128' title='bbox 1630 1156 1673 1209; x_wconf 79' lang='grc' dir='ltr'><strong><em>ἐς</em></strong></span> 
     </span>
     <span class='ocr_line' id='line_1_25' title="bbox 377 1215 1672 1282; baseline 0.005 -22"><span class='ocrx_word' id='word_1_129' title='bbox 377 1215 435 1260; x_wconf 75' lang='lat'><strong><em>43</em></strong></span> <span class='ocrx_word' id='word_1_130' title='bbox 470 1216 603 1275; x_wconf 81' lang='grc' dir='ltr'><strong><em>γήραϊ</em></strong></span> <span class='ocrx_word' id='word_1_131' title='bbox 637 1221 747 1278; x_wconf 83' lang='grc' dir='ltr'><strong><em>μέγα</em></strong></span> <span class='ocrx_word' id='word_1_132' title='bbox 793 1221 944 1280; x_wconf 81' lang='grc' dir='ltr'><strong><em>ὄλβιος</em></strong></span> <span class='ocrx_word' id='word_1_133' title='bbox 982 1221 1065 1268; x_wconf 77' lang='grc' dir='ltr'><strong><em>ἐῶν</em></strong></span> <span class='ocrx_word' id='word_1_134' title='bbox 1108 1220 1350 1280; x_wconf 80' lang='grc' dir='ltr'><strong><em>ἐτελεύτησε</em></strong></span> <span class='ocrx_word' id='word_1_135' title='bbox 1387 1223 1437 1268; x_wconf 78' lang='grc' dir='ltr'><strong><em>ἐν</em></strong></span> <span class='ocrx_word' id='word_1_136' title='bbox 1464 1223 1672 1282; x_wconf 79' lang='grc' dir='ltr'><strong><em>Πέρσῃσι.</em></strong></span> 
     </span>
    </p>
   </div>
   <div class='ocr_carea' id='block_1_13' title="bbox 351 1362 622 1369">
    <p class='ocr_par' dir='ltr' id='par_1_13' title="bbox 351 1362 622 1369">
     <span class='ocr_line' id='line_1_26' title="bbox 351 1362 622 1369; baseline 0 1971"><span class='ocrx_word' id='word_1_137' title='bbox 351 1362 622 1369; x_wconf 95' lang='lat' dir='ltr'><strong><em> </em></strong></span> 
     </span>
    </p>
   </div>
   <div class='ocr_carea' id='block_1_14' title="bbox 342 1412 1012 1493">
    <p class='ocr_par' dir='ltr' id='par_1_14' title="bbox 342 1412 1012 1493">
     <span class='ocr_line' id='line_1_27' title="bbox 342 1412 1012 1493; baseline 0.007 -19"><span class='ocrx_word' id='word_1_138' title='bbox 342 1412 344 1415; x_wconf 90' lang='lat'><em>-</em></span> <span class='ocrx_word' id='word_1_139' title='bbox 405 1437 657 1489; x_wconf 77' lang='grc' dir='ltr'><strong><em>μεταλαβεῖν]</em></strong></span> <span class='ocrx_word' id='word_1_140' title='bbox 670 1439 727 1476; x_wconf 84' lang='lat' dir='ltr'><strong><em>Ita</em></strong></span> <span class='ocrx_word' id='word_1_141' title='bbox 735 1439 1012 1493; x_wconf 83' lang='lat' dir='ltr'><em>cumSchwgh.</em></span> 
     </span>
    </p>
   </div>
   <div class='ocr_carea' id='block_1_15' title="bbox 345 1492 1015 2435">
    <p class='ocr_par' dir='ltr' id='par_1_15' title="bbox 345 1492 1015 2435">
     <span class='ocr_line' id='line_1_28' title="bbox 349 1492 1015 1544; baseline 0.011 -17"><span class='ocrx_word' id='word_1_142' title='bbox 349 1498 386 1528; x_wconf 86' lang='lat' dir='ltr'><strong><em>et</em></strong></span> <span class='ocrx_word' id='word_1_143' title='bbox 407 1492 525 1530; x_wconf 84' lang='lat' dir='ltr'><em>Gaisf.</em></span> <span class='ocrx_word' id='word_1_144' title='bbox 545 1507 566 1530; x_wconf 87' lang='lat' dir='ltr'><em>e</em></span> <span class='ocrx_word' id='word_1_145' title='bbox 585 1496 817 1544; x_wconf 85' lang='lat' dir='ltr'>Florentino,</span> <span class='ocrx_word' id='word_1_146' title='bbox 830 1499 909 1535; x_wconf 79' lang='lat' dir='ltr'><em>aliis</em></span> <span class='ocrx_word' id='word_1_147' title='bbox 922 1498 1015 1536; x_wconf 82' lang='lat' dir='ltr'><strong><em>dedi</em></strong></span> 
     </span>
     <span class='ocr_line' id='line_1_29' title="bbox 348 1550 1012 1603; baseline 0.011 -18"><span class='ocrx_word' id='word_1_148' title='bbox 348 1560 417 1599; x_wconf 88' lang='lat' dir='ltr'><strong><em>pro</em></strong></span> <span class='ocrx_word' id='word_1_149' title='bbox 447 1550 601 1600; x_wconf 80' lang='grc' dir='ltr'><strong><em>λαβεῖν,</em></strong></span> <span class='ocrx_word' id='word_1_150' title='bbox 642 1551 747 1603; x_wconf 89' lang='lat' dir='ltr'><em>quod</em></span> <span class='ocrx_word' id='word_1_151' title='bbox 788 1553 941 1593; x_wconf 83' lang='lat' dir='ltr'><em>Schaef.</em></span> <span class='ocrx_word' id='word_1_152' title='bbox 973 1562 1012 1592; x_wconf 85' lang='lat' dir='ltr'><strong><em>et</em></strong></span> 
     </span>
     <span class='ocr_line' id='line_1_30' title="bbox 348 1603 1008 1658; baseline 0.012 -18"><span class='ocrx_word' id='word_1_153' title='bbox 348 1603 484 1641; x_wconf 82' lang='lat' dir='ltr'><em>Matth.</em></span> <span class='ocrx_word' id='word_1_154' title='bbox 524 1608 773 1647; x_wconf 80' lang='lat' dir='ltr'><em>retinuerunt.</em></span> <span class='ocrx_word' id='word_1_155' title='bbox 825 1609 1008 1658; x_wconf 72' lang='lat' dir='ltr'><strong><em>Bekken,</em></strong></span> 
     </span>
     <span class='ocr_line' id='line_1_31' title="bbox 349 1660 1010 1713; baseline 0.015 -17"><span class='ocrx_word' id='word_1_156' title='bbox 349 1660 600 1699; x_wconf 85' lang='lat' dir='ltr'><strong><em>Schaeferum</em></strong></span> <span class='ocrx_word' id='word_1_157' title='bbox 627 1671 797 1713; x_wconf 88' lang='lat' dir='ltr'><em>secutus,</em></span> <span class='ocrx_word' id='word_1_158' title='bbox 838 1666 942 1705; x_wconf 86' lang='lat' dir='ltr'><strong>dedit</strong></span> <span class='ocrx_word' id='word_1_159' title='bbox 961 1664 1010 1707; x_wconf 79' lang='grc' dir='ltr'><strong><em>τοὶ</em></strong></span> 
     </span>
     <span class='ocr_line' id='line_1_32' title="bbox 347 1715 1008 1774; baseline 0.012 -19"><span class='ocrx_word' id='word_1_160' title='bbox 347 1715 494 1768; x_wconf 74' lang='grc' dir='ltr'><strong><em>ἡμίσεα</em></strong></span> <span class='ocrx_word' id='word_1_161' title='bbox 529 1720 666 1772; x_wconf 88' lang='grc' dir='ltr'><strong><em>λαβεῖν</em></strong></span> <span class='ocrx_word' id='word_1_162' title='bbox 705 1723 802 1772; x_wconf 88' lang='lat' dir='ltr'><em>(pro</em></span> <span class='ocrx_word' id='word_1_163' title='bbox 840 1727 1008 1774; x_wconf 53' lang='lat' dir='ltr'><em>petala-</em></span> 
     </span>
     <span class='ocr_line' id='line_1_33' title="bbox 348 1774 1009 1830; baseline 0.008 -17"><span class='ocrx_word' id='word_1_164' title='bbox 348 1774 435 1825; x_wconf 88' lang='grc' dir='ltr'><strong><em>βεῖν</em></strong></span> <span class='ocrx_word' id='word_1_165' title='bbox 446 1774 477 1824; x_wconf 89' lang='grc'><strong>).</strong></span> <span class='ocrx_word' id='word_1_166' title='bbox 513 1790 570 1803; x_wconf 57' lang='grc' dir='ltr'><strong><em>-ι</em></strong></span> <span class='ocrx_word' id='word_1_167' title='bbox 626 1777 809 1830; x_wconf 86' lang='lat' dir='ltr'><strong>Sequitur</strong></span> <span class='ocrx_word' id='word_1_168' title='bbox 847 1781 1009 1817; x_wconf 83' lang='lat' dir='ltr'>verbum</span> 
     </span>
     <span class='ocr_line' id='line_1_34' title="bbox 347 1826 1009 1882; baseline 0.009 -14"><span class='ocrx_word' id='word_1_169' title='bbox 347 1826 557 1882; x_wconf 80' lang='grc' dir='ltr'><strong><em>λαγχάνειν</em></strong></span> <span class='ocrx_word' id='word_1_170' title='bbox 569 1845 659 1870; x_wconf 88' lang='lat' dir='ltr'><strong><em>cum</em></strong></span> <span class='ocrx_word' id='word_1_171' title='bbox 679 1836 892 1874; x_wconf 80' lang='lat' dir='ltr'><em>accusativo</em></span> <span class='ocrx_word' id='word_1_172' title='bbox 914 1849 1009 1873; x_wconf 87' lang='lat' dir='ltr'><em>con—</em></span> 
     </span>
     <span class='ocr_line' id='line_1_35' title="bbox 345 1886 1010 1942; baseline 0.012 -19"><span class='ocrx_word' id='word_1_173' title='bbox 345 1893 552 1925; x_wconf 86' lang='lat' dir='ltr'>structum:</span> <span class='ocrx_word' id='word_1_174' title='bbox 584 1886 632 1926; x_wconf 87' lang='lat' dir='ltr'><strong><em>de</em></strong></span> <span class='ocrx_word' id='word_1_175' title='bbox 660 1903 738 1942; x_wconf 92' lang='lat' dir='ltr'><em>quo</em></span> <span class='ocrx_word' id='word_1_176' title='bbox 765 1890 843 1931; x_wconf 83' lang='lat' dir='ltr'><strong><em>vid.</em></strong></span> <span class='ocrx_word' id='word_1_177' title='bbox 873 1892 1010 1931; x_wconf 77' lang='lat' dir='ltr'><em>Matth.</em></span> 
     </span>
     <span class='ocr_line' id='line_1_36' title="bbox 347 1943 1008 1990; baseline 0.012 -11"><span class='ocrx_word' id='word_1_178' title='bbox 347 1943 414 1980; x_wconf 85' lang='lat' dir='ltr'><em>Gr.</em></span> <span class='ocrx_word' id='word_1_179' title='bbox 445 1944 511 1982; x_wconf 86' lang='lat' dir='ltr'><em>Gr.</em></span> <span class='ocrx_word' id='word_1_180' title='bbox 543 1946 580 1990; x_wconf 86' lang='lat'><em>§.</em></span> <span class='ocrx_word' id='word_1_181' title='bbox 603 1948 699 1988; x_wconf 80' lang='lat'><em>328.</em></span> <span class='ocrx_word' id='word_1_182' title='bbox 755 1949 1008 1987; x_wconf 80' lang='lat' dir='ltr'><em>Locutiouem</em></span> 
     </span>
     <span class='ocr_line' id='line_1_37' title="bbox 347 1996 1008 2059; baseline 0.009 -21"><span class='ocrx_word' id='word_1_183' title='bbox 347 1999 390 2039; x_wconf 80' lang='grc' dir='ltr'><strong><em>ἐν</em></strong></span> <span class='ocrx_word' id='word_1_184' title='bbox 423 1996 686 2052; x_wconf 70' lang='grc' dir='ltr'><strong><em>ἀνδραπόδων</em></strong></span> <span class='ocrx_word' id='word_1_185' title='bbox 713 1999 812 2059; x_wconf 78' lang='grc' dir='ltr'><strong><em>λόγῳ</em></strong></span> <span class='ocrx_word' id='word_1_186' title='bbox 832 2008 938 2057; x_wconf 74' lang='lat' dir='ltr'><em>attigi</em></span> <span class='ocrx_word' id='word_1_187' title='bbox 959 2005 1008 2043; x_wconf 86' lang='lat' dir='ltr'><strong><em>ad</em></strong></span> 
     </span>
     <span class='ocr_line' id='line_1_38' title="bbox 346 2056 1006 2114; baseline 0.014 -21"><span class='ocrx_word' id='word_1_188' title='bbox 346 2056 412 2103; x_wconf 88' lang='lat' dir='ltr'><strong><em>VI,</em></strong></span> <span class='ocrx_word' id='word_1_189' title='bbox 437 2060 567 2098; x_wconf 85' lang='lat'><em>19.-</em></span> <span class='ocrx_word' id='word_1_190' title='bbox 586 2059 631 2094; x_wconf 89' lang='lat' dir='ltr'><strong><em>In</em></strong></span> <span class='ocrx_word' id='word_1_191' title='bbox 650 2072 756 2111; x_wconf 84' lang='lat' dir='ltr'><strong>seqq.</strong></span> <span class='ocrx_word' id='word_1_192' title='bbox 777 2059 870 2109; x_wconf 77' lang='grc' dir='ltr'><strong><em>τούς</em></strong></span> <span class='ocrx_word' id='word_1_193' title='bbox 891 2078 1006 2114; x_wconf 80' lang='grc' dir='ltr'><strong><em>κορυ·</em></strong></span> 
     </span>
     <span class='ocr_line' id='line_1_39' title="bbox 347 2112 1005 2167; baseline 0.012 -18"><span class='ocrx_word' id='word_1_194' title='bbox 347 2112 494 2161; x_wconf 83' lang='grc' dir='ltr'><strong><em>φαίους</em></strong></span> <span class='ocrx_word' id='word_1_195' title='bbox 516 2113 591 2151; x_wconf 88' lang='lat' dir='ltr'><strong><em>dici</em></strong></span> <span class='ocrx_word' id='word_1_196' title='bbox 611 2122 744 2166; x_wconf 87' lang='lat' dir='ltr'><em>putem</em></span> <span class='ocrx_word' id='word_1_197' title='bbox 763 2118 1005 2167; x_wconf 82' lang='lat' dir='ltr'><em>opulentiores,</em></span> 
     </span>
     <span class='ocr_line' id='line_1_40' title="bbox 347 2170 1006 2223; baseline 0.012 -18"><span class='ocrx_word' id='word_1_198' title='bbox 347 2170 582 2208; x_wconf 78' lang='lat' dir='ltr'><em>eminentiores</em></span> <span class='ocrx_word' id='word_1_199' title='bbox 628 2172 728 2208; x_wconf 84' lang='lat' dir='ltr'><em>inter</em></span> <span class='ocrx_word' id='word_1_200' title='bbox 785 2175 1006 2223; x_wconf 80' lang='lat' dir='ltr'><em>Zanclaeos‚</em></span> 
     </span>
     <span class='ocr_line' id='line_1_41' title="bbox 347 2227 1004 2280; baseline 0.012 -19"><span class='ocrx_word' id='word_1_201' title='bbox 347 2228 526 2275; x_wconf 75' lang='lat' dir='ltr'><em>optimates</em></span> <span class='ocrx_word' id='word_1_202' title='bbox 546 2227 660 2277; x_wconf 82' lang='lat' dir='ltr'><em>igitur</em></span> <span class='ocrx_word' id='word_1_203' title='bbox 687 2240 730 2264; x_wconf 80' lang='lat' dir='ltr'><strong><em>ac</em></strong></span> <span class='ocrx_word' id='word_1_204' title='bbox 756 2232 932 2280; x_wconf 77' lang='lat' dir='ltr'><em>principes</em></span> <span class='ocrx_word' id='word_1_205' title='bbox 953 2234 1004 2268; x_wconf 83' lang='lat' dir='ltr'><em>ci-</em></span> 
     </span>
     <span class='ocr_line' id='line_1_42' title="bbox 347 2284 1003 2335; baseline 0.012 -18"><span class='ocrx_word' id='word_1_206' title='bbox 347 2293 426 2330; x_wconf 76' lang='lat' dir='ltr'><em>ves,</em></span> <span class='ocrx_word' id='word_1_207' title='bbox 464 2289 506 2319; x_wconf 85' lang='lat' dir='ltr'><strong><em>ut</em></strong></span> <span class='ocrx_word' id='word_1_208' title='bbox 534 2284 600 2330; x_wconf 89' lang='lat'><strong><em>111,</em></strong></span> <span class='ocrx_word' id='word_1_209' title='bbox 629 2286 697 2324; x_wconf 83' lang='lat'><em>82.</em></span> <span class='ocrx_word' id='word_1_210' title='bbox 730 2285 822 2326; x_wconf 86' lang='lat'><em>159.</em></span> <span class='ocrx_word' id='word_1_211' title='bbox 850 2288 913 2335; x_wconf 91' lang='lat' dir='ltr'><strong><em>VI,</em></strong></span> <span class='ocrx_word' id='word_1_212' title='bbox 935 2289 1003 2329; x_wconf 86' lang='lat'><em>98.</em></span> 
     </span>
     <span class='ocr_line' id='line_1_43' title="bbox 346 2335 1004 2394; baseline -0.002 -17"><span class='ocrx_word' id='word_1_213' title='bbox 346 2358 404 2365; x_wconf 89' lang='lat'>—</span> <span class='ocrx_word' id='word_1_214' title='bbox 438 2335 570 2378; x_wconf 73' lang='grc' dir='ltr'><strong><em>αὐτῶν</em></strong></span> <span class='ocrx_word' id='word_1_215' title='bbox 605 2341 776 2391; x_wconf 76' lang='lat' dir='ltr'><em>rescr1psi</em></span> <span class='ocrx_word' id='word_1_216' title='bbox 824 2356 893 2394; x_wconf 89' lang='lat' dir='ltr'><em>pro</em></span> <span class='ocrx_word' id='word_1_217' title='bbox 933 2339 1004 2382; x_wconf 64' lang='grc' dir='ltr'><strong><em>αὖ-</em></strong></span> 
     </span>
     <span class='ocr_line' id='line_1_44' title="bbox 346 2407 458 2435; baseline 0.027 -3"><span class='ocrx_word' id='word_1_218' title='bbox 346 2407 458 2435; x_wconf 88' lang='grc' dir='ltr'><strong><em>τεων.</em></strong></span> 
     </span>
    </p>
   </div>
   <div class='ocr_carea' id='block_1_16' title="bbox 544 2507 800 2559">
    <p class='ocr_par' dir='ltr' id='par_1_16' title="bbox 544 2507 800 2559">
     <span class='ocr_line' id='line_1_45' title="bbox 544 2507 800 2559; baseline 0.004 -14"><span class='ocrx_word' id='word_1_219' title='bbox 544 2507 637 2559; x_wconf 78' lang='lat' dir='ltr'><em>Cap.</em></span> <span class='ocrx_word' id='word_1_220' title='bbox 657 2509 800 2546; x_wconf 86' lang='lat' dir='ltr'>XXIV.</span> 
     </span>
    </p>
   </div>
   <div class='ocr_carea' id='block_1_17' title="bbox 346 2615 1004 2899">
    <p class='ocr_par' dir='ltr' id='par_1_17' title="bbox 346 2615 1004 2899">
     <span class='ocr_line' id='line_1_46' title="bbox 401 2615 1004 2670; baseline 0.002 -13"><span class='ocrx_word' id='word_1_221' title='bbox 401 2619 534 2670; x_wconf 85' lang='grc' dir='ltr'><strong><em>παρῆν</em></strong></span> <span class='ocrx_word' id='word_1_222' title='bbox 558 2617 598 2666; x_wconf 76' lang='grc' dir='ltr'><strong><em>ἐς</em></strong></span> <span class='ocrx_word' id='word_1_223' title='bbox 616 2616 692 2670; x_wconf 75' lang='grc' dir='ltr'><strong><em>τήν</em></strong></span> <span class='ocrx_word' id='word_1_224' title='bbox 712 2615 880 2670; x_wconf 86' lang='grc' dir='ltr'><strong><em>Ἀσίην]</em></strong></span> <span class='ocrx_word' id='word_1_225' title='bbox 922 2622 1004 2658; x_wconf 90' lang='lat' dir='ltr'><em>Eo-</em></span> 
     </span>
     <span class='ocr_line' id='line_1_47' title="bbox 346 2672 1003 2723; baseline 0.005 -12"><span class='ocrx_word' id='word_1_226' title='bbox 346 2672 437 2711; x_wconf 87' lang='lat' dir='ltr'><strong><em>dem</em></strong></span> <span class='ocrx_word' id='word_1_227' title='bbox 465 2673 581 2712; x_wconf 90' lang='lat' dir='ltr'><em>modo</em></span> <span class='ocrx_word' id='word_1_228' title='bbox 609 2678 743 2713; x_wconf 84' lang='lat' dir='ltr'><em>Noster</em></span> <span class='ocrx_word' id='word_1_229' title='bbox 771 2678 834 2723; x_wconf 84' lang='lat' dir='ltr'><strong><em>Vl,</em></strong></span> <span class='ocrx_word' id='word_1_230' title='bbox 874 2681 908 2723; x_wconf 89' lang='lat'><strong><em>1,</em></strong></span> <span class='ocrx_word' id='word_1_231' title='bbox 939 2679 1003 2714; x_wconf 86' lang='lat' dir='ltr'><strong><em>ubi</em></strong></span> 
     </span>
     <span class='ocr_line' id='line_1_48' title="bbox 346 2729 1004 2785; baseline 0.006 -19"><span class='ocrx_word' id='word_1_232' title='bbox 346 2729 425 2768; x_wconf 88' lang='lat' dir='ltr'><em>vid.</em></span> <span class='ocrx_word' id='word_1_233' title='bbox 451 2731 521 2769; x_wconf 80' lang='lat' dir='ltr'><em>Cr.</em></span> <span class='ocrx_word' id='word_1_234' title='bbox 541 2730 603 2769; x_wconf 85' lang='lat' dir='ltr'><strong><em>hic</em></strong></span> <span class='ocrx_word' id='word_1_235' title='bbox 623 2733 785 2769; x_wconf 82' lang='lat' dir='ltr'><em>conferri</em></span> <span class='ocrx_word' id='word_1_236' title='bbox 796 2735 875 2770; x_wconf 78' lang='lat' dir='ltr'><strong>vult</strong></span> <span class='ocrx_word' id='word_1_237' title='bbox 895 2735 1004 2785; x_wconf 74' lang='lat' dir='ltr'>Tay-</span> 
     </span>
     <span class='ocr_line' id='line_1_49' title="bbox 347 2786 1003 2841; baseline 0.005 -18"><span class='ocrx_word' id='word_1_238' title='bbox 347 2787 416 2825; x_wconf 87' lang='lat' dir='ltr'><em>lor.</em></span> <span class='ocrx_word' id='word_1_239' title='bbox 449 2786 497 2824; x_wconf 82' lang='lat' dir='ltr'><strong><em>ad</em></strong></span> <span class='ocrx_word' id='word_1_240' title='bbox 525 2789 660 2841; x_wconf 82' lang='lat' dir='ltr'><strong>Lysiae</strong></span> <span class='ocrx_word' id='word_1_241' title='bbox 691 2789 856 2840; x_wconf 77' lang='lat' dir='ltr'><strong><em>epitaph.</em></strong></span> <span class='ocrx_word' id='word_1_242' title='bbox 889 2804 926 2840; x_wconf 91' lang='lat' dir='ltr'><strong><em>p.</em></strong></span> <span class='ocrx_word' id='word_1_243' title='bbox 949 2793 1003 2830; x_wconf 80' lang='lat'><strong><em>72</em></strong></span> 
     </span>
     <span class='ocr_line' id='line_1_50' title="bbox 347 2842 1003 2899; baseline 0.003 -19"><span class='ocrx_word' id='word_1_244' title='bbox 347 2842 407 2881; x_wconf 82' lang='lat' dir='ltr'><em>ed.</em></span> <span class='ocrx_word' id='word_1_245' title='bbox 419 2843 549 2882; x_wconf 81' lang='lat' dir='ltr'><em>Reisk.</em></span> <span class='ocrx_word' id='word_1_246' title='bbox 577 2846 700 2884; x_wconf 82' lang='lat' dir='ltr'><em>Asiam</em></span> <span class='ocrx_word' id='word_1_247' title='bbox 711 2849 883 2894; x_wconf 82' lang='lat' dir='ltr'><em>minorem,</em></span> <span class='ocrx_word' id='word_1_248' title='bbox 905 2860 1003 2899; x_wconf 82' lang='lat' dir='ltr'><strong><em>quae</em></strong></span> 
     </span>
    </p>
   </div>
   <div class='ocr_carea' id='block_1_18' title="bbox 1058 1439 1728 2904">
    <p class='ocr_par' dir='ltr' id='par_1_18' title="bbox 1058 1439 1728 1831">
     <span class='ocr_line' id='line_1_51' title="bbox 1069 1439 1728 1493; baseline 0.002 -14"><span class='ocrx_word' id='word_1_249' title='bbox 1069 1441 1186 1492; x_wconf 85' lang='lat' dir='ltr'><em>vulgo</em></span> <span class='ocrx_word' id='word_1_250' title='bbox 1209 1439 1358 1489; x_wconf 82' lang='lat' dir='ltr'><strong>dicitur,</strong></span> <span class='ocrx_word' id='word_1_251' title='bbox 1387 1439 1451 1478; x_wconf 86' lang='lat' dir='ltr'><strong><em>hic</em></strong></span> <span class='ocrx_word' id='word_1_252' title='bbox 1471 1441 1644 1493; x_wconf 81' lang='lat' dir='ltr'><strong><em>intelligi,</em></strong></span> <span class='ocrx_word' id='word_1_253' title='bbox 1664 1454 1728 1480; x_wconf 89' lang='lat' dir='ltr'><strong><em>sa-</em></strong></span> 
     </span>
     <span class='ocr_line' id='line_1_52' title="bbox 1067 1499 1728 1552; baseline 0.002 -17"><span class='ocrx_word' id='word_1_254' title='bbox 1067 1499 1112 1535; x_wconf 89' lang='lat' dir='ltr'><strong><em>tis</em></strong></span> <span class='ocrx_word' id='word_1_255' title='bbox 1124 1504 1425 1536; x_wconf 82' lang='lat' dir='ltr'><strong><em>commonstrant</em></strong></span> <span class='ocrx_word' id='word_1_256' title='bbox 1435 1499 1550 1536; x_wconf 84' lang='lat' dir='ltr'>verba</span> <span class='ocrx_word' id='word_1_257' title='bbox 1561 1512 1728 1552; x_wconf 86' lang='lat' dir='ltr'><em>sequen-</em></span> 
     </span>
     <span class='ocr_line' id='line_1_53' title="bbox 1066 1554 1728 1606; baseline 0.003 -15"><span class='ocrx_word' id='word_1_258' title='bbox 1066 1555 1119 1591; x_wconf 75' lang='lat' dir='ltr'><strong><em>tia</em></strong></span> <span class='ocrx_word' id='word_1_259' title='bbox 1132 1581 1146 1598; x_wconf 88' lang='lat'><em>,</em></span> <span class='ocrx_word' id='word_1_260' title='bbox 1186 1555 1226 1590; x_wconf 89' lang='lat' dir='ltr'><strong><em>in</em></strong></span> <span class='ocrx_word' id='word_1_261' title='bbox 1252 1555 1388 1606; x_wconf 87' lang='lat' dir='ltr'><strong>quibus</strong></span> <span class='ocrx_word' id='word_1_262' title='bbox 1423 1554 1587 1606; x_wconf 85' lang='grc' dir='ltr'><strong><em>βασιλέα</em></strong></span> <span class='ocrx_word' id='word_1_263' title='bbox 1616 1554 1728 1593; x_wconf 77' lang='lat' dir='ltr'><em>exhi-</em></span> 
     </span>
     <span class='ocr_line' id='line_1_54' title="bbox 1065 1611 1726 1664; baseline 0.008 -17"><span class='ocrx_word' id='word_1_264' title='bbox 1065 1611 1131 1647; x_wconf 81' lang='lat' dir='ltr'><strong><em>bui</em></strong></span> <span class='ocrx_word' id='word_1_265' title='bbox 1150 1623 1220 1661; x_wconf 87' lang='lat' dir='ltr'><em>pro</em></span> <span class='ocrx_word' id='word_1_266' title='bbox 1241 1611 1425 1662; x_wconf 86' lang='grc' dir='ltr'><strong><em>βασιλῆα.</em></strong></span> <span class='ocrx_word' id='word_1_267' title='bbox 1448 1634 1499 1639; x_wconf 86' lang='lat'>—</span> <span class='ocrx_word' id='word_1_268' title='bbox 1531 1626 1726 1664; x_wconf 85' lang='grc' dir='ltr'><strong><em>παραιτη-</em></strong></span> 
     </span>
     <span class='ocr_line' id='line_1_55' title="bbox 1066 1662 1727 1718; baseline 0.002 -13"><span class='ocrx_word' id='word_1_269' title='bbox 1066 1662 1238 1717; x_wconf 84' lang='grc' dir='ltr'><strong><em>σάμενος</em></strong></span> <span class='ocrx_word' id='word_1_270' title='bbox 1253 1666 1416 1718; x_wconf 85' lang='grc' dir='ltr'><strong><em>βασιλέα</em></strong></span> <span class='ocrx_word' id='word_1_271' title='bbox 1446 1674 1503 1704; x_wconf 87' lang='lat' dir='ltr'><strong><em>est</em></strong></span> <span class='ocrx_word' id='word_1_272' title='bbox 1530 1670 1634 1705; x_wconf 79' lang='lat' dir='ltr'><em>venia</em></span> <span class='ocrx_word' id='word_1_273' title='bbox 1655 1672 1727 1706; x_wconf 75' lang='lat' dir='ltr'><em>im-</em></span> 
     </span>
     <span class='ocr_line' id='line_1_56' title="bbox 1058 1723 1726 1773; baseline 0.01 -14"><span class='ocrx_word' id='word_1_274' title='bbox 1058 1726 1205 1773; x_wconf 76' lang='lat' dir='ltr'><em>petrata</em></span> <span class='ocrx_word' id='word_1_275' title='bbox 1224 1736 1248 1759; x_wconf 88' lang='lat' dir='ltr'><strong><em>a</em></strong></span> <span class='ocrx_word' id='word_1_276' title='bbox 1269 1735 1359 1772; x_wconf 84' lang='lat' dir='ltr'><em>rege.</em></span> <span class='ocrx_word' id='word_1_277' title='bbox 1417 1723 1531 1762; x_wconf 85' lang='lat' dir='ltr'><em>Conf.</em></span> <span class='ocrx_word' id='word_1_278' title='bbox 1558 1725 1623 1773; x_wconf 88' lang='lat' dir='ltr'><strong><em>IV,</em></strong></span> <span class='ocrx_word' id='word_1_279' title='bbox 1648 1723 1726 1766; x_wconf 88' lang='lat'><strong><em>146</em></strong></span> 
     </span>
     <span class='ocr_line' id='line_1_57' title="bbox 1064 1780 1308 1831; baseline 0.008 -16"><span class='ocrx_word' id='word_1_280' title='bbox 1064 1780 1194 1831; x_wconf 84' lang='lat' dir='ltr'><strong><em>ibique</em></strong></span> <span class='ocrx_word' id='word_1_281' title='bbox 1213 1786 1308 1817; x_wconf 84' lang='lat' dir='ltr'><em>nott.</em></span> 
     </span>
    </p>

    <p class='ocr_par' dir='ltr' id='par_1_19' title="bbox 1058 1831 1728 2904">
     <span class='ocr_line' id='line_1_58' title="bbox 1121 1831 1728 1888; baseline 0.003 -14"><span class='ocrx_word' id='word_1_282' title='bbox 1121 1835 1161 1882; x_wconf 80' lang='grc' dir='ltr'><strong><em>ἐς</em></strong></span> <span class='ocrx_word' id='word_1_283' title='bbox 1179 1831 1202 1874; x_wconf 79' lang='grc' dir='ltr'><em>ὃ</em></span> <span class='ocrx_word' id='word_1_284' title='bbox 1222 1831 1348 1888; x_wconf 80' lang='grc' dir='ltr'><strong><em>γήραϊ</em></strong></span> <span class='ocrx_word' id='word_1_285' title='bbox 1366 1832 1464 1887; x_wconf 77' lang='grc' dir='ltr'><strong><em>μέγα</em></strong></span> <span class='ocrx_word' id='word_1_286' title='bbox 1491 1832 1626 1887; x_wconf 75' lang='grc' dir='ltr'><strong><em>ὄλβιος</em></strong></span> <span class='ocrx_word' id='word_1_287' title='bbox 1646 1833 1728 1876; x_wconf 67' lang='grc' dir='ltr'><strong><em>ἐών</em></strong></span> 
     </span>
     <span class='ocr_line' id='line_1_59' title="bbox 1065 1888 1727 1942; baseline -0.002 -12"><span class='ocrx_word' id='word_1_288' title='bbox 1065 1888 1307 1942; x_wconf 78' lang='grc' dir='ltr'><strong><em>ἐτελεύτησε]</em></strong></span> <span class='ocrx_word' id='word_1_289' title='bbox 1329 1891 1478 1928; x_wconf 83' lang='lat' dir='ltr'><em>Eadem</em></span> <span class='ocrx_word' id='word_1_290' title='bbox 1495 1892 1632 1929; x_wconf 80' lang='lat' dir='ltr'><em>iisdem</em></span> <span class='ocrx_word' id='word_1_291' title='bbox 1645 1893 1727 1931; x_wconf 86' lang='lat' dir='ltr'><strong><em>fere</em></strong></span> 
     </span>
     <span class='ocr_line' id='line_1_60' title="bbox 1065 1948 1726 1998; baseline 0.009 -14"><span class='ocrx_word' id='word_1_292' title='bbox 1065 1948 1189 1985; x_wconf 79' lang='lat' dir='ltr'>verbis</span> <span class='ocrx_word' id='word_1_293' title='bbox 1209 1949 1359 1985; x_wconf 82' lang='lat' dir='ltr'><em>Aeliau.</em></span> <span class='ocrx_word' id='word_1_294' title='bbox 1390 1949 1437 1986; x_wconf 89' lang='lat' dir='ltr'><strong><em>V.</em></strong></span> <span class='ocrx_word' id='word_1_295' title='bbox 1457 1950 1507 1986; x_wconf 90' lang='grc' dir='ltr'><strong><em>Η.</em></strong></span> <span class='ocrx_word' id='word_1_296' title='bbox 1527 1949 1627 1997; x_wconf 85' lang='lat' dir='ltr'>VIII,</span> <span class='ocrx_word' id='word_1_297' title='bbox 1653 1952 1726 1998; x_wconf 82' lang='lat'><strong><em>173</em></strong></span> 
     </span>
     <span class='ocr_line' id='line_1_61' title="bbox 1065 2004 1726 2056; baseline 0.003 -16"><span class='ocrx_word' id='word_1_298' title='bbox 1065 2016 1162 2056; x_wconf 89' lang='lat' dir='ltr'><strong><em>quae</em></strong></span> <span class='ocrx_word' id='word_1_299' title='bbox 1174 2006 1296 2055; x_wconf 84' lang='lat' dir='ltr'>attigit</span> <span class='ocrx_word' id='word_1_300' title='bbox 1316 2006 1564 2055; x_wconf 85' lang='lat' dir='ltr'><em>Hoogeveen.</em></span> <span class='ocrx_word' id='word_1_301' title='bbox 1586 2004 1636 2042; x_wconf 83' lang='lat' dir='ltr'><strong><em>ad</em></strong></span> <span class='ocrx_word' id='word_1_302' title='bbox 1654 2005 1726 2043; x_wconf 89' lang='lat' dir='ltr'><strong><em>Vi-</em></strong></span> 
     </span>
     <span class='ocr_line' id='line_1_62' title="bbox 1062 2059 1727 2114; baseline 0.009 -18"><span class='ocrx_word' id='word_1_303' title='bbox 1062 2073 1142 2110; x_wconf 86' lang='lat' dir='ltr'><em>ger.</em></span> <span class='ocrx_word' id='word_1_304' title='bbox 1162 2074 1199 2111; x_wconf 90' lang='lat' dir='ltr'><em>p.</em></span> <span class='ocrx_word' id='word_1_305' title='bbox 1228 2061 1307 2102; x_wconf 89' lang='lat'><strong><em>115</em></strong></span> <span class='ocrx_word' id='word_1_306' title='bbox 1339 2060 1387 2097; x_wconf 86' lang='lat' dir='ltr'><strong><em>de</em></strong></span> <span class='ocrx_word' id='word_1_307' title='bbox 1406 2062 1598 2099; x_wconf 81' lang='lat' dir='ltr'><em>locutione</em></span> <span class='ocrx_word' id='word_1_308' title='bbox 1627 2059 1727 2114; x_wconf 79' lang='grc' dir='ltr'><strong><em>μέγα</em></strong></span> 
     </span>
     <span class='ocr_line' id='line_1_63' title="bbox 1062 2114 1724 2171; baseline 0 -16"><span class='ocrx_word' id='word_1_309' title='bbox 1062 2114 1193 2168; x_wconf 75' lang='grc' dir='ltr'><strong><em>ὄλβιος</em></strong></span> <span class='ocrx_word' id='word_1_310' title='bbox 1204 2117 1424 2168; x_wconf 79' lang='lat' dir='ltr'><em>(praedives)</em></span> <span class='ocrx_word' id='word_1_311' title='bbox 1437 2131 1612 2166; x_wconf 83' lang='lat' dir='ltr'><em>mouens,</em></span> <span class='ocrx_word' id='word_1_312' title='bbox 1624 2131 1724 2171; x_wconf 84' lang='lat' dir='ltr'><strong><em>quae</em></strong></span> 
     </span>
     <span class='ocr_line' id='line_1_64' title="bbox 1063 2172 1724 2213; baseline 0.006 -5"><span class='ocrx_word' id='word_1_313' title='bbox 1063 2172 1198 2209; x_wconf 83' lang='lat' dir='ltr'><em>eadem</em></span> <span class='ocrx_word' id='word_1_314' title='bbox 1236 2174 1428 2210; x_wconf 74' lang='lat' dir='ltr'><em>invenitur</em></span> <span class='ocrx_word' id='word_1_315' title='bbox 1477 2175 1517 2211; x_wconf 85' lang='lat' dir='ltr'><strong><em>iu</em></strong></span> <span class='ocrx_word' id='word_1_316' title='bbox 1564 2176 1724 2213; x_wconf 87' lang='lat' dir='ltr'><em>Homer.</em></span> 
     </span>
     <span class='ocr_line' id='line_1_65' title="bbox 1063 2229 1723 2279; baseline 0.006 -15"><span class='ocrx_word' id='word_1_317' title='bbox 1063 2230 1207 2279; x_wconf 87' lang='lat' dir='ltr'><em>Hymn.</em></span> <span class='ocrx_word' id='word_1_318' title='bbox 1229 2229 1267 2264; x_wconf 85' lang='lat' dir='ltr'><strong><em>iu</em></strong></span> <span class='ocrx_word' id='word_1_319' title='bbox 1289 2230 1414 2268; x_wconf 84' lang='lat' dir='ltr'><em>cerer.</em></span> <span class='ocrx_word' id='word_1_320' title='bbox 1438 2229 1515 2270; x_wconf 87' lang='grc'><strong><em>491</em></strong></span> <span class='ocrx_word' id='word_1_321' title='bbox 1531 2232 1619 2268; x_wconf 89' lang='lat' dir='ltr'><em>coll.</em></span> <span class='ocrx_word' id='word_1_322' title='bbox 1638 2233 1723 2268; x_wconf 88' lang='lat' dir='ltr'><strong><em>Eu-</em></strong></span> 
     </span>
     <span class='ocr_line' id='line_1_66' title="bbox 1060 2284 1722 2336; baseline 0.005 -15"><span class='ocrx_word' id='word_1_323' title='bbox 1060 2285 1172 2336; x_wconf 84' lang='lat' dir='ltr'><em>ripid.</em></span> <span class='ocrx_word' id='word_1_324' title='bbox 1202 2287 1296 2322; x_wconf 85' lang='lat' dir='ltr'><em>Hec.</em></span> <span class='ocrx_word' id='word_1_325' title='bbox 1323 2284 1418 2326; x_wconf 85' lang='lat'><em>497.</em></span> <span class='ocrx_word' id='word_1_326' title='bbox 1448 2286 1569 2323; x_wconf 79' lang='lat' dir='ltr'><em>Orest.</em></span> <span class='ocrx_word' id='word_1_327' title='bbox 1599 2289 1722 2328; x_wconf 82' lang='lat'><strong><em>1181.</em></strong></span> 
     </span>
     <span class='ocr_line' id='line_1_67' title="bbox 1059 2341 1723 2395; baseline 0.006 -18"><span class='ocrx_word' id='word_1_328' title='bbox 1059 2341 1146 2377; x_wconf 83' lang='lat' dir='ltr'><strong><em>Alia</em></strong></span> <span class='ocrx_word' id='word_1_329' title='bbox 1175 2343 1351 2392; x_wconf 82' lang='lat' dir='ltr'><em>exempla</em></span> <span class='ocrx_word' id='word_1_330' title='bbox 1378 2342 1481 2379; x_wconf 84' lang='lat' dir='ltr'><em>vocis</em></span> <span class='ocrx_word' id='word_1_331' title='bbox 1509 2341 1607 2395; x_wconf 80' lang='grc' dir='ltr'><strong><em>μέγα</em></strong></span> <span class='ocrx_word' id='word_1_332' title='bbox 1633 2349 1723 2381; x_wconf 84' lang='lat' dir='ltr'><strong><em>ante</em></strong></span> 
     </span>
     <span class='ocr_line' id='line_1_68' title="bbox 1061 2396 1722 2449; baseline 0.005 -16"><span class='ocrx_word' id='word_1_333' title='bbox 1061 2396 1246 2435; x_wconf 79' lang='lat' dir='ltr'><strong><em>adieetiva</em></strong></span> <span class='ocrx_word' id='word_1_334' title='bbox 1273 2400 1324 2435; x_wconf 88' lang='lat' dir='ltr'><strong><em>sic</em></strong></span> <span class='ocrx_word' id='word_1_335' title='bbox 1365 2399 1486 2449; x_wconf 77' lang='lat' dir='ltr'><em>posita</em></span> <span class='ocrx_word' id='word_1_336' title='bbox 1520 2397 1626 2436; x_wconf 80' lang='lat' dir='ltr'><em>dabit</em></span> <span class='ocrx_word' id='word_1_337' title='bbox 1658 2401 1722 2437; x_wconf 83' lang='lat' dir='ltr'><strong><em>Ia-</em></strong></span> 
     </span>
     <span class='ocr_line' id='line_1_69' title="bbox 1061 2453 1718 2504; baseline 0.006 -14"><span class='ocrx_word' id='word_1_338' title='bbox 1061 2455 1164 2491; x_wconf 91' lang='lat' dir='ltr'><em>cobs.</em></span> <span class='ocrx_word' id='word_1_339' title='bbox 1193 2453 1242 2491; x_wconf 85' lang='lat' dir='ltr'><strong><em>ad</em></strong></span> <span class='ocrx_word' id='word_1_340' title='bbox 1275 2455 1424 2492; x_wconf 85' lang='lat' dir='ltr'><em>Aeliau.</em></span> <span class='ocrx_word' id='word_1_341' title='bbox 1457 2455 1504 2492; x_wconf 91' lang='lat' dir='ltr'><strong><em>N.</em></strong></span> <span class='ocrx_word' id='word_1_342' title='bbox 1524 2456 1572 2494; x_wconf 90' lang='lat' dir='ltr'><em>A.</em></span> <span class='ocrx_word' id='word_1_343' title='bbox 1594 2457 1643 2504; x_wconf 92' lang='lat'><strong><em>11,</em></strong></span> <span class='ocrx_word' id='word_1_344' title='bbox 1669 2459 1718 2497; x_wconf 88' lang='lat'><strong><em>11</em></strong></span> 
     </span>
     <span class='ocr_line' id='line_1_70' title="bbox 1061 2510 1724 2564; baseline 0.005 -18"><span class='ocrx_word' id='word_1_345' title='bbox 1061 2511 1148 2547; x_wconf 87' lang='lat' dir='ltr'><em>coll.</em></span> <span class='ocrx_word' id='word_1_346' title='bbox 1169 2510 1216 2547; x_wconf 84' lang='lat' dir='ltr'><strong><em>ad</em></strong></span> <span class='ocrx_word' id='word_1_347' title='bbox 1238 2512 1266 2557; x_wconf 86' lang='lat' dir='ltr'><strong><em>I,</em></strong></span> <span class='ocrx_word' id='word_1_348' title='bbox 1290 2513 1355 2552; x_wconf 86' lang='lat'><em>59.</em></span> <span class='ocrx_word' id='word_1_349' title='bbox 1415 2511 1480 2549; x_wconf 83' lang='lat' dir='ltr'><strong><em>Sic</em></strong></span> <span class='ocrx_word' id='word_1_350' title='bbox 1505 2524 1660 2564; x_wconf 89' lang='lat' dir='ltr'><em>quoque</em></span> <span class='ocrx_word' id='word_1_351' title='bbox 1681 2510 1724 2552; x_wconf 79' lang='grc' dir='ltr'><strong><em>οἱ</em></strong></span> 
     </span>
     <span class='ocr_line' id='line_1_71' title="bbox 1061 2563 1719 2620; baseline 0.006 -17"><span class='ocrx_word' id='word_1_352' title='bbox 1061 2565 1157 2617; x_wconf 81' lang='grc' dir='ltr'><strong><em>μέγα</em></strong></span> <span class='ocrx_word' id='word_1_353' title='bbox 1191 2563 1397 2615; x_wconf 82' lang='grc' dir='ltr'><strong><em>πλούσιοι,</em></strong></span> <span class='ocrx_word' id='word_1_354' title='bbox 1448 2567 1496 2604; x_wconf 88' lang='lat' dir='ltr'><strong><em>de</em></strong></span> <span class='ocrx_word' id='word_1_355' title='bbox 1535 2581 1612 2620; x_wconf 91' lang='lat' dir='ltr'><em>quo</em></span> <span class='ocrx_word' id='word_1_356' title='bbox 1641 2567 1719 2607; x_wconf 79' lang='lat' dir='ltr'><em>vid.</em></span> 
     </span>
     <span class='ocr_line' id='line_1_72' title="bbox 1060 2622 1721 2674; baseline 0.002 -15"><span class='ocrx_word' id='word_1_357' title='bbox 1060 2622 1254 2662; x_wconf 83' lang='lat' dir='ltr'><em>Schaeser.</em></span> <span class='ocrx_word' id='word_1_358' title='bbox 1278 2623 1326 2660; x_wconf 80' lang='lat' dir='ltr'><strong><em>ad</em></strong></span> <span class='ocrx_word' id='word_1_359' title='bbox 1346 2626 1470 2674; x_wconf 87' lang='lat' dir='ltr'><em>Long.</em></span> <span class='ocrx_word' id='word_1_360' title='bbox 1490 2637 1529 2674; x_wconf 89' lang='lat' dir='ltr'><strong><em>p.</em></strong></span> <span class='ocrx_word' id='word_1_361' title='bbox 1545 2624 1640 2666; x_wconf 82' lang='lat'><em>425.</em></span> <span class='ocrx_word' id='word_1_362' title='bbox 1661 2626 1721 2661; x_wconf 84' lang='lat' dir='ltr'><strong><em>De</em></strong></span> 
     </span>
     <span class='ocr_line' id='line_1_73' title="bbox 1059 2678 1721 2732; baseline 0.005 -17"><span class='ocrx_word' id='word_1_363' title='bbox 1059 2680 1138 2730; x_wconf 88' lang='lat' dir='ltr'><em>ipsa</em></span> <span class='ocrx_word' id='word_1_364' title='bbox 1168 2694 1261 2717; x_wconf 80' lang='lat' dir='ltr'><em>voce</em></span> <span class='ocrx_word' id='word_1_365' title='bbox 1291 2678 1422 2732; x_wconf 82' lang='grc' dir='ltr'><strong><em>’ὀλβιος</em></strong></span> <span class='ocrx_word' id='word_1_366' title='bbox 1462 2680 1563 2718; x_wconf 86' lang='lat' dir='ltr'><em>conf.</em></span> <span class='ocrx_word' id='word_1_367' title='bbox 1592 2682 1622 2727; x_wconf 82' lang='lat' dir='ltr'><strong><em>I,</em></strong></span> <span class='ocrx_word' id='word_1_368' title='bbox 1652 2682 1721 2721; x_wconf 81' lang='lat'><em>32.</em></span> 
     </span>
     <span class='ocr_line' id='line_1_74' title="bbox 1058 2732 1722 2789; baseline -0.003 -15"><span class='ocrx_word' id='word_1_369' title='bbox 1058 2732 1182 2787; x_wconf 77' lang='grc' dir='ltr'><strong><em>γήραϊ</em></strong></span> <span class='ocrx_word' id='word_1_370' title='bbox 1197 2744 1317 2774; x_wconf 77' lang='lat' dir='ltr'><strong><em>exstat</em></strong></span> <span class='ocrx_word' id='word_1_371' title='bbox 1331 2749 1483 2789; x_wconf 88' lang='lat' dir='ltr'><em>quoque</em></span> <span class='ocrx_word' id='word_1_372' title='bbox 1499 2735 1600 2788; x_wconf 83' lang='lat' dir='ltr'><em>apud</em></span> <span class='ocrx_word' id='word_1_373' title='bbox 1615 2737 1722 2773; x_wconf 83' lang='lat' dir='ltr'>Pau-</span> 
     </span>
     <span class='ocr_line' id='line_1_75' title="bbox 1058 2792 1720 2845; baseline 0.002 -17"><span class='ocrx_word' id='word_1_374' title='bbox 1058 2806 1137 2829; x_wconf 79' lang='lat' dir='ltr'><em>san.</em></span> <span class='ocrx_word' id='word_1_375' title='bbox 1159 2794 1187 2841; x_wconf 83' lang='lat'><strong><em>1,</em></strong></span> <span class='ocrx_word' id='word_1_376' title='bbox 1210 2794 1263 2834; x_wconf 82' lang='lat'><strong><em>25</em></strong></span> <span class='ocrx_word' id='word_1_377' title='bbox 1285 2795 1321 2839; x_wconf 62' lang='grc' dir='ltr'><strong><em>ξ.</em></strong></span> <span class='ocrx_word' id='word_1_378' title='bbox 1344 2794 1383 2839; x_wconf 87' lang='grc'><strong><em>5,</em></strong></span> <span class='ocrx_word' id='word_1_379' title='bbox 1414 2794 1480 2845; x_wconf 86' lang='lat' dir='ltr'><strong><em>qui</em></strong></span> <span class='ocrx_word' id='word_1_380' title='bbox 1500 2792 1603 2830; x_wconf 87' lang='lat' dir='ltr'><em>idem</em></span> <span class='ocrx_word' id='word_1_381' title='bbox 1631 2793 1720 2829; x_wconf 82' lang='lat' dir='ltr'>alibi</span> 
     </span>
     <span class='ocr_line' id='line_1_76' title="bbox 1059 2846 1720 2904; baseline 0.003 -20"><span class='ocrx_word' id='word_1_382' title='bbox 1059 2850 1173 2885; x_wconf 82' lang='lat' dir='ltr'><em>etiam</em></span> <span class='ocrx_word' id='word_1_383' title='bbox 1192 2846 1319 2904; x_wconf 74' lang='grc' dir='ltr'><strong><em>γήρᾳ,</em></strong></span> <span class='ocrx_word' id='word_1_384' title='bbox 1349 2851 1390 2886; x_wconf 89' lang='lat' dir='ltr'><strong><em>iu</em></strong></span> <span class='ocrx_word' id='word_1_385' title='bbox 1418 2849 1556 2887; x_wconf 83' lang='lat' dir='ltr'><strong>harum</strong></span> <span class='ocrx_word' id='word_1_386' title='bbox 1574 2849 1720 2887; x_wconf 79' lang='lat' dir='ltr'><em>forma-</em></span> 
     </span>
    </p>
   </div>
   <div class='ocr_carea' id='block_1_19' title="bbox 1855 0 1897 2704">
    <p class='ocr_par' dir='ltr' id='par_1_20' title="bbox 1855 0 1897 2704">
     <span class='ocr_line' id='line_1_77' title="bbox 1855 0 1897 2704; baseline 0 0"><span class='ocrx_word' id='word_1_387' title='bbox 1855 0 1897 2704; x_wconf 95' lang='lat' dir='ltr'><strong><em> </em></strong></span> 
     </span>
    </p>
   </div>
  </div>
 </body>
</html>
