1897 3340
321 215 405 256 8⁰2
604 213 873 253 EXCURSUS
893 215 929 251 11
946 213 1017 251 AD
1038 213 1361 252 HERODOTUM
1380 214 1425 263 V,
1446 217 1514 256 67.

320 327 360 363 in
380 324 451 363 hac
472 338 513 362 re
535 324 739 364 habuerint
759 326 943 376 religiones
964 327 1079 364 etiam
1099 327 1323 365 orientalium
1349 326 1574 375 hominum,
1604 333 1640 364 et
1661 327 1807 365 Osireae

1857 5 1871 131 Q

1850 136 1869 297 i

1855 312 1866 387 J

320 395 519 445 imprimis.
577 395 662 444 [Tu
681 395 758 432 vid.
778 397 825 443 11,
851 398 924 436 171
950 402 985 432 et
1003 408 1099 447 quae
1119 396 1169 432 ibi
1190 398 1375 446 pag,'87O
1396 395 1580 447 adscripta
1597 401 1698 432 sunt.
1717 393 1805 443 Br.]
1851 405 1864 447 ..τ

321 462 420 500 Satis
440 463 554 513 igitur
575 460 669 499 haec
688 461 846 514 quIdem
874 470 1039 513 arguunt
1059 461 1242 500 Herodoti
1261 464 1395 500 verba:
1427 477 1449 500 a
1488 463 1684 500 communi
1711 474 1806 499 con-
1848 453 1865 474 ³

1856 473 1867 488 ι

1855 496 1866 522 1

319 528 520 567 suetudine
541 531 775 567 Graecorum
796 528 992 567 descivisse
1013 530 1232 582 Sicyonios,
1262 532 1327 583 qui
1346 544 1425 567 non
1455 529 1652 568 Bacchmn
1671 541 1806 568 scena·
1859 542 1862 547 ·

321 610 408 633 rum
428 597 647 646 lugubrium
668 603 938 647 argumentum
957 597 1124 634 facerent
1138 596 1204 635 sed
1225 597 1423 635 hominem
1446 605 1580 635 natum
1601 611 1644 635 ac
1663 597 1805 634 meritis

319 665 394 700 suis
426 665 464 699 in
496 663 630 701 heroas
650 665 826 702 relatum.
883 662 1056 701 Bacchus
1086 665 1188 701 enim
1211 667 1289 703 sive
1309 664 1400 702 deus
1420 667 1498 704 sive
1517 665 1628 703 heros
1648 664 1805 710 dicatur,

321 731 482 769 debebat
509 730 582 768 hoc
611 732 699 783 ipsis
727 733 914 769 natalibus
952 732 1028 769 suis
1059 738 1096 768 et
1117 732 1160 768 iis
1176 734 1342 781 eventis,
1373 746 1470 785 quae
1491 733 1581 771 inde
1602 730 1804 771 consecuta

321 806 442 847 erant,
472 806 515 836 ut
534 799 656 837 scenis
675 801 800 849 sacris,
822 798 989 852 hymnis,
1011 797 1272 850 dithyrambis,
1294 798 1464 850 phallicis
1484 803 1714 839 carminibus
1734 814 1804 838 an-

320 868 478 918 tiquitus
498 868 765 905 celebraretur.
825 867 1032 905 Pausanias
1052 873 1182 903 autem
1199 879 1269 904 nos
1289 865 1411 916 docet,
1430 869 1540 919 Argis
1560 870 1731 906 locorum
1744 868 1804 906 vi-

320 936 474 972 cinitate
515 936 664 973 iunctos
693 936 807 972 fuisse
835 933 1032 971 Bacchum
1061 941 1174 986 atque
1203 933 1410 972 Adrastum
1438 936 1607 974 Corinth.
1638 939 1690 978 23
1720 937 1803 973 init.

319 1005 485 1055 vestigia
517 1005 597 1040 eius
627 1003 681 1039 rei
717 1001 867 1040 residua
896 1001 1075 1040 videntur
1100 1003 1140 1039 in
1169 1003 1264 1040 vasis
1293 1003 1527 1041 Graecorum
1546 1006 1674 1055 pictis,
1704 1017 1803 1056 quae

319 1073 428 1122 plura
448 1070 599 1108 Adrasti
618 1078 822 1123 utramque
842 1071 1036 1108 fortunam
1055 1068 1210 1107 habent.
1267 1072 1325 1107 De
1345 1085 1423 1109 uno
1443 1072 1595 1110 vasculo
1617 1070 1803 1122 discepta-

320 1145 403 1175 tum
422 1153 545 1190 nuper
564 1145 618 1176 est
639 1152 660 1175 a
682 1138 800 1177 doctis
819 1139 942 1186 Italis,
964 1139 1149 1176 referente
1169 1139 1315 1176 Millino
1336 1139 1376 1175 in
1404 1140 1490 1177 libr.
1509 1141 1654 1191 Magas.
1684 1152 1802 1190 ency—
1836 1162 1842 1167 »

317 1193 418 1257 clop.
443 1205 550 1247 1804
569 1219 608 1256 Ρ.
624 1208 706 1247 229
726 1219 834 1258 seqq.
890 1208 968 1243 Nec
984 1207 1056 1243 alia
1077 1205 1213 1244 desunt
1233 1214 1484 1244 monumenta
1505 1209 1592 1245 artis
1611 1206 1660 1244 ad
1678 1205 1803 1244 Adra-

316 1280 418 1311 stum
426 1274 666 1324 pertinentia,
687 1274 803 1323 velut,
824 1281 866 1312 ut
886 1273 959 1311 hoc
981 1281 1077 1322 utar,
1097 1287 1251 1324 gemma
1279 1276 1503 1327 perantiqua
1524 1274 1701 1313 Thebani
1714 1275 1803 1312 belli

317 1339 434 1378 duces
454 1341 602 1377 iunctos
623 1339 826 1390 exhibens,
856 1340 1075 1379 nominibus
1105 1341 1319 1394 adscriptis,
1348 1343 1388 1379 in
1408 1342 1547 1381 Lanzii
1561 1344 1680 1380 libro:
1702 1342 1801 1393 Sag-

317 1408 381 1459 gio
412 1406 451 1445 di
476 1408 607 1459 lingua
636 1411 786 1447 Etrusc.
813 1410 850 1446 Π
879 1411 956 1448 tab.
977 1411 1076 1459 VIII,
1097 1424 1157 1449 nr.
1187 1414 1213 1452 7
1235 1417 1272 1448 et
1292 1410 1394 1448 aliud
1424 1424 1537 1462 opus,
1569 1409 1673 1463 quod
1688 1410 1800 1447 Win-

317 1475 569 1515 ckelmannus
599 1478 744 1529 primus
773 1476 891 1515 edidit
918 1479 958 1515 in
978 1479 1062 1518 libr.
1093 1480 1335 1516 monumenti
1355 1478 1497 1517 antichi
1526 1477 1629 1516 ined.
1651 1478 1726 1516 tab.
1747 1478 1797 1519 83

316 1557 366 1580 ne
385 1545 495 1595 plura
514 1546 770 1583 memoren1.“
800 1568 850 1573 -—

432 1612 583 1660 „Sicuti
611 1613 727 1663 igitur
757 1613 938 1664 Aegyptii
960 1620 1099 1662 noctu,
1131 1615 1171 1651 in
1203 1615 1297 1652 urbe
1319 1615 1386 1652 Sai'
1405 1613 1453 1652 ad
1470 1614 1619 1662 lacum,
1648 1610 1797 1651 Osiridis

316 1691 474 1716 casuum
510 1680 677 1730 speciem
704 1681 988 1733 imaginemque
1017 1680 1291 1731 exhibuerunt3
1339 1684 1391 1719 ita
1429 1683 1551 1733 prisco
1593 1679 1796 1719 admodum

316 1760 411 1786 aevo
436 1748 607 1785 similiter
635 1754 771 1785 eventa
800 1747 987 1786 Bacchica
1009 1748 1259 1789 exhibuerant
1279 1750 1326 1788 ad
1346 1753 1561 1788 Lernaeum
1580 1750 1706 1787 lacum
1723 1749 1797 1785 Ar-

316 1816 407 1866 givi.
465 1813 559 1852 Inde
591 1816 742 1866 publice
767 1829 920 1869 quoque
957 1819 995 1854 iu
1024 1818 1126 1856 festis
1149 1818 1292 1856 Bacchi
1313 1818 1444 1857 diebus
1467 1819 1577 1866 talia,
1608 1830 1705 1870 qnae
1724 1828 1796 1867 pu-

315 1883 414 1919 blice
444 1883 615 1933 evulgari
644 1890 845 1934 poterant,
883 1885 969 1923 rudi
995 1888 1242 1940 incomtoque
1269 1886 1386 1925 modo
1416 1892 1692 1938 repraesentata
1711 1888 1796 1921 sunt

312 1952 353 1987 in
387 1952 485 2001 agris
514 1949 738 2003 oppidisque
767 1965 836 2002 per
855 1955 1071 1992 universam
1099 1956 1299 1993 Graeciam
1320 1963 1356 1993 et
1375 1956 1522 1992 Italiam
1542 1966 1648 2000 eam,
1681 1962 1796 2004 quam

311 2019 449 2055 Graeci
476 2017 707 2055 habitarunt.
763 2021 912 2057 Docent
945 2024 1108 2071 vascula,
1130 2024 1167 2059 in
1191 2025 1261 2060 illis
1281 2024 1451 2059 maxime
1470 2022 1543 2059 oris
1559 2032 1699 2070 magno
1721 2031 1797 2055 nu-

310 2099 418 2123 mero
450 2093 611 2137 reperta.
670 2086 815 2124 Verum
845 2087 935 2126 hinc
958 2089 1046 2127 inde
1076 2091 1256 2141 temporis
1277 2089 1435 2127 decursu
1455 2087 1528 2124 hoc
1553 2087 1621 2124 sibi
1641 2084 1797 2123 indulsit

311 2154 547 2190 Graecorum
568 2154 778 2203 ingenium,
810 2160 852 2193 ut
873 2155 1011 2195 Bacclu‘
1031 2159 1104 2194 loco
1123 2171 1208 2195 suos
1230 2156 1362 2192 heroas
1383 2151 1569 2200 τοπικοΰς
1589 2153 1686 2190 chori
1716 2157 1795 2191 tra·

313 2221 393 2266 gici
410 2220 564 2257 rudioris
589 2226 837 2270 argumentum
861 2223 1011 2272 faceret.
1071 2225 1197 2274 Atque
1219 2221 1290 2259 hoc
1309 2223 1434 2273 ipsum
1453 2223 1492 2258 in
1522 2220 1684 2259 Adrasto
1705 2234 1794 2259 eve-

313 2293 421 2322 nerat
449 2287 627 2338 Sicyone.
685 2289 791 2332 Quae
824 2291 952 2325 omnia
972 2290 1010 2325 in
1031 2302 1151 2326 unum
1172 2291 1328 2327 collecta
1347 2290 1434 2327 satis
1455 2287 1614 2327 docent:
1643 2293 1792 2327 veterum

312 2352 518 2400 religionum
538 2365 606 2390 uon
637 2354 727 2391 lianc
750 2358 907 2393 nativam
935 2370 978 2393 ac
998 2359 1247 2407 primigeniam
1272 2357 1419 2395 indolem
1443 2369 1534 2404 esse,
1555 2360 1594 2394 ut
1615 2369 1632 2394 e
1654 2356 1791 2406 regibus

312 2419 383 2455 sibi
402 2418 480 2455 cleos
502 2431 580 2455 suos
597 2421 784 2469 populares
806 2423 999 2473 effingunt,
1029 2438 1148 2462 verum
1178 2429 1220 2462 ut
1241 2425 1284 2462 ab
1308 2427 1412 2463 initio
1427 2428 1560 2476 ponant
1589 2425 1668 2463 deos
1688 2427 1790 2474 atque

313 2484 457 2532 leemas,
492 2486 667 2536 profectos
691 2501 708 2525 e
738 2493 856 2527 causis
887 2492 1112 2529 naturalibus
1136 2493 1307 2544 physicis,
1331 2497 1453 2544 postea
1474 2505 1552 2529 vero
1575 2506 1630 2529 eos
1648 2505 1787 2543 quoque,

314 2554 378 2602 qni
391 2556 469 2602 post
499 2553 669 2591 hominum
693 2559 889 2594 memoriam
907 2572 983 2596 cum
1005 2560 1110 2598 laude
1127 2562 1306 2610 vixerint,
1329 2573 1572 2611 nonnunquam
1587 2562 1786 2611 impertiant

312 2633 351 2656 eo
367 2620 475 2667 cultu,
509 2622 571 2670 qui
583 2623 628 2658 ab
647 2625 749 2661 initio
766 2629 998 2665 tantummodo
1026 2629 1096 2665 diis
1113 2634 1308 2666 reservatus
1327 2634 1414 2677 erat,
1446 2627 1654 2679 iisdemque
1674 2628 1786 2664 etiam

312 2687 352 2722 in
373 2689 570 2725 communi
590 2690 752 2730 universi
773 2696 903 2745 populi
923 2697 1161 2734 solemnitate
1185 2698 1332 2748 integer
1365 2704 1478 2750 atque
1498 2696 1658 2734 illibatus
1678 2695 1785 2733 dein-

313 2767 400 2805 ceps
419 2763 601 2798 servatur.
613 2759 638 2780 “
