1897 3340
523 165 998 204 POLYMNIA.
1056 165 1162 203 VII.

1395 175 1478 216 579

210 273 352 326 ρείου,
380 274 454 318 καὶ
475 272 741 332 Πρηξάσπης
762 273 786 319 ὁ
813 272 1095 326 Ἀσπαθίνεω,
1124 273 1199 317 καὶ
1217 274 1478 332 Μεγάβαζος

181 338 238 384 Ξὸ
269 341 558 399 Μεγαβάτεω,
590 343 661 386 καὶ
690 339 939 398 Ἀχαιμένης
969 340 993 384 ὁ
1023 343 1230 396 Δαρείου.
1290 347 1366 400 τῆς
1397 347 1475 399 μὲν

204 407 342 461 Ἰάδος
355 427 398 454 τε
422 412 496 455 καὶ
508 412 703 465 Καρικῆς
719 413 937 464 στρατιῆς,
967 407 1252 467 Ἀριαβίγνης,
1283 410 1475 466 ὁΔαρεί-

209 493 265 520 ου
286 494 331 521 τε
359 483 462 529 παῖς
489 479 563 522 καὶ
591 480 665 533 τῆς
694 476 915 533 Γωβρύεω
945 476 1192 533 θυγατρός·
1224 480 1478 535 Αἰγυπτίων
1489 489 1533 522 25

210 544 257 589 δὲ
287 545 536 601 ἐστρατήγεε
552 543 814 602 Ἀχαιμένης,
845 545 1011 600 Ξέρξεω
1031 545 1116 589 ἐών
1130 545 1199 590 ἄπ’
1215 545 1478 603 ἀμφοτέρων

208 610 428 669 ἀδελφεός·
458 616 534 669 τῆς
547 612 591 656 δὲ
613 611 744 668 ἄλλης
765 616 970 669 στρατιῆς
999 612 1292 670 ἐστρατήγεον
1314 618 1359 659 οἱ
1378 616 1475 660 δύο.

178 686 200 720 3
213 680 507 737 τριηκόντεροι
521 680 578 733 δὲ,
593 681 665 725 καὶ
675 680 1025 738 πεντηκόντεροι,
1037 682 1111 726 καὶ
1131 683 1380 738 κέρκουροι,
1402 685 1476 728 καὶ

205 748 434 804 ἱππαγωγοὶ
463 753 595 793 πλοῖα
623 749 770 807 μακροὶ
802 747 1077 794 συνελθόντα
1097 749 1141 803 ἐς
1169 749 1248 795 τὸν
1276 748 1473 808 ἀριθμὸν

340 956 432 1008 Cap.
453 956 610 998 XCVII.

200 1009 475 1065 Πρηξάσπης]
514 1015 620 1051 Alius
658 1015 807 1051 Prexa-

141 1081 225 1120 spes
263 1070 330 1118 111,
370 1073 436 1119 30,
459 1074 513 1112 62
550 1084 655 1123 seqq.
712 1072 807 1109 Mox

142 1138 275 1163 omnes
297 1135 484 1179 quantum
510 1129 587 1165 scio
607 1128 693 1164 libri
714 1131 806 1167 Με-

140 1178 334 1235 γαβαζος,·
377 1185 477 1223 conf.
509 1185 585 1232 IV,
623 1182 717 1224 ’.143
746 1186 805 1220 De

140 1238 362 1287 Achaemene,
387 1242 491 1276 Darii
506 1214 596 1290 filici,
615 1241 738 1288 cf.111‚
752 1243 804 1282 12

141 1302 179 1332 et
198 1302 295 1333 nott.
317 1270 365 1333 acl
384 1298 449 1346 ΙΙΙ,
480 1299 548 1338 88.
606 1297 680 1343 Qui
699 1296 804 1334 idem

138 1365 234 1389 mox
260 1362 418 1390 vocatur
450 1352 600 1406 Ξέρξεω
629 1351 709 1393 {cdv
736 1348 799 1393 οὔτ’

139 1402 379 1476 ἄμφοτέρων
402 1406 612 1460 οἷδελφεὸς,
627 1411 653 1447 i.
675 1424 708 1448 e.
724 1425 804 1450 πα-

137 1462 285 1518 τρόθεν
303 1465 370 1505 καὶ
389 1464 605 1520 μητρόθεν
626 1468 803 1517 geminus

136 1522 273 1571 frater,
305 1536 354 1559 ex
388 1537 465 1560 11110
497 1523 711 1576 eodemque
730 1537 803 1575 pa-

136 1584 194 1615 tre
223 1591 266 1616 ac
296 1587 418 1617 matre
456 1587 679 1631 prognatus.
738 1580 801 1618 Ad

136 1630 376 1688 οἷμφοτέρων
419 1637 613 1674 subaudiri
666 1638 801 1675 volunt

135 1691 282 1731 τοκέων
315 1706 344 1730 s-
376 1692 539 1745 γονέων.
598 1692 708 1731 Idem
739 1694 800 1731 di-

135 1747 248 1784 cendi
286 1762 407 1799 genus
447 1763 560 1802 supra
587 1752 652 1799 111,
675 1754 725 1791 31
763 1758 801 1788 et

136 1804 240 1856 apud
250 1806 493 1855 Pausaniam,
515 1807 701 1844 Herodoti
709 1808 800 1844 imi—

135 1867 300 1899 tatorem
327 1864 393 1912 111,
430 1862 456 1903 4
489 1865 527 1910 ξ.
560 1862 585 1903 5
614 1864 701 1901 coll.
719 1865 749 1912 I,
772 1867 799 1904 7

133 1917 218 1956 init.
274 1918 461 1957 Indicavit
509 1918 704 1957 Schaefer.
749 1919 799 1957 ad

63 1995 68 2005 ι
133 1975 330 2015 Lambert.
359 1978 449 2014 Bos.
469 1977 527 2014 De
550 1978 687 2029 ellipsS.
708 1990 797 2029 pag.

191 2090 374 2142 Καρικῆς
390 2090 592 2141 στρατιῆς]
610 2090 797 2127 Sancrof-

134 2145 163 2181 ti
182 2145 278 2182 liber
311 2145 482 2197 Καρίης.
533 2147 643 2184 Conf.
671 2149 798 2184 Hero-

135 2199 214 2238 dot.
243 2202 274 2249 Ι,
300 2204 375 2242 171
411 2209 447 2239 et
481 2202 668 2254 Stephan.
698 2206 796 2256 Byz.

135 2269 166 2294 s·
185 2270 222 2294 v.
246 2232 380 2323 Καρία
398 2271 487 2308 pag.
508 2259 603 2301 448.
641 2284 692 2288 —-
750 2263 796 2298 In

134 2325 241 2364 seqq.
264 2312 306 2351 οἷ
331 2309 405 2352 δύο
423 2322 510 2352 sunt
531 2315 731 2370 Prexaspes
760 2324 797 2355 et

135 2367 374 2418 Megabazus.

190 2434 260 2476 καὶ
286 2434 522 2488 κέρκουροι]
573 2438 702 2476 Genus
743 2447 798 2478 est

136 2494 294 2531 navium
306 2494 524 2531 breviorum
546 2507 588 2530 ac
597 2495 796 2545 leviorum,

137 2551 266 2601 quales
305 2550 367 2587 vel
402 2550 530 2601 Cyprii
558 2552 798 2600 invenerunt,

136 2612 180 2642 ut
210 2607 261 2644 ait
289 2607 391 2645 Plin.
425 2608 474 2645 H.
502 2607 550 2643 N.
578 2607 659 2655 VII,
689 2607 742 2648 57
764 2621 799 2646 c.

136 2661 218 2711 fin„
237 2663 299 2701 vel
317 2663 466 2700 incolae
487 2663 633 2700 insulae
654 2663 800 2716 Corcy-

139 2730 226 2767 rae,
247 2726 290 2756 ut
310 2719 448 2758 Suidas
467 2719 581 2757 tradit
599 2721 635 2755 11
654 2723 798 2770 p.3oO‚

140 2775 207 2827 qui
221 2776 333 2827 plura
352 2775 474 2816 affert.
531 2775 634 2817 Add.
667 2775 799 2816 Schol.

865 955 987 995 Vatic.
1008 953 1056 992 ad
1075 954 1204 994 Rufin.
1223 957 1356 1009 Epigr.
1369 959 1529 997 inAna-

862 1013 967 1055 lectt.
997 1011 1170 1052 Brunck.
1211 1014 1262 1055 T.
1293 1017 1329 1052 II
1358 1029 1396 1066 p.
1431 1015 1527 1058 349.

861 1070 1083 1122 Etymolog.
1098 1083 1230 1120 magn.
1242 1085 1281 1122 p.
1296 1072 1401 1142 5506:
1425 1071 1529 1141 Κέρ-

864 1138 1033 1177 κουρος’
1065 1123 1109 1166 τό
1133 1125 1291 1187 μακράν
1312 1127 1402 1179 ε’χον
1422 1127 1528 1182 πρύ-

863 1198 967 1235 μναν
997 1179 1153 1233 σκαφος
1184 1191 1221 1221 et
1251 1180 1357 1232 εἶδος
1380 1187 1526 1226 πλοίου

862 1238 1040 1292 βραχέος.
1095 1240 1201 1284 Quae
1222 1240 1358 1278 eadem
1378 1249 1528 1282 exstant

860 1296 962 1348 apud
983 1298 1125 1338 Zonar,
1144 1310 1233 1348 pag.
1258 1300 1386 1346 11863
1417 1299 1525 1351 apud

858 1354 1201 1404 Harpocrationem
1220 1355 1275 1390 nil
1300 1355 1440 1405 legitur
1460 1357 1527 1394 ni-

859 1411 911 1447 si:
941 1407 1177 1460 κέρκουρος·
1209 1407 1313 1457 εἶδός
1342 1427 1379 1450 τι
1408 1409 1524 1462 νειός,

859 1465 962 1517 apud
992 1464 1159 1517 Hesych.
1188 1468 1223 1502 H
1244 1481 1282 1517 p.
1305 1468 1386 1509 735
1419 1466 1525 1517 εἶδος

857 1523 1014 1570 πλοίου,
1036 1523 1101 1558 ubi
1120 1523 1229 1572 plura
1242 1525 1524 1564 attulitAlberti

858 1578 906 1617 de
923 1578 1070 1617 diverso
1090 1579 1279 1617 scribendi
1294 1580 1411 1619 modo
1432 1581 1524 1636 κέρ-

856 1650 1003 1688 κουρος
1025 1642 1062 1672 et
1089 1639 1309 1689 κερκοῦρος
1345 1652 1523 1677 monens.

855 1691 959 1730 Add.
1002 1691 1187 1743 Stephan.
1227 1692 1347 1732 Thes.
1376 1696 1396 1731 I
1432 1709 1523 1747 pag.

855 1750 1046 1786 DXXXII
1072 1748 1132 1787 ed.
1162 1750 1286 1802 Valpy
1307 1758 1343 1787 et
1362 1752 1521 1791 Diodor.

855 1807 933 1844 Sic.
954 1807 1153 1856 Excerptt.
1174 1807 1259 1843 libri
1286 1808 1418 1844 XXIV
1437 1810 1521 1847 init.

854 1861 968 1899 Unde
1008 1861 1110 1913 apud
1143 1864 1296 1900 Livium
1335 1866 1522 1914 XXXIII,

858 1921 909 1959 19
933 1919 1038 1968 (coll.
1068 1920 1212 1968 XXIII,
1235 1918 1330 1970 34):
1370 1922 1522 1970 „levio—

854 1976 957 2013 ribus
1000 1976 1159 2026 navigiis
1207 1979 1428 2029 cercurisque
1476 1992 1521 2017 ao

855 2033 1014 2070 lembz's.“
1049 2033 1149 2070 Sunt
1168 2040 1298 2069 autem
1328 2034 1431 2073 lembi
1447 2049 1521 2073 na-

853 2090 1002 2127 viculae
1032 2089 1163 2126 breves
1195 2091 1438 2141 piscatoriae,
1476 2099 1521 2130 ut

855 2145 966 2183 docet
981 2147 1127 2183 Nonius
1147 2147 1348 2185 Marcellus
1368 2162 1406 2199 p.
1421 2148 1518 2197 534,

856 2204 922 2255 qui
941 2201 1044 2239 idem
1058 2202 1161 2255 quod
1181 2217 1270 2254 pag.
1283 2204 1362 2245 533
1376 2204 1492 2243 habet
1504 2218 1517 2244 :

855 2260 1061 2308 „Cercurus
1072 2261 1178 2298 navis
1188 2268 1242 2298 est
1251 2261 1393 2298 Asiana
1403 2275 1519 2313 prae-

853 2315 1007 2366 grandis
1025 2317 1049 2336 ‘⁴
1101 2318 1220 2355 citans
1257 2319 1450 2355 Lucilium
1475 2320 1517 2356 in

854 2373 968 2411 Satir.
987 2373 1072 2410 libr.
1092 2375 1180 2411 VIII
1192 2382 1229 2411 et
1238 2376 1328 2413 XIV
1342 2388 1385 2413 ac
1397 2376 1518 2412 Plau-

852 2436 936 2467 tum
955 2431 996 2466 in
1016 2429 1138 2468 Stich.
1158 2433 1205 2479 ΙΙ,
1228 2434 1266 2479 2,
1283 2434 1333 2472 13
1355 2439 1392 2469 et
1411 2434 1517 2469 Mer-

854 2493 926 2523 cat.
946 2487 976 2533 Ῑ,
1008 2488 1043 2534 1,
1074 2490 1141 2535 86,
1169 2489 1235 2525 vix
1263 2496 1365 2525 recte
1396 2488 1517 2525 tradi-

855 2541 909 2578 dit
937 2543 1008 2578 nisi
1028 2551 1227 2596 corruptus
1256 2544 1305 2582 ad
1331 2557 1402 2582 nos
1420 2558 1514 2597 per-

853 2599 959 2636 venit
978 2605 1117 2638 textus.

912 2664 1122 2721 ἱππαγωγοὶ
1170 2670 1290 2708 πλοῖα
1342 2663 1473 2719 μακρά
1493 2667 1514 2716 ]

856 2722 965 2761 Conf.
995 2725 1060 2774 VI,
1093 2723 1161 2766 48.
1198 2726 1279 2771 VII,
1300 2727 1349 2764 21
1384 2724 1515 2776 ibique

855 2779 979 2821 allata.
1037 2779 1100 2818 Ad
1119 2777 1249 2858 ε’φοῖζη
1271 2781 1311 2816 in
1330 2792 1436 2832 seqq.
1463 2779 1513 2818 cf.

1137 2840 1189 2877 37
