1897 3340
427 244 511 284 202
834 245 1291 283 HERODOTI

427 352 496 394 τοὶ
526 351 572 395 δὲ
600 349 835 407 ἀνέβαινον
870 354 978 408 χειρὶ
1006 358 1159 410 πολλῇ,
1187 353 1440 409 ποιεύμενοι
1462 353 1689 410 Ἐφεσίους

396 417 643 474 Ξὴγεμόνας
670 422 743 475 τῆς
772 417 894 463 ὁδοῦ.
945 421 1236 476 πορευόμενοι
1265 422 1309 464 ὁὲ-
1340 422 1459 475 napo?
1487 424 1689 479 ποταμόν

428 485 703 541 Καΰστριον,
742 487 945 532 ἐνθεῦτεν
975 487 1065 530 ἐπεί
1093 505 1137 531 τε
1166 487 1431 544 ὑπερβάντες
1461 490 1537 534 τὸν
1570 495 1689 546 Τμῶ-

426 558 507 598 λον
536 551 764 606 ἀπίκοντο,
797 557 992 610 αἱρέουσι
1015 555 1195 610 Σάρδις,
1227 555 1408 607 ου’δενός
1428 569 1507 613 σφι
1537 556 1689 601 aivum·

427 622 605 674 θέντος·
643 621 841 676 αἱρέουσι
887 623 934 666 δὲ
973 622 1104 678 χωρὶς
1142 627 1218 678 τῆς
1254 622 1516 678 ἀκροπόλιος
1553 625 1689 670 τᾶλλα

368 829 440 854 nus
460 829 549 854 cum
569 817 649 853 aliis
670 811 858 868 Κορήσω.
912 816 1028 868 Apud

368 871 524 912 Diodor.
555 873 665 917 XIV,
707 873 759 912 99
789 885 893 910 nunc
927 881 1027 911 recte

368 928 487 966 edunt
522 924 780 995 Κόρησσον,
795 925 891 980 ι’)’ρος
919 928 1025 982 υψη-

367 983 438 1024 λόν
456 987 529 1036 τῆς
552 979 724 1034 Ἑφέσου
754 979 900 1036 α’πέχον
932 998 1025 1025 στα-

367 1042 481 1088 δίονς
519 1053 825 1092 τεσσαρακοντα.
900 1043 1026 1080 Mi11us

366 1098 475 1144 bene,
496 1104 538 1133 ut
549 1098 601 1134 ibi
610 1104 767 1134 annotat
778 1099 1024 1150 Wesseling.,

364 1153 467 1204 apud
496 1154 675 1192 Strabon.
705 1155 796 1192 XIV
823 1168 911 1207 pag.
944 1156 1024 1197 634

363 1224 392 1248 s
416 1210 559 1251 9403.
585 1207 815 1263 Κορισσόν.
871 1211 934 1249 Ad
954 1225 1025 1263 ge-

363 1269 417 1303 uit
420 1269 527 1304 ivum
545 1262 729 1317 Ἐφεσίης
759 1268 861 1306 conf.
886 1268 1023 1307 Matth.

363 1325 429 1360 Gr.
451 1325 516 1361 Gr.
539 1337 627 1375 pag.
652 1326 747 1366 629-

419 1378 652 1431 ποιεύμενοι
693 1378 901 1429 Ἐφεσίους
933 1396 1025 1434 nys-

349 1434 514 1488 μόνας]
555 1436 691 1474 Adieci
715 1435 773 1473 his
800 1438 923 1475 verbis
954 1441 1025 1488 τῆς

360 1492 469 1542 ὁδοῦ,
501 1495 616 1544 vulgo
636 1495 774 1530 omissa
803 1496 1025 1532 auctoritate

361 1549 446 1588 cod.
485 1551 695 1587 Florentini
725 1557 761 1587 et
791 1551 907 1587 trium
928 1553 1025 1588 alio-

361 1620 448 1644 rum
469 1606 581 1643 codd.
641 1607 751 1644 Conf.
772 1607 882 1654 VIII,
912 1610 962 1648 31
987 1615 1025 1645 et

361 1670 456 1700 nott.
479 1662 527 1699 ad
544 1664 589 1709 V,
615 1661 677 1702 14.
708 1664 887 1699 Fluvium
908 1660 1023 1702 Καΰ-

361 1731 495 1771 στριον
516 1720 555 1755 iu
578 1720 757 1756 Cilbianis
775 1720 871 1769 iugis
895 1727 1022 1757 ortum

360 1777 578 1827 multosque
616 1777 715 1812 rivos
752 1789 884 1814 secum
916 1776 1021 1813 defe-

360 1839 519 1879 rentem,
543 1839 635 1869 teste
655 1833 755 1869 Plin.
772 1834 821 1869 H.
841 1835 888 1870 N.
901 1834 944 1880 V,
967 1837 1026 1874 29·

358 1890 464 1939 (31),
487 1896 524 1926 et
543 1902 611 1939 per
633 1889 797 1940 Campos
819 1890 1020 1941 Caystrios,

358 1947 424 1998 qui
454 1952 656 1993 vocantur,
697 1945 744 1982 ad
780 1959 885 1982 mare
913 1945 1021 1983 dela-

358 2004 533 2048 bentem,
574 2015 692 2053 prope
734 2001 932 2052 Ephesum
972 2002 1022 2039 ad

357 2060 670 2109 septemtrionem
712 2061 799 2096 satis
848 2060 1019 2096 celebra-

358 2123 447 2152 runt
492 2123 657 2163 veteres,
700 2129 771 2166 ch„
751 2128 915 2152 cnorum
954 2129 1018 2152 re-

358 2173 614 2222 ceptaculum.
681 2172 765 2211 vid.
803 2172 929 2209 Strab.

358 2229 424 2265 fin.
455 2230 547 2264 XJII
580 2241 668 2278 pag.
696 2231 776 2270 626
805 2242 835 2265 S·
867 2230 947 2270 929
960 2174 1018 2265 IAX·

357 2286 438 2325 930
454 2285 482 2321 C
505 2282 550 2336 (s.
573 2286 686 2333 627).
715 2299 753 2336 p.
773 2285 868 2325 650.
888 2299 917 2321 s.
937 2287 1014 2325 961

358 2341 388 2377 C
407 2355 487 2393 seq.
509 2348 546 2378 et
578 2342 742 2392 reliquos
763 2348 936 2378 veterum
959 2342 1018 2377 lo-

357 2411 421 2434 cos
451 2397 552 2448 apud
591 2396 808 2436 Tzschuck.
842 2399 882 2434 iu
921 2404 1016 2434 nott.

359 2462 523 2503 exegett.
557 2454 660 2502 (vol.
692 2456 758 2490 111.
787 2456 830 2493 Ρ.
862 2456 897 2502 Ι)
930 2466 1018 2504 pag.

356 2509 438 2551 494
460 2524 564 2562 seqq.
597 2510 645 2546 ad
680 2511 769 2547 Mel.
798 2513 827 2558 Ι,
853 2513 902 2550 17
925 2513 961 2556 §.
992 2513 1018 2550 2

357 2567 443 2604 coll.
475 2569 663 2603 Mannert.
694 2565 912 2617 Geograph.
956 2567 1016 2613 vl,

358 2626 382 2664 3
404 2637 492 2674 pag.
521 2626 617 2664 306.
656 2622 859 2660 Chandlvr.
882 2623 1017 2659 nois-en

358 2680 397 2716 iu
448 2681 662 2716 Kleinasien
705 2693 788 2730 cap.
832 2680 1018 2715 xxxx'll

356 2749 444 2786 pag.
469 2739 546 2777 186
559 2750 664 2788 seqq.
698 2735 768 2773 Cr.
791 2735 893 2772 addit
916 2737 957 2772 C.
971 2738 1016 2774 B.

356 2794 455 2830 Hase
473 2792 518 2830 ad
532 2795 651 2830 Leon.
664 2794 822 2829 Diacon.
833 2807 869 2843 p.
888 2795 964 2833 188
974 2793 1016 2828 C.

356 2851 466 2887 Nunc
501 2850 627 2888 vocari
654 2862 809 2886 amnem
839 2848 969 2886 dicunt
998 2862 1017 2885 a

1085 818 1222 855 Turcis
1254 817 1420 855 Kutclmk
1449 817 1617 867 Minder,
1664 820 1690 857 i.
1722 832 1743 856 e

1084 873 1324 912 Maeandrum
1338 887 1508 924 parvum,
1546 888 1568 911 a
1589 877 1743 913 Graecis

1083 930 1294 978 Kana-Su,
1324 931 1348 967 i.
1372 944 1404 967 e.
1437 944 1567 980 aquam
1587 934 1742 980 nigram.

1082 987 1159 1023 Alii
1199 1000 1288 1022 eum
1319 1000 1422 1023 nuuc
1454 988 1582 1024 vocari
1620 987 1742 1035 Chias,

1083 1044 1145 1079 alii
1195 1043 1320 1081 Chaicz'
1363 1042 1537 1091 tradunt,
1586 1051 1742 1081 notante

1083 1100 1192 1136 Gallo
1221 1099 1332 1137 docto
1361 1101 1441 1138 viro
1471 1099 1519 1136 ad
1539 1100 1638 1137 Plin.
1667 1101 1742 1139 1.1.

1082 1157 1134 1193 T.
1153 1157 1206 1193 IV
1225 1170 1264 1207 p.
1282 1158 1362 1197 381
1387 1155 1654 1205 Panckouck.,
1669 1158 1743 1195 nisi

1080 1211 1154 1249 hoc
1175 1219 1382 1264 utrumque
1411 1227 1460 1250 ex
1487 1214 1550 1250 illa
1572 1215 1743 1265 appella—

1080 1270 1203 1317 tione,
1242 1283 1339 1322 quae
1367 1269 1635 1320 indigenarum
1663 1283 1743 1307 esse

1081 1325 1222 1372 fertur,
1302 1325 1552 1377 depravatum
1610 1328 1743 1364 existi-

1080 1389 1218 1421 metur.

1139 1436 1318 1489 αἱρέουσι
1381 1433 1569 1488 Σάρδις]
1640 1438 1742 1476 Solis

1080 1494 1373 1531 Atheniensibus
1401 1493 1583 1532 Sardium
1617 1507 1743 1546 expu-

1080 1552 1305 1601 gnationem
1315 1552 1445 1588 tribuit
1457 1549 1608 1588 Charon
1622 1553 1743 1588 Lam-

1080 1620 1264 1658 psacenus
1295 1606 1397 1657 apud
1425 1606 1674 1658 Pseudoplut.
1706 1609 1742 1645 Π

1079 1677 1118 1714 p.
1140 1666 1218 1705 861
1239 1665 1311 1711 -D.3
1338 1664 1615 1701 Eretriensibus
1635 1663 1741 1701 vide-

1078 1727 1139 1757 tur
1158 1720 1329 1757 tribuisse
1352 1721 1555 1771 Lysanias,
1583 1727 1742 1758 notante

1077 1775 1276 1824 Valcken„
1315 1778 1380 1828 qui
1410 1776 1556 1813 confert
1583 1776 1741 1815 Aristid.

1077 1835 1134 1870 De
1153 1831 1396 1870 Athenienss.
1417 1834 1466 1869 Τ.
1485 1834 1503 1869 Ι
1531 1845 1618 1883 pag.
1643 1836 1742 1874 209.

1133 1887 1251 1940 χωρὶς
1272 1891 1343 1939 τῆς
1364 1883 1619 1940 ἀκροπόλιος]
1652 1890 1742 1927 Sar-

1077 1944 1185 1982 diiun
1205 1958 1273 1982 arx
1292 1946 1390 1982 bene
1400 1946 1549 1982 munita
1567 1945 1741 1998 adeoque

1075 2003 1382 2052 inexpugnabilis
1420 2000 1649 2049 habebatur,
1697 2009 1740 2040 ut

1076 2058 1238 2095 vidimus
1273 2060 1302 2105 Ι,
1334 2061 1411 2106 84,
1446 2071 1567 2110 eaque
1586 2059 1648 2096 vel
1666 2072 1740 2109 po·

1075 2115 1290 2152 sterioribus
1311 2116 1546 2166 temporibus
1567 2128 1646 2152 uon
1666 2116 1739 2153 nisi

1076 2170 1163 2208 dolo
1185 2178 1312 2208 arteve
1340 2179 1405 2208 aut
1433 2171 1646 2222 proditione
1668 2185 1739 2209 ex-

1074 2234 1243 2278 pugnata
1262 2228 1374 2264 fuisse
1394 2227 1573 2277 traditur,
1602 2227 1650 2266 ad
1671 2241 1738 2266 ca-

1075 2285 1196 2335 ptivos
1226 2297 1268 2320 ac
1303 2282 1495 2321 thesauros
1516 2284 1738 2322 custodien-

1075 2340 1143 2377 dos
1164 2341 1227 2376 illa
1250 2339 1404 2392 quidem
1432 2342 1635 2391 aptissima.
1679 2343 1737 2378 De

1075 2410 1150 2449 qua
1171 2410 1256 2434 arce
1278 2398 1555 2434 accuratissime
1577 2399 1653 2447 egit
1673 2396 1735 2434 hi-

1073 2454 1303 2505 storiamque
1325 2455 1401 2489 eius
1423 2455 1529 2504 quasi
1564 2453 1737 2490 exhibuit

1076 2509 1335 2547 Hemsterhus.
1367 2509 1415 2547 ad
1434 2511 1593 2546 Luciau.
1616 2511 1666 2546 T.
1683 2512 1735 2546 111

1076 2580 1160 2617 pag.
1204 2568 1286 2608 385
1316 2580 1395 2617 seq.
1429 2579 1597 2618 quocum
1634 2567 1737 2604 conf.

1075 2625 1262 2660 Mammrt.
1308 2624 1448 2673 Geogr.
1486 2624 1549 2670 Vl,
1581 2626 1606 2663 3
1647 2636 1736 2674 pag.

1075 2681 1170 2720 359.
1194 2682 1287 2720 360.
1346 2681 1443 2716 Nam
1473 2681 1542 2716 sita
1571 2687 1649 2716 erat
1672 2681 1736 2717 illa

1075 2750 1141 2772 arx
1163 2737 1200 2772 iu
1223 2742 1356 2773 moute
1376 2737 1427 2772 ita
1448 2735 1549 2773 edito
1570 2749 1613 2773 ac
1624 2749 1736 2787 prae-

1075 2794 1190 2843 cipiti,
1213 2800 1254 2828 ut
1275 2794 1338 2829 vix
1359 2793 1439 2829 sine
1460 2794 1538 2829 ullo
1567 2793 1735 2844 periculo

1075 2848 1276 2886 escendere
1298 2850 1413 2900 possis
1428 2878 1438 2897 ,
1475 2850 1665 2902 simulque
1687 2850 1735 2886 ita
