1897 3340
455 251 512 290 84
849 245 1307 284 HERODOTI

457 356 761 411 τιθευσόμενοι
795 354 1009 410 Ἑλλήνων
1047 350 1238 406 ἐξεῖργόν
1276 367 1375 406 μιν,
1417 350 1608 406 φάμενοι
1648 349 1735 394 ού5

457 422 693 481 βαρβάρων
724 422 993 477 ἀγωνιστέων
1021 418 1134 463 εἶναι
1170 418 1248 463 τόν
1276 417 1446 474 ἀγῶνα,
1486 417 1595 461 ἀλλὰ
1618 417 1708 461 Ἑλ-

430 491 618 547 3λήνων.
672 489 945 544 Ἀλέξανδρος
974 487 1039 540 δὲ,
1071 483 1214 542 ἐπειδή
1245 483 1418 537 α’πέδεξε
1447 483 1505 536 ὥς
1534 487 1598 541 εἴη
1618 483 1708 540 Ἀρ-

406 657 460 688 est
480 650 615 688 vocula
637 647 679 689 ἐν
707 663 727 686 a
748 656 910 702 quatuor
938 647 1050 684 libris.

403 709 553 744 Tuetur
589 705 885 756 VVesselingius,
937 704 1052 740 citans

399 765 447 811 11,
472 766 562 803 160.
585 763 682 809 vul,
706 762 797 802 134.
838 762 908 806 Qu
912 759 946 797 »d
963 771 1052 796 vero

402 832 470 871 pro
488 814 716 868 Ἑλληνων
706 832 744 854 1n
763 818 930 869 pluribus
950 816 1053 852 libris

402 876 555 913 vetustis
576 881 696 910 exstat
713 873 994 938 Ἑλληνοδίκαι,
1014 869 1055 907 id

401 946 421 968 e
451 929 592 968 scholio
625 931 664 966 in
693 936 841 966 textum
869 929 1055 979 iirepsisse

402 994 500 1024 recte
539 993 699 1022 monent
737 987 966 1035 Wesseling.
1019 990 1055 1020 et

400 1042 583 1081 Valckeu.
649 1043 748 1078 Nam
783 1043 847 1094 qui
881 1041 1055 1093 Olympi-

402 1112 491 1136 cum
520 1105 711 1136 certamen
744 1105 876 1135 curant
908 1097 1054 1144 Graeci,

399 1158 425 1192 ii
445 1168 534 1192 saue
553 1162 638 1192 sunt
654 1153 919 1201 Hellanodicae,
941 1166 1053 1205 prae—

397 1211 495 1249 sides
541 1210 719 1248 ludoriun
765 1211 1051 1261 Olympicorum

398 1268 725 1318 certaminumque
762 1266 916 1304 iudices.
994 1267 1051 1302 De

399 1325 535 1376 quibus
554 1322 631 1360 vid.
645 1324 807 1359 Pausan.
830 1324 874 1369 V,
896 1324 920 1362 9
943 1323 979 1366 §.
1010 1321 1049 1361 4.

400 1381 438 1421 5.
459 1380 523 1426 Vl,
545 1382 583 1420 3.
606 1381 671 1425 24,
693 1379 820 1430 ibique
840 1379 1049 1428 interprett.

379 1437 485 1473 ·coll.
516 1448 591 1471 van
620 1435 716 1471 Dale
739 1437 892 1472 Dissert.
922 1435 1002 1481 vll,
1028 1438 1047 1474 1

399 1504 486 1542 pag·
517 1491 715 1542 509*Seq·
754 1491 835 1530 519
864 1503 942 1541 seq.
1008 1491 1053 1525 In

399 1547 562 1583 Palatini
591 1545 728 1583 codicis
755 1547 952 1595 Excerptis
984 1558 1055 1580 ex-

398 1609 490 1641 stat:
526 1601 567 1640 οἱ
583 1603 664 1639 ταῖν
686 1596 822 1652 ἀγῶνα
843 1603 921 1639 τῶν
935 1595 1054 1651 ὄλυμ-

399 1659 505 1698 πίων
548 1655 750 1703 διέποντες
793 1655 1052 1707 ἓλληνοδίκαι.

401 1736 457 1742 —
476 1715 533 1750 De
553 1713 670 1750 verbo
693 1711 841 1752 διεπειν
863 1713 964 1749 conf.
985 1713 1053 1760 ΙΙΙ,

401 1771 469 1812 53.
489 1770 552 1816 VI,
577 1771 669 1809 107.
716 1768 778 1804 Ad
805 1769 918 1805 verba
948 1782 1053 1820 seqq.

397 1820 658 1875 Ἀλεξανδρου
667 1820 740 1876 γάρ
755 1819 962 1864 &eamdem
973 1823 1054 1864 ἕλο-

401 1880 522 1933 μένου
535 1881 600 1920 καὶ
613 1876 858 1932 καταβάντος
871 1900 919 1908 -
935 1880 1056 1932 ἐξεῖρ-

398 1934 468 1989 γόν
499 1951 566 1987 μιν
598 1936 699 1973 conf.
730 1934 865 1973 Matth.
901 1938 965 1973 Gr.
989 1938 1055 1974 Gr.

401 1995 439 2040 ᾧ.
463 1993 540 2034 561
564 2005 652 2043 pag·
677 1995 795 2040 1108,
825 1993 873 2029 Ob
902 1994 1057 2043 partici-

401 2050 454 2100 pii
499 2061 633 2094 usmn3
678 2049 932 2100 καταβαίνειν
961 2047 1058 2085 mihi

403 2111 457 2142 est
486 2104 684 2142 descendere
720 2106 756 2141 in
789 2117 942 2141 arenam.
998 2105 1055 2141 Cf.

404 2161 484 2207 VII,
506 2163 531 2201 9
553 2162 589 2205 ξ.
603 2163 641 2200 2.
663 2157 852 2199 κατιέναι.
882 2162 961 2197 Nisi
973 2163 1056 2212 quis

404 2217 526 2254 latiori
545 2215 757 2265 significatu
778 2215 825 2253 de
857 2229 900 2253 eo
937 2219 1055 2268 accipi

404 2274 513 2319 velit,
546 2274 610 2324 qui
632 2271 678 2308 <le
699 2274 881 2323 superiori
901 2275 1056 2323 regione

404 2328 452 2365 ad
473 2330 601 2379 plagas
621 2328 834 2374 inferiores,
863 2332 956 2365 mari
988 2329 1058 2366 ad-

404 2386 489 2422 sitas
520 2398 562 2421 ac
589 2385 717 2434 planas
737 2383 878 2431 tendit,
915 2393 954 2421 ut
977 2387 1056 2432 Vll,

405 2443 472 2487 20,
501 2443 567 2482 28.
608 2439 780 2492 ἐξεῖργον
807 2442 1056 2492 interpretor:

404 2509 522 2533 arcere
539 2497 751 2533 nitebantur.
809 2498 905 2534 Nam
927 2499 1059 2534 trustra

404 2553 489 2589 illos
520 2553 637 2602 egisse
656 2559 864 2590 monstrant
893 2566 1058 2605 sequen-

405 2609 482 2645 tia:
531 2603 782 2659 Ἀλέξανδρος
814 2606 878 2657 δὲ,
919 2607 1055 2660 ἐπειδη

406 2661 558 2711 ἐπέδεξε
579 2679 631 2710 ως
652 2663 711 2714 εἰή
728 2661 920 2716 Ἀργεῖος,
951 2665 1056 2716 ἐκρί-

406 2723 465 2769 θη
484 2733 524 2758 τε
547 2715 668 2758 εἶναι
668 2716 804 2771 Έλλην
826 2736 860 2760 κ.
879 2736 910 2759 τ.
929 2724 959 2759 λ.
1000 2724 1056 2758 De

409 2787 485 2827 quo
519 2775 727 2827 imperfecti
765 2790 835 2813 usu
869 2779 1055 2814 monitum

407 2837 461 2868 est
482 2829 530 2868 ad
548 2833 577 2878 Ι,
600 2834 664 2872 68.

1164 642 1302 696 ἐπειδή
1332 639 1494 692 ἐπέδεξε
1520 642 1574 692 ὥς
1594 644 1655 695 εἴη
1673 639 1763 696 Ἀρ-

1109 703 1214 752 γεῖος
1235 701 1253 749 ]
1320 700 1542 738 Ostenderat
1579 702 1762 737 nimirum

1108 755 1352 804 Perdiccam,
1374 769 1396 792 a
1417 770 1492 808 quo
1513 769 1633 807 genus
1652 770 1763 794 suum

1110 811 1296 860 ducebat,
1325 814 1467 863 Argiva
1494 815 1608 864 stirpe
1633 815 1764 850 oriun-

1111 868 1205 907 dum
1228 882 1306 906 esse
1335 876 1371 906 et
1400 869 1607 906 Heraclidis
1627 882 1763 907 accen-

1109 927 1204 963 seri:
1228 925 1274 962 de
1297 938 1371 977 qno
1392 926 1500 977 plura
1510 927 1645 962 Noster
1663 927 1763 973 VIII,

1113 985 1206 1023 137.
1277 981 1388 1018 Unde
1427 995 1661 1034 consequens
1697 989 1763 1030 est,

1110 1039 1246 1088 vulgus
1265 1036 1522 1075 Macedonum
1544 1039 1575 1075 si
1595 1039 1766 1075 Graeco-

1110 1108 1197 1131 rum
1228 1108 1248 1131 e
1278 1096 1463 1132 sententia
1491 1095 1671 1131 barbarae
1710 1101 1765 1132 est

1111 1152 1285 1201 originis,
1320 1164 1426 1202 reges
1445 1158 1575 1188 tamen
1595 1164 1683 1189 vere
1695 1164 1763 1202 pro

1109 1209 1261 1244 Graecis
1280 1206 1475 1244 habendos
1506 1221 1607 1255 esse,
1638 1208 1765 1258 prouti

1107 1263 1442 1300 Hellanodicarum
1461 1264 1547 1300 tulit
1565 1265 1763 1301 sententia.

1107 1322 1240 1371 Itaque
1258 1333 1338 1356 non
1358 1320 1430 1357 nisi
1451 1319 1539 1357 odio
1569 1327 1683 1371 atque
1703 1321 1766 1356 iu-

1107 1376 1209 1414 vidia
1237 1374 1388 1413 summ&
1417 1377 1600 1413 excitatus
1621 1377 1768 1413 Demo-

1110 1432 1281 1479 sthenes,
1327 1430 1549 1483 Philippum
1584 1432 1767 1469 Macedo-

1109 1502 1200 1525 nem
1211 1495 1408 1539 tamquam
1419 1489 1622 1525 barbarum
1634 1488 1766 1526 tradu*

1111 1557 1196 1580 cere
1221 1545 1402 1595 omnique
1418 1545 1678 1581 conviciorum
1697 1558 1767 1595 ge-

1110 1613 1201 1635 nere
1238 1601 1413 1636 insectari
1467 1601 1603 1651 potuit.
1679 1601 1765 1638 Vid.

1110 1654 1278 1706 Philipp.
1311 1657 1364 1692 111
1393 1668 1481 1706 pag.
1518 1658 1596 1696 119
1635 1658 1671 1703 ξ.
1699 1660 1764 1697 31.

1112 1711 1269 1756 Olynth.
1290 1713 1344 1748 III
1370 1725 1407 1762 p.
1440 1715 1491 1752 33
1523 1713 1559 1757 §.
1597 1715 1660 1760 16,
1701 1714 1767 1749 ubi

1111 1769 1329 1805 consulatur
1357 1769 1544 1805 Voemelii
1573 1771 1767 1806 annotatio

1110 1837 1198 1875 pag.
1241 1827 1317 1865 126
1353 1837 1432 1876 seq.
1489 1826 1623 1876 Neque
1664 1827 1767 1862 enim

1110 1894 1213 1917 nuuc
1241 1887 1349 1918 vacat
1377 1882 1589 1932 inquirere,
1635 1881 1767 1919 Mace-

1112 1936 1229 1974 dones
1250 1944 1378 1973 utrum
1392 1937 1537 1974 Graeca
1557 1950 1605 1974 an
1616 1939 1765 1990 Illyrica

1114 1992 1233 2030 aliave
1270 2006 1419 2044 prorsus
1460 1995 1575 2044 stirpe
1612 1995 1770 2042 fuerint,-

1113 2050 1264 2086 Graecis
1284 2056 1433 2086 tantum
1450 2048 1640 2088 admixtis.
1680 2052 1765 2088 Alia

1111 2112 1284 2143 veterum
1303 2106 1516 2143 testimonia
1544 2106 1592 2144 de
1621 2108 1766 2144 Graeca

1111 2163 1171 2199 vel
1190 2164 1312 2212 potius
1328 2163 1469 2213 Argiva
1490 2176 1625 2213 regum
1635 2165 1767 2202 Mace-

1112 2217 1249 2254 doniae
1281 2219 1427 2269 origiue
1447 2218 1494 2256 ad
1518 2218 1619 2257 hunc
1639 2221 1766 2258 Hero-

1113 2273 1191 2311 doti
1211 2276 1339 2311 locum
1359 2276 1481 2312 attulit
1500 2275 1684 2314 Valcken.
1717 2290 1766 2314 ex

1113 2332 1263 2367 Isocrat.
1284 2331 1449 2382 Philipp.
1470 2344 1557 2382 pag.
1579 2335 1646 2374 88.
1672 2336 1764 2374 103.

1117 2386 1194 2426 104
1215 2386 1274 2423 ed.
1298 2386 1430 2437 Steph.
1455 2389 1510 2438 [p.
1533 2388 1598 2428 74.
1621 2392 1687 2430 87.
1710 2391 1763 2429 88

1114 2443 1296 2490 Teubn.]
1329 2444 1491 2480 Pausan.
1513 2445 1594 2490 Vll,
1616 2447 1641 2485 8
1664 2445 1700 2490 ᾖ.
1723 2445 1762 2485 5.

1114 2496 1332 2549 Thucydid.
1354 2501 1400 2545 11,
1415 2502 1480 2540 99.
1497 2501 1542 2546 V,
1557 2502 1623 2541 80.
1642 2501 1762 2550 Epist.

1113 2554 1258 2591 Socrat.
1279 2556 1441 2592 XXVIII
1453 2563 1488 2592 et
1498 2557 1654 2592 Maxim.
1668 2557 1763 2607 Tyr.

1111 2612 1200 2657 XX,
1230 2613 1254 2650 8
1285 2612 1370 2648 coll.
1399 2613 1480 2648 Liv.
1510 2612 1674 2659 XXVII,
1697 2615 1761 2653 30.

1111 2665 1218 2702 Idem
1238 2665 1285 2703 de
1305 2668 1419 2704 verbo
1441 2667 1647 2717 κρίνεσθαι
1675 2681 1763 2705 lno-

1112 2724 1194 2758 uuit
1223 2723 1260 2758 in
1293 2724 1355 2759 tali
1386 2736 1425 2759 re
1454 2724 1613 2760 solemni
1647 2732 1761 2776 atque

1112 2780 1259 2824 usitato,
1271 2785 1395 2830 atque,
1409 2786 1563 2815 notante
1575 2780 1605 2818 C
1612 2793 1654 2829 r.‚
1666 2794 1761 2818 ean-

1114 2833 1202 2871 dem
1241 2847 1322 2872 rem
1361 2837 1481 2886 attigit
1510 2837 1547 2872 iu
1582 2837 1682 2875 Orat.
1713 2836 1761 2875 de
