1897 3340
279 912 344 956 14

73 978 176 1011 Quo·
158 975 210 1012 fit,
235 979 278 1010 ut

73 1020 138 1047 pro
131 1010 189 1038 eli)
202 998 243 1036 'oc
228 1009 348 1036 ommis-

34 1055 41 1059 *
72 1053 117 1078 su,
135 1048 166 1072 et
177 1044 347 1070 Samiorum

72 1065 239 1116 pleraeque
249 1085 307 1104 nav
312 1084 344 1103 es

72 1120 140 1139 cum
155 1111 257 1138 multis
275 1110 344 1138 aliis

72 1145 244 1179 aufugiam,

403 263 488 303 244

807 257 1267 296 HERODOTI

379 367 667 424 3ταπλήσιον.
724 364 974 421 προφάσιος
1021 359 1084 409 ὦν
1122 362 1448 421 ἐπιλαβόμενοι,
1492 364 1583 408 ἐπεὶ
1625 380 1670 409 τε

405 436 585 492 τάχιστα
615 432 735 477 εἶδον
773 431 879 484 τοὺς
901 432 1059 485 Ἴωνας
1094 432 1390 489 άρνευμένους
1431 430 1543 475 εἶναι
1573 449 1671 489 χρη-

407 502 562 553 στούς,
598 500 645 543 ἐν
673 500 817 555 κέρδεϊ
845 500 1069 545 ἐποιεῦντο
1098 505 1377 556 περιποιῆσαι
1416 498 1470 542 τά
1511 515 1557 543 τε
1596 499 1670 554 ἱρὰ

376 570 463 614 4τά
499 567 686 624 σφέτερα
715 567 790 610 καὶ
817 567 870 610 τά
899 570 1003 612 ἰ’δια.

1054 568 1105 612 Ὃ
1134 569 1179 613 δὲ
1213 568 1395 623 Αἰάκης,
1432 564 1536 621 παρ’
1570 566 1670 610 ὅτευ

403 635 508 685 τούς
547 633 705 689 λόγους
733 634 933 680 ἐδέκοντο
953 637 998 679 οἱ
1023 635 1209 692 Σάμιοι,
1253 641 1355 686 παῖς
1383 635 1462 690 μὲν
1497 649 1553 689 ην
1578 637 1671 676 Συ-
1683 640 1728 674 80

403 705 624 752 λοσῶντος
662 705 743 745 τοῦ
788 703 995 754 Αἰάκεος·
1038 702 1344 766 τύραννοςβὲ
1386 701 1470 745 έών
1499 699 1671 756 Σάμου,

403 768 491 813 ὑπὸ
538 771 619 812 τοῦ
659 772 886 850 Μιλησίου
926 769 1235 826 Ἀρισταγόρεω
1281 769 1544 825 ἀπεστέρητο
1590 768 1673 824 τήν

404 835 569 893 ἀρχὴν,
599 836 793 891 κατάπερ
829 840 872 881 οἱ
903 838 1028 882 ἄλλοι
1055 843 1130 896 τῆς
1157 837 1321 892 Ἰωνίης
1349 836 1571 891 τύραννοι.

495 903 601 947 Τότε
642 899 707 947 ὠν
740 905 852 948 ἐπεὶ
873 905 1095 949 έπέπλωον
1124 907 1167 949 οἱ
1200 906 1423 957 Φοίνικες,
1456 905 1500 946 οἱ
1525 902 1672 953 Ἴωνες
1728 900 1809 945 445
1860 937 1886 946 ,.

405 971 654 1028 ἀντανῆγον
691 973 766 1015 καὶ
805 970 934 1017 αυτοὶ
970 975 1047 1024 τὰς
1084 973 1184 1023 νέας
1226 973 1294 1016 ἐπὶ
1333 973 1473 1026 κέρας.
1527 986 1588 1022 ως
1626 970 1672 1013 δὲ

403 1039 478 1083 καὶ
509 1037 647 1094 ἀγχοῦ
685 1039 907 1095 ἐγίνοντο,
946 1042 1018 1084 καὶ
1049 1040 1311 1096 συνέμισγον
1342 1037 1590 1094 ἀλλήλοισι,
1621 1037 1670 1081 τὸ
1684 1042 1728 1078 85

402 1107 605 1149 ἐνθεῦτεν
635 1105 718 1150 οὐκ
748 1107 828 1163 ἔχω
856 1105 1067 1162 ἀτρεκέως
1096 1106 1356 1163 συγγράψαι,
1398 1107 1554 1156 οἵτινες
1583 1109 1674 1148 τῶν

399 1171 561 1217 Ἰώνων
588 1172 789 1228 ἐγένοντο
820 1173 978 1230 ἄνδρες
1008 1175 1134 1219 κακοὶ
1163 1173 1192 1230 ἢ
1222 1173 1382 1229 ἀγαθοὶ
1414 1173 1461 1217 έν
1489 1177 1544 1231 τῇ
1571 1189 1673 1216 ναυ-

376 1243 538 1298 Ξμαχίῃ
567 1243 726 1300 ταύτῃ·
767 1240 983 1298 ἀλλήλους
1021 1242 1106 1298 γάρ
1136 1245 1454 1286 καταιτιῶνται.

1512 1241 1672 1297 Λέγον-

405 1325 477 1353 ται
506 1309 552 1353 δὲ
580 1309 748 1366 Σάμιοι
775 1309 988 1362 ἐνθαῦτα,
1033 1308 1144 1353 κατά
1181 1307 1233 1353 τά
1265 1310 1523 1364 συγκείμενα
1551 1308 1674 1365 ζπρὸς

340 1413 342 1417 .
405 1376 484 1422 τὸν
512 1376 691 1431 Αἰάκεα,
713 1376 965 1434 ἀειράμενοι
990 1376 1044 1421 τὰ
1074 1378 1209 1427 ἱστία,
1241 1375 1501 1421 ἀποπλῶσαι
1530 1375 1577 1421 ἐκ
1595 1379 1673 1432 τῆς

348 1562 566 1598 annotanti:
599 1556 948 1611 ,,ὖπερβάλλεσθαι
965 1557 1010 1600 vo*

349 1614 535 1656 ναυτικὸν
557 1615 702 1653 dictum
723 1623 798 1663 est,
829 1623 871 1653 ut
891 1618 1010 1655 νικᾶν

348 1670 507 1725 μάχην,
545 1667 760 1723 Ὀλύμπια,
797 1669 891 1718 τούς
927 1684 1008 1711 στε-

351 1731 522 1778 φανίτας
554 1725 730 1780 ἀγῶνας,
771 1730 833 1765 cui
854 1730 926 1765 alia
947 1741 1011 1764 ra-

351 1787 456 1823 tione
476 1784 668 1822 adiectum
678 1791 733 1821 est
741 1781 812 1824 τόν
824 1788 1011 1835 Δαρεῖον,

351 1842 465 1894 plane
500 1848 543 1877 ut
575 1839 757 1878 Aeschin.
790 1854 823 1879 c.
847 1839 1013 1892 ctesiph.

352 1912 390 1949 p.
413 1897 494 1938 570
511 1896 571 1935 ed.
594 1897 723 1935 Reisk.
746 1893 976 1947 Μιλτιάδης
994 1895 1015 1936 ὁ

352 1951 426 2005 τήν
446 1952 489 1993 ἐν
513 1955 750 2006 Μαραθῶνι
769 1950 898 2004 μάχην
921 1949 1015 1999 τούς

354 2006 586 2062 βαρβάρους
648 2006 825 2059 νικήσας.
927 2008 1013 2046 vid.

353 2068 564 2103 Grammat.
595 2067 662 2103 Gr.
694 2067 730 2110 §.
761 2065 856 2112 409,
886 2068 1013 2106 SNsec.

355 2122 415 2159 ed.
440 2123 552 2172 [pag.
587 2121 678 2161 746.
713 2123 862 2169 13151.
898 2123 1015 2158 Dice-

354 2190 438 2215 rem
467 2177 559 2214 duas
587 2178 883 2214 constructiones
919 2191 1015 2215 con-

355 2236 501 2271 iunctas
523 2246 600 2269 esse
625 2231 924 2283 ὑπερβαλέσθαι
942 2230 1014 2272 τόν

356 2293 527 2340 Δαρεῖον
572 2296 609 2325 et
644 2287 943 2340 ὑπερβαλέσθαι
974 2286 1017 2329 τὸ

356 2342 569 2391 ναυτικόν,
601 2346 672 2382 nisi
700 2343 770 2381 hac
793 2347 937 2381 ratione
953 2345 1015 2381 of-

356 2400 463 2439 fendi
494 2414 579 2447 eos,
610 2402 676 2452 qui
705 2414 725 2436 e
745 2403 864 2450 patria
883 2402 1015 2451 lingua

357 2468 536 2508 graecam
567 2457 681 2494 etiam
711 2458 932 2504 metiuntur,
951 2459 1015 2493 in-

357 2514 635 2551 telle2dsse1n.“
699 2514 831 2564 Itaque
860 2515 900 2549 in
927 2515 1015 2551 vul-

359 2576 446 2620 gata
456 2570 616 2606 lectione
626 2569 953 2620 acquiescendum.
961 2593 992 2598 —
1009 2592 1013 2596 -

357 2620 649 2676 πενταπλήσιον
685 2625 780 2662 dixit
810 2633 851 2662 ut
872 2629 1015 2664 πολλα-

358 2679 538 2732 πλήσιος,
559 2682 631 2717 alia
647 2680 684 2717 id
705 2695 837 2731 genus,
869 2682 915 2718 de
929 2684 1015 2734 qui-

358 2738 428 2775 bus
448 2738 548 2776 conf.
570 2744 664 2775 nott.
681 2738 729 2773 ad
753 2739 816 2784 ΙΙΙ,
844 2739 933 2779 135.
971 2740 1014 2774 In

357 2807 463 2846 seqq.
487 2790 699 2846 ἀρνεῖσθαι
724 2793 824 2830 idem
840 2808 1015 2831 essemu—

357 2858 423 2887 net
442 2851 671 2900 Wesseling.
683 2857 794 2902 atque
809 2846 857 2889 ου’
875 2847 1015 2901 βούλε-

1068 1564 1189 1608 σθαι,
1239 1567 1282 1597 ut
1321 1560 1398 1608 VI,
1438 1562 1505 1602 69.
1554 1557 1728 1611 Euripid.

1066 1618 1207 1653 Electr.
1226 1616 1345 1657 1051.
1406 1616 1467 1652 Ad
1496 1617 1730 1653 locutionem

1066 1672 1110 1712 ἐν
1151 1671 1284 1726 κέρδεϊ
1319 1676 1527 1712 ποιεῖσθαι
1567 1672 1669 1709 conf.
1698 1672 1729 1720 1,

1124 1780 1173 1822 τά
1205 1798 1245 1823 τε
1285 1780 1351 1835 ἲρά
1380 1780 1427 1822 τά
1458 1782 1629 1834 σφέτερα
1662 1780 1730 1822 καὶ

1068 1837 1117 1878 τὰ
1140 1841 1249 1890 ἴδια]
1280 1839 1367 1877 Vid.
1389 1841 1452 1887 VI,
1474 1842 1499 1881 9
1521 1840 1611 1892 ibiq.
1633 1846 1730 1877 nott.

1070 1898 1161 1934 Post
1213 1895 1393 1936 ἐδέκοντο
1434 1909 1455 1932 e
1494 1897 1729 1943 Florentino,

1072 1954 1150 1990 aliis
1176 1966 1265 1990 cum
1295 1950 1516 2002 Schweigh.
1547 1959 1584 1989 et
1612 1952 1730 1991 Gaisf.

1071 2011 1211 2046 inserui
1241 2022 1374 2046 voces:
1426 2009 1469 2048 οἱ
1505 2005 1652 2060 Σάμιοι
1691 2009 1731 2045 ἰιι

1072 2065 1158 2104 edd.
1182 2067 1414 2116 Wesseliug.
1436 2066 1594 2117 aliisque
1614 2066 1731 2116 vulgo

1072 2124 1239 2159 omissas.
1296 2122 1358 2158 Ad
1383 2123 1498 2159 verba
1520 2119 1731 2174 ἀπεστέρη-

1071 2193 1115 2217 το
1140 2175 1215 2229 τήν
1249 2173 1377 2230 ἀρχήν
1409 2179 1509 2214 conf.
1538 2179 1600 2226 VI,
1632 2181 1672 2227 9,
1693 2184 1731 2215 et

1071 2233 1119 2270 de
1145 2235 1275 2270 Ioniae
1304 2235 1473 2285 tyrannis
1501 2236 1616 2284 pulsis
1651 2233 1731 2273 vid.

1069 2291 1114 2338 V,
1137 2292 1204 2332 38.

1290 2367 1384 2419 cap.
1405 2367 1508 2404 XIV.

1127 2453 1354 2510 ἀντανῆγον
1382 2479 1438 2484 -
1465 2455 1532 2496 ἐπὶ
1583 2454 1730 2507 κέρας]

1071 2513 1154 2551 vid.
1177 2520 1272 2550 nott.
1294 2513 1341 2550 ad
1362 2514 1424 2560 vl,
1442 2516 1504 2553 12.
1533 2514 1626 2550 Mox
1641 2526 1732 2551 cum

1074 2568 1291 2620 Schweigh.
1324 2577 1360 2607 et
1393 2571 1510 2607 Gaisf.
1531 2569 1620 2607 dedi
1655 2569 1732 2622 ἐγί-

1074 2641 1190 2665 νοντο
1212 2640 1278 2676 [110
1299 2625 1360 2678 ἒγ’
1343 2641 1490 2665 ενοντο.

1129 2697 1360 2733 αειοαμενοι
1371 2698 1417 2721 τα
1435 2682 1597 2731 ἷστία]ἰ.
1616 2695 1649 2720 e.
1670 2693 1731 2719 ve-

1073 2739 1118 2774 lis
1149 2740 1322 2775 sublatis:
1363 2738 1400 2775 id
1431 2737 1535 2789 quod
1571 2751 1732 2789 propere

1073 2797 1292 2831 abeuntium
1306 2803 1372 2833 est.
1386 2797 1533 2831 Monuit
1547 2793 1733 2844 Schwgh.

1073 2853 1109 2887 in
1127 2853 1221 2889 Lex.
1244 2851 1399 2900 Herod„
1411 2853 1474 2888 ubi
1490 2852 1613 2889 attulit
1632 2852 1731 2899 VIII,

1866 2274 1897 2849 ·--0·*’⁶·-———*..-'--*
