1897 3340
414 222 499 261 474
812 222 1277 259 HERODOTI

415 327 544 384 δικήν
572 327 718 385 χώρην
748 327 1022 384 ἐμβαλόντες,
1053 329 1208 386 σχεδόν
1235 330 1380 374 πάντα
1399 329 1453 375 τὰ
1480 330 1573 374 ἄνω
1602 337 1679 388 τῆς

409 394 550 452 Ἀσίης
578 396 974 452 καταστρεψάμενοι
1002 398 1222 454 ἐνέμοντο,
1251 400 1340 440 τῶν
1369 399 1530 442 εἵνεκεν
1560 399 1678 444 ὕστε-

385 469 502 516 3ρον
543 467 734 515 Δαρεῖος
771 463 1047 521 ἐτιμωρέετο·
1089 465 1193 523 μήτε
1230 466 1340 509 κατὰ
1379 465 1431 509 τοὶ
1469 466 1679 522 λεγόμενα

411 529 491 572 τὸν
526 528 776 584 Ἀτρειδέων
805 532 849 583 ἐς
874 532 1031 576 Ἴλιον·

1075 533 1180 590 μήτε
1208 533 1287 577 τὸν
1317 537 1492 577 Μυσῶν
1517 551 1563 578 τε
1604 535 1677 578 καὶ
1694 544 1734 576 10

417 600 646 652 Τευκρῶν,
677 596 757 641 τὸν
784 599 870 651 πρὸ
890 604 980 642 τῶν
1011 604 1217 655 Τρωϊκῶυ
1237 601 1488 657 γενόμενον,
1520 606 1564 646 οἳ
1585 604 1675 646 δια-

413 662 566 717 βάντες
603 664 648 716 ἐς
683 665 764 722 τὴν
795 666 1020 721 Εὐρώπην
1055 668 1164 711 κατὰ
1199 671 1458 723 Βόσπορον,
1500 669 1605 721 τούς
1633 687 1678 714 τε

414 721 606 774 Θρήϊκας
634 723 975 777 κατεστρέψαντο
1006 723 1191 776 πάντας,
1221 727 1295 769 καὶ
1326 726 1394 769 ἐπὶ
1416 726 1493 769 τὸν
1519 726 1678 770 Ἰόνιον

413 787 577 831 πόντον
605 790 874 847 κατέβησαν,
911 791 1033 847 μέχρι
1062 808 1105 835 τε
1139 796 1332 849 Πηνειοῦ
1362 798 1565 850 ποταμοῦ
1593 798 1676 838 τοῦ
1701 844 1703 846 ,

408 953 490 991 τῶν
510 951 660 991 εἵνεκεν
669 946 836 1002 ὕστερον
846 954 1015 1003 Δαρεῖος

349 1006 606 1060 ἐτιμωρέετο]
657 1008 768 1045 conf.
803 1009 867 1056 IV,
891 1011 928 1047 1.
958 1030 1014 1037 —-

349 1063 577 1116 ἐτιμωρέετο
617 1063 797 1117 equidem
827 1063 1010 1102 reddam:

348 1122 474 1158 ulcisci
490 1122 646 1170 studuit,
679 1134 727 1157 ex
755 1128 847 1157 noto
865 1123 1011 1172 imper-

348 1179 437 1214 fecti
458 1191 542 1217 usu.
583 1179 627 1213 In
648 1190 755 1229 seqq.
771 1178 887 1215 verba
906 1175 1006 1217 κατοέ

347 1230 395 1273 τὰ
412 1230 600 1285 λεγόμενα
620 1234 824 1284 (secundum
845 1248 899 1282 ea,
921 1248 1010 1285 quae

339 1291 538 1339 dicuntur,
573 1290 683 1341 fama
711 1289 900 1344 feruntur)
923 1293 1010 1328 satis

345 1347 514 1398 produnt
534 1348 721 1398 scriptoris
734 1349 919 1395 animum,
931 1349 1009 1400 qui,

347 1417 446 1456 quae
466 1417 555 1442 vera
565 1411 663 1452 suut,
685 1405 732 1440 ab
749 1405 805 1451 iis,
826 1406 1012 1457 quaemi-

345 1474 417 1497 nus
449 1468 645 1512 comperta
677 1459 833 1509 habuit,
877 1460 1010 1499 sedulo

346 1516 525 1554 discernit
556 1525 594 1554 et
621 1530 722 1569 quae
750 1516 851 1554 certa
881 1531 1010 1555 rerum

344 1573 421 1609 fide
443 1573 580 1611 tradita
601 1581 795 1622 constant,
827 1575 925 1611 bene
945 1588 1009 1611 se-

344 1631 468 1680 iungit
489 1631 535 1667 ab
561 1632 626 1678 iis,
657 1643 756 1683 quae
783 1630 887 1667 fam-21
917 1638 1007 1667 tan-

344 1693 429 1723 tum
460 1693 655 1738 acceperat
687 1694 752 1724 aut
785 1700 882 1738 quae
909 1700 1006 1738 poe-

344 1750 472 1779 tarum
492 1744 722 1780 carminibus
743 1744 929 1781 celebrata
945 1745 1005 1780 fe-

342 1801 543 1837 rebantur:
594 1801 720 1852 qualia
757 1813 795 1837 v.
830 1813 862 1838 c.
898 1807 1005 1837 erant

343 1857 510 1904 Troica3
568 1869 803 1909 quamquam
860 1857 1004 1893 bellum

343 1913 557 1949 Troianum
578 1926 708 1951 revera
728 1911 906 1950 accidisse
926 1914 1004 1949 mi-

342 1971 447 2006 nime
477 1971 531 2006 illi
559 1970 630 2006 fuit
646 1969 824 2017 dubium3
855 1970 954 2018 cf.1‚
978 1972 1001 2010 3

340 2039 419 2078 seq.
442 2027 489 2074 II,
516 2029 594 2066 112
615 2040 722 2078 seqq.
771 2025 850 2063 Sed
868 2027 1004 2063 monui

339 2081 425 2129 hoc,
449 2096 525 2134 quo
538 2083 694 2120 lectores
705 2082 941 2119 attenderem
954 2082 1003 2120 ad

339 2141 527 2189 scriptoris
547 2141 752 2176 sollertiam
766 2141 921 2191 verique
940 2140 1003 2175 in-

341 2194 506 2243 dagandi
528 2195 709 2243 studium,
730 2197 769 2231 in
800 2209 875 2246 quo
898 2197 1002 2232 criti-

340 2264 406 2287 cae
444 2253 530 2287 artis
560 2253 706 2288 semina
735 2253 852 2289 latere
872 2253 1001 2288 nemi-

338 2320 427 2343 nem
451 2308 583 2357 fugiet.

395 2359 491 2414 μήτε
531 2361 603 2402 τόν
654 2364 814 2401 Μυσῶν
852 2377 892 2400 τε
930 2361 997 2401 καὶ

343 2421 553 2469 Τευκρῶν]
585 2419 693 2457 Cous.
715 2419 800 2461 VH,
818 2418 882 2459 75.
904 2421 997 2455 Mox

337 2490 427 2512 cum
449 2483 604 2513 recentt.
622 2474 708 2512 edd.
731 2474 887 2512 exhibui
908 2476 996 2515 δια-

339 2530 480 2584 βάντες
503 2531 550 2579 ἐς
576 2529 649 2582 τήν
672 2527 888 2583 Εὐρώπην,
930 2533 994 2568 ubi

337 2591 473 2626 vocula
495 2589 532 2636 ἔς
549 2602 569 2625 a
590 2588 898 2640 plerisquecodd.
918 2602 994 2625 uno

339 2647 529 2682 Saum-usti
558 2647 652 2682 libro
683 2652 842 2695 excepto
877 2646 993 2682 abest.

338 2703 449 2739 (tuus.
471 2703 533 2747 lv,
566 2705 644 2742 118
677 2703 803 2752 ibique
824 2709 916 2739 nott.
938 2723 993 2729 ——

336 2762 376 2795 ln
409 2773 514 2810 seqq.
547 2759 629 2795 libri
652 2759 826 2795 melion-os
845 2755 993 2797 Ἰόνιον

334 2821 420 2867 (pro
438 2811 628 2864 Ἰώνων),
647 2822 688 2852 ut
709 2816 770 2863 VI,
797 2818 872 2856 127
903 2816 993 2860 (ubi

1072 954 1173 991 conf.
1209 953 1339 1005 nott.)
1370 955 1447 1002 IX,
1479 956 1552 995 91:
1594 955 1730 1006 quibus

1070 1011 1162 1048 locis
1192 1008 1345 1050 κόλπον
1378 1011 1550 1048 additum
1577 1012 1731 1048 imeni-

1069 1079 1167 1115 mus,
1186 1074 1229 1104 ut
1250 1067 1288 1104 h.
1309 1068 1334 1104 l.
1355 1063 1519 1115 πόντον,
1540 1080 1629 1104 cum
1640 1068 1730 1105 alias

1070 1124 1241 1160 absolute
1271 1123 1346 1161 dici
1373 1125 1493 1160 soleat
1526 1121 1548 1163 ὅ
1570 1119 1730 1170 Ἰόνιος.

1066 1180 1152 1217 vid.
1174 1179 1341 1218 Fischer.
1362 1179 1410 1217 ad
1431 1180 1594 1218 Weller.
1615 1181 1680 1228 III,
1706 1183 1724 1221 1

1065 1251 1105 1288 p.
1128 1240 1223 1279 160.

1124 1348 1236 1401 μέχρι
1267 1363 1308 1388 τε
1340 1350 1521 1399 Πηνειοῦ
1545 1350 1729 1399 ποταμοῦ

1066 1409 1139 1444 τοῦ
1158 1403 1259 1456 πρὸς
1281 1406 1525 1457 μεσαμβρίης
1551 1402 1727 1456 ἤλασαν]

1067 1464 1150 1499 Hoc
1166 1463 1218 1499 ita
1237 1462 1551 1512 intelligendum,
1575 1474 1638 1499 eos
1659 1474 1728 1498 oc-

1065 1518 1260 1556 cidentem
1300 1532 1428 1557 versus
1471 1518 1519 1556 ad
1552 1519 1728 1555 Ionicum

1064 1588 1171 1612 mare
1208 1577 1286 1613 sive
1323 1575 1563 1612 Adriaticum
1591 1587 1727 1611 excur-

1064 1633 1175 1680 risse,
1214 1631 1417 1668 meridiem
1448 1645 1576 1668 versus
1597 1637 1726 1667 autem

1061 1701 1181 1740 usque
1202 1687 1251 1724 ad
1270 1689 1445 1724 Peneum
1465 1688 1637 1734 fluvium,
1658 1688 1725 1738 qui

1060 1745 1160 1781 intra
1186 1745 1395 1795 Olympum
1435 1751 1548 1795 atque
1588 1745 1724 1780 Oetam

1061 1800 1110 1838 ad
1129 1814 1234 1837 mare
1256 1800 1463 1848 delabitur,
1485 1799 1724 1837 Thessaliam

1061 1870 1083 1894 a
1111 1858 1367 1908 septentrione
1387 1858 1608 1894 terminans.
1646 1857 1723 1894 Pro

1060 1916 1133 1953 τοῦ
1142 1913 1265 1966 (quod
1275 1912 1476 1950 Bekkerus
1484 1920 1620 1964 sponte
1632 1925 1722 1950 mu-

1059 1972 1152 2008 tavit
1172 1973 1211 2006 in
1232 1968 1303 2021 τὸ)
1334 1967 1432 2020 πρὸς
1463 1969 1721 2020 μεσαμβρίης,

1059 2034 1101 2063 ut
1121 2028 1255 2078 optimi
1275 2028 1417 2078 quique
1437 2027 1522 2062 libri
1543 2025 1720 2074 allerunt,

1060 2085 1150 2120 olim
1163 2085 1244 2135 quis
1255 2084 1415 2120 coniecit
1437 2085 1510 2122 τοῦ
1528 2079 1626 2132 πρὸς
1638 2085 1721 2120 Σα-

1059 2140 1253 2191 λαμβρίης
1282 2138 1404 2190 (quod
1437 2140 1556 2174 Penei
1576 2151 1720 2175 nomeu

1059 2197 1130 2232 fuit
1158 2197 1374 2245 antiquius)
1405 2196 1452 2231 ob
1489 2196 1623 2234 Tzetz,
1648 2196 1717 2243 lx,

1058 2255 1152 2292 707.
1212 2253 1263 2287 At
1290 2253 1425 2288 merito
1448 2250 1595 2288 ‹ludiun
1619 2253 1718 2287 reie-

1058 2308 1108 2344 cit
1148 2309 1378 2358 VVesseling.
1422 2304 1576 2358 ἤλασαν
1621 2308 1717 2358 (pro

1058 2365 1162 2413 vulg.
1191 2363 1334 2403 ἔλασαν
1352 2364 1364 2415 )
1397 2365 1570 2401 revocavi
1590 2378 1610 2400 e
1631 2365 1718 2401 Flo-

1052 2428 1148 2457 rent.
1171 2428 1207 2457 et
1228 2421 1417 2458 Sancrosti
1446 2422 1559 2467 libro,
1591 2434 1717 2458 asseu-

1052 2479 1168 2514 tiente
1189 2479 1364 2528 Apetzi0‚
1387 2479 1452 2530 qui
1472 2477 1544 2514 hoc
1565 2479 1603 2513 iu
1627 2491 1716 2515 ver-

1052 2534 1100 2570 bo
1140 2542 1390 2583 angmentum
1430 2535 1477 2571 ab
1520 2533 1715 2570 Herodoto

1051 2591 1193 2642 ubique
1214 2590 1300 2628 addi
1323 2598 1428 2628 notat
1449 2589 1507 2638 (ut
1524 2591 1553 2635 l,
1568 2591 1633 2630 50.
1645 2591 1713 2631 59.

1051 2649 1119 2687 77.
1156 2647 1248 2688 146.
1271 2649 1363 2688 153.
1391 2645 1479 2688 154.
1504 2647 1595 2687 157.
1620 2644 1711 2685 164.

1054 2706 1148 2748 176)
1182 2703 1346 2755 indeque
1367 2704 1482 2739 etiam
1512 2702 1607 2738 infra
1629 2702 1709 2750 VH,

1054 2763 1132 2800 135
1156 2762 1366 2797 restitutum
1377 2760 1455 2796 vult
1476 2755 1709 2810 ἐξήλαυνον.

1051 2818 1114 2854 Tu
1136 2815 1224 2854 add.
1240 2818 1321 2865 Vll,
1342 2815 1391 2856 41
1410 2817 1492 2852 init.
