1897 3340
422 195 510 231 AD
559 194 1044 233 HERODOTUM
1095 197 1147 246 V,
1186 203 1260 241 67.
1477 209 1554 248 801

81 307 252 345 scenicae
273 321 311 358 p.
332 309 370 348 6.
429 308 572 354 Quibus
595 306 693 345 adde
715 308 925 344 Hermanni
948 306 1135 359 disputata
1157 309 1205 346 ad
1226 311 1412 353 Aristotel.
1439 319 1562 366 poetic

80 377 146 423 ΙΙΙ,
163 376 187 417 5
218 389 305 427 pag.
330 375 420 425 104,
450 377 515 428 qui
533 376 746 426 Epigenem
767 375 993 426 Sicyonium
1013 378 1200 427 tragicum
1222 391 1242 414 a
1262 380 1423 417 Bentleii
1451 383 1563 420 dubi-

81 444 224 480 tatione
238 442 444 481 vindicavit
465 444 542 493 (cf.
562 444 688 480 Bentl.
710 444 870 494 Opuscc.
890 457 929 494 p.
951 447 1032 485 279
1053 458 1133 497 seq.
1157 444 1216 482 ed.
1237 446 1357 497 Lips.)
1413 451 1496 499 Ego
1517 465 1565 488 ex

81 509 202 548 Suida
224 511 326 560 (Vol.
348 513 383 547 II
403 526 441 563 p.
463 515 540 553 731
564 511 735 560 Kuster.)
757 518 794 548 et
814 510 952 549 Photio
971 510 1139 559 (Lexico
1170 515 1237 551 Gr.
1258 527 1345 565 pag.
1367 517 1448 555 260
1469 517 1565 569 seq.)

81 579 128 615 ab
151 579 370 632 Hermanno
390 580 572 629 laudatis,
603 581 747 633 aliquot
766 580 881 617 verba
902 593 1106 632 apponam,
1137 595 1235 634 quae
1255 596 1344 621 cum
1374 582 1568 622 Herodoto

81 648 312 699 conserenda
347 662 425 686 esse
455 647 643 687 videntur.
705 643 833 687 Ου’δὲν
859 645 962 700 πρός
981 646 1053 689 τόν
1070 648 1286 690 Διόνυσον.
1337 647 1570 704 Ἐπιγένους

82 719 155 756 τοῦ
173 717 401 756 Σικυωνίου
420 717 644 770 τραγῳδίαν
662 715 718 761 εἷς
732 712 812 766 ,τόν
838 712 1034 757 Διόνυσον
1061 714 1324 769 ποιήσαντος,
1355 715 1570 772 ἐπεφώνη-

82 781 158 825 σοῖν
174 800 278 832 τινες
307 786 423 825 τοῦτο
438 796 446 804 “
477 780 576 824 ’ὅθεν
598 782 627 835 ἦ
647 783 855 836 παροιμία.
912 783 1074 825 Βέλτιον
1093 783 1135 825 δὲ
1157 783 1260 826 οὕτω
1274 800 1285 810 ·
1319 785 1362 828 vd
1386 784 1569 840 πρόσθεν

82 853 139 900 εἰς
161 850 231 893 τόν
256 848 458 893 Διόνυσον
487 847 725 903 γράφοντες,
755 848 911 900 τούτοις
931 847 1193 905 ἠγωνίζοντο,
1224 851 1323 908 ὅπερ
1343 854 1410 894 καὶ
1437 859 1570 895 Σατυ-

81 918 172 973 ρικοὶ
194 919 355 973 ἐλέγετο.
386 916 553 969 ὕστερον
575 916 618 958 δὲ
640 916 880 970 μεταβάντες
901 919 957 967 εἰς
976 917 1021 961 τὸ
1041 923 1259 977 τραγῳδίας
1278 919 1471 976 γράφειν,
1496 939 1570 964 κα-

80 986 128 1029 to?
149 987 293 1041 μικρόν
312 988 368 1036 εἷς
386 981 546 1039 μύθους
574 986 641 1026 καὶ
667 987 841 1039 ἱστορίας
875 983 1125 1040 ἐτράπησαν,
1155 989 1292 1042 μηκέτι
1320 994 1394 1031 τοῦ
1414 988 1568 1032 Διονύ-

82 1070 155 1098 σου
178 1056 266 1109 (τοῦ
286 1059 390 1097 θεοῦ
409 1054 554 1103 Phot.)
586 1051 906 1106 μνημονεύοντες
927 1071 965 1096 κ.
990 1072 1022 1096 τ.
1043 1059 1078 1096 λ.
1136 1059 1210 1095 Ubi
1232 1059 1384 1096 attende
1412 1059 1461 1097 ad
1481 1061 1566 1098 illa:

80 1127 218 1163 Postea
233 1138 322 1163 vero
343 1123 555 1175 tragoedias
575 1125 737 1161 scribere
757 1126 922 1176 aggressi
940 1126 1124 1177 paulatim
1145 1126 1192 1163 ad
1204 1127 1355 1177 subulas
1386 1135 1423 1166 et
1457 1129 1566 1166 histo-

80 1196 156 1232 rias
172 1191 906 1244 deflexerunt,nullaijacchimentionem
914 1195 1065 1244 amplius
1076 1193 1261 1244 facientes.
1292 1197 1383 1234 Eius
1395 1197 1449 1234 rei
1465 1198 1567 1234 testis

82 1260 258 1297 laudatur
279 1260 536 1298 Chamaeleon
559 1262 598 1297 in
618 1261 714 1298 libro
737 1260 784 1297 de
803 1261 1011 1313 Thespide.
1050 1264 1137 1300 Non
1158 1264 1328 1314 neglexit
1355 1278 1440 1302 eam
1471 1279 1568 1313 rem,

82 1330 149 1382 qui
174 1343 297 1380 nuper
327 1328 379 1366 dex
404 1328 462 1367 his
484 1330 624 1366 artibus
645 1329 841 1379 ingeniose
869 1328 1073 1381 disputavit
1101 1333 1131 1369 Ι.
1160 1333 1296 1369 Hauss.
1336 1332 1384 1370 ad
1422 1334 1572 1370 Aristo-

82 1399 164 1435 te11s
192 1399 384 1449 poeticam
414 1399 460 1435 ab
484 1411 528 1435 eo
564 1397 705 1434 editam
725 1396 903 1448 Append.
924 1412 965 1449 p.
987 1402 1039 1440 67
1051 1402 1166 1440 —73
1189 1407 1226 1437 et
1246 1401 1380 1438 iterato
1414 1400 1570 1437 Boeck-

82 1466 190 1514 hius,
219 1480 308 1504 cum
338 1468 378 1503 iu
406 1467 528 1517 princ.
559 1467 694 1502 Graec.
715 1465 909 1516 Tragoed.
940 1481 978 1518 p.
1006 1467 1089 1508 250
1118 1479 1238 1519 seqq„
1273 1475 1356 1505 tum
1380 1470 1419 1505 in
1448 1470 1569 1507 libro:

84 1534 145 1571 die
166 1533 548 1585 Staatshaushaltung
564 1533 631 1571 der
650 1531 822 1570 Athener
840 1535 926 1575 Vol.
947 1535 983 1570 ΙΙ
1003 1548 1039 1585 p.
1063 1536 1139 1574 361
1163 1548 1269 1586 seqq.
1294 1537 1427 1585 [363]‚
1456 1538 1523 1573 ubi
1549 1551 1571 1574 a

81 1604 246 1640 Bentleii
276 1604 498 1641 auctoritate
525 1615 635 1641 suam
667 1602 896 1639 sententiam
925 1603 1089 1653 seiungit
1125 1602 1242 1651 [Add.
1266 1603 1378 1653 Corp.
1398 1604 1572 1655 Inscript-

84 1673 219 1709 Graec.
247 1673 264 1708 I
299 1684 387 1723 pag.
415 1671 496 1713 765
529 1678 586 1720 et,
626 1670 692 1724 qui
728 1668 927 1707 Boeckhio
959 1672 1178 1719 assentitur,
1215 1672 1390 1707 Kreuser.
1412 1672 1572 1708 Homer.

83 1738 277 1790 Rhapsod.
308 1753 346 1791 p.
377 1742 458 1780 296
488 1751 594 1790 seqq.
635 1738 729 1786 Br.]
763 1734 820 1790 a).
880 1738 1094 1776 comoediam
1115 1751 1136 1775 a
1166 1739 1355 1789 Sicyoniis
1375 1739 1572 1776 inventam

84 1806 210 1858 prodit
240 1807 386 1844 Orestes
417 1810 529 1857 poeta
549 1807 588 1842 in
609 1805 819 1857 Antholog.
851 1807 917 1843 Gr.
938 1808 985 1854 11,
1007 1809 1046 1846 2.
1068 1808 1163 1847 331.
1195 1803 1419 1857 (Antholog.
1449 1806 1572 1844 Palat.

84 1875 169 1912 Vol.
190 1876 226 1911 Π
244 1887 331 1926 pag.
355 1877 435 1915 328
456 1888 536 1926 seq.
557 1888 615 1911 nr.
637 1874 736 1924 32),
767 1881 868 1911 recte
888 1875 1102 1925 explicante
1122 1874 1291 1911 Iacobsio
1322 1874 1362 1908 in
1381 1872 1573 1910 Animad—

84 1955 198 1981 verSS.
234 1944 281 1990 Π,
316 1946 343 1984 2
370 1955 457 1992 pag.
489 1944 571 1982 332
601 1937 660 1992 ἡ).
720 1943 922 1979 Caeterum
959 1954 1076 1978 nemo
1107 1954 1264 1988 eorum,
1291 1941 1357 1992 qui
1377 1939 1502 1978 adhuc
1523 1940 1572 1978 de

86 2011 282 2063 utriusque
325 2012 413 2050 artis
445 2009 661 2063 primordiis
683 2009 933 2062 disputarunt,
961 2015 1151 2061 reputasse
1172 2007 1334 2057 videtur,
1357 2020 1473 2060 quam
1492 2009 1572 2048 vim
1638 2026 1641 2031 ¹

132 2202 170 2247 *)
193 2202 292 2236 Adde
314 2202 410 2237 hisce
434 2214 498 2246 ea,
519 2214 607 2248 quae
631 2203 696 2237 hac
720 2202 764 2236 de
787 2213 826 2236 re
850 2202 955 2236 habet
987 2200 1138 2235 Schultz.
1173 2198 1301 2244 Appar.
1335 2198 1447 2233 critic.
1470 2209 1504 2244 p.
1531 2200 1572 2234 8:

200 2259 281 2303 „De
306 2259 420 2292 choris
443 2260 604 2304 tragicis,
631 2272 714 2305 quos
738 2259 824 2293 dicit
847 2259 1165 2293 Herodotus—res
1192 2255 1276 2290 satis
1299 2257 1452 2293 obscura.
1499 2257 1575 2291 Ne-

202 2328 270 2361 que
294 2320 406 2350 tamen
431 2315 566 2349 dubium
590 2316 748 2359 videtur,
771 2317 854 2361 quin
879 2328 951 2351 eam
975 2316 1081 2361 ipsam
1107 2315 1151 2349 ob
1175 2325 1308 2347 causam
1334 2313 1486 2356 Sicyonii
1510 2314 1576 2348 sibi

201 2373 412 2408 vindicarint
445 2372 645 2415 tragoediae
677 2373 907 2407 inventionem
939 2373 1031 2418 iique
1055 2370 1269 2415 intelligendi
1294 2371 1361 2404 sint
1386 2368 1477 2404 ἔνιοι
1500 2371 1576 2405 τῶν
1630 2387 1635 2391 -

204 2427 244 2465 ἐν
269 2424 539 2472 Πελοποννήσῳ
559 2427 594 2460 in
618 2427 791 2461 Aristotel.
818 2430 858 2462 A.
882 2431 922 2463 Ρ.
946 2441 1020 2474 cap.
1049 2430 1071 2464 3
1096 2431 1127 2471 §.
1156 2430 1189 2463 5.
1224 2429 1340 2462 Herm.
1369 2429 1442 2462 coll.
1479 2428 1576 2461 The—

203 2486 289 2521 mist.
307 2488 408 2520 Orat.
433 2485 568 2519 XXVII
591 2496 626 2529 p.
646 2485 714 2519 337
730 2485 771 2520 Β.
797 2485 868 2527 [ubi
887 2484 1093 2531 τραγῳδίας
1117 2482 1265 2528 εὑρεταὶ
1286 2482 1352 2528 μὲν
1365 2481 1578 2526 Σικυώνιοι,

202 2541 446 2587 τελεσιουργοὶ
471 2539 509 2576 δὲ
533 2537 690 2575 Ἀττικοὶ
710 2541 882 2585 ποιηταίε
907 2541 950 2575 de
974 2553 1040 2586 quo
1063 2542 1137 2575 loco
1162 2548 1428 2586 argumentoque
1461 2540 1576 2573 confer

206 2602 250 2637 sis
283 2603 329 2635 G.
360 2599 560 2634 Schneider.
596 2598 649 2632 De
685 2597 796 2641 origg.
823 2598 980 2642 tragoed.
1005 2610 1079 2643 cap.
1105 2600 1127 2634 3
1151 2611 1186 2644 p.
1209 2600 1253 2633 22
1277 2597 1396 2642 seqq]
1441 2596 1576 2629 Anthol.

203 2660 269 2693 Gr.
304 2658 426 2704 Epigr.
460 2653 589 2690 α’δεσπ.
617 2657 680 2691 171
706 2655 740 2688 in
764 2654 918 2688 Analect.
942 2656 1001 2689 ΒΓ.
1029 2655 1078 2688 111
1102 2667 1136 2700 p.
1163 2656 1229 2691 184
1254 2654 1373 2699 (Anth.
1410 2652 1501 2696 Lips.
1524 2651 1574 2684 lv

204 2728 238 2762 p.
276 2717 353 2751 151.
387 2714 488 2747 Anth.
519 2713 628 2747 Palat.
664 2712 699 2744 11
731 2723 764 2756 p.
794 2712 862 2746 797
885 2723 936 2745 nr.
965 2713 1047 2756 116)
1078 2720 1114 2747 et
1139 2714 1286 2747 Orestae
1310 2709 1430 2754 Epigr.
1466 2707 1513 2740 11.
1539 2708 1574 2741 in

205 2773 314 2807 Anall.
346 2773 405 2807 Br.
439 2770 473 2805 11
497 2781 576 2816 pag.
601 2769 667 2805 289
685 2769 805 2813 (Anth.
832 2768 924 2814 Lips.
949 2768 999 2803 111
1024 2781 1103 2816 pag.
1131 2773 1161 2805 1.
1182 2769 1256 2804 Pal.
1278 2767 1311 2801 11
1328 2777 1406 2811 pag.
1429 2766 1498 2802 328
1522 2775 1571 2797 nr.

207 2830 310 2869 3⁶2).“
333 2827 411 2870 Br.]

149 2880 370 2915 Henonor.
390 2877 457 2913 111.
606 2904 620 2921 ,
1248 2871 1296 2911 51
