1897 3340
415 239 499 279 262
827 237 1289 275 HERODOTI

416 363 497 403 γας
525 342 646 397 παρὰ
673 345 842 399 βασιλέϊ
866 344 1063 403 γένηται,
1101 343 1400 402 Ἀρταφέρνης
1437 360 1481 389 τε
1510 342 1534 389 ὁ
1565 347 1686 399 Σαρ-

416 415 525 458 δίων
553 412 772 469 ὕπαρχος,
802 413 875 457 noel.
914 412 938 458 ὁ
966 412 1377 469 λαβων”Αρπαγος,
1422 409 1482 464 ὥς
1511 410 1686 456 ἀπίκετο

420 481 637 538 ἀγόμενος
677 481 720 532 ἐς
761 479 949 536 Σάρδις,
997 479 1048 524 τὸ
1089 481 1170 537 μὲν
1210 480 1348 525 αὐτοῦ
1383 483 1508 536 σῶμα
1547 478 1689 524 αὐτοῦ

419 548 556 607 ταύτῃ
587 547 948 604 ἀνεσταύρωσαν,
989 547 1070 604 τὴν
1100 550 1146 593 δὲ
1184 548 1382 606 κεφαλὴν
1407 547 1680 604 ταριχεύσαν-

419 633 514 670 τες,
565 614 801 673 ἀνήνεικαν
833 613 952 670 παρά
995 617 1177 673 βασιλέα
1214 622 1408 673 Δαρεῖον
1447 616 1491 667 ἐς
1527 619 1690 660 Σοῦσα.

389 689 612 740 ὃΔαρεῖος
651 684 696 728 δὲ
731 681 985 738 πυθόμενος
1023 688 1181 740 ταῦτα,
1220 686 1294 729 καὶ
1332 684 1747 741 ἐπαιτιησάμενος9ο

419 753 527 806 τούς
556 755 694 797 ταῦτα
722 749 1011 806 ποιήσαντας,
1053 751 1120 796 ὅτι
1140 769 1216 809 μιν
1247 751 1302 797 ού
1336 752 1503 807 ζώοντα
1532 751 1693 809 ἀνήγα-

419 838 501 878 γον
532 820 575 871 ές
606 818 712 870 ὄψιν
729 816 810 875 τήν
831 816 1000 862 ἑωυτοῦ
1010 854 1021 871 ,
1051 818 1133 876 τήν
1164 821 1360 878 κεφαλὴν
1388 820 1469 878 τὴν
1488 818 1692 864 Ἱστιαίου

420 885 670 938 λούσαντάς
699 901 743 929 τε
772 886 846 930 καὶ
874 888 1225 940 περιστείλαντας
1261 883 1312 932 εὖ
1341 888 1580 932 ἐνετείλατο
1611 886 1703 932 θά-,

419 963 524 1008 ψαι,
579 953 639 1006 ὥς
677 953 841 1009 ἀνδρὸς
883 953 1076 1011 μεγάλως
1112 954 1260 1014 ἑωυτῷ
1298 972 1343 999 τε
1381 956 1455 1000 καὶ
1497 955 1695 1014 Πέρσῃσι

423 1021 671 1079 εὐεργέτεω.
734 1022 798 1065 Τὰ
825 1022 904 1076 μὲν
932 1023 1031 1077 περὶ
1055 1023 1262 1067 Ἱστιαῖον
1291 1023 1410 1067 οὕτω
1440 1023 1544 1080 ἔσχε.

504 1091 555 1135 Ὃ
585 1092 631 1135 δὲ
667 1089 874 1141 ναυτικὸς
913 1089 1095 1146 στρατὸς
1129 1090 1154 1134 ὁ
1180 1092 1410 1146 Περσέων,
1449 1091 1696 1147 χειμερίσας

418 1160 518 1215 περὶ
549 1160 773 1215 Μίλητον,
794 1161 856 1216 τῷ
884 1159 1071 1216 δευτέρῳ
1094 1159 1178 1202 ἔτεϊ
1206 1157 1263 1210 ὦς
1292 1156 1529 1211 ἀνέπλωσε,
1561 1158 1694 1213 αἱρέει

423 1226 634 1278 εὐπετέως
662 1224 741 1277 τὰς
772 1225 939 1288 νήσους
966 1227 1042 1277 τοὶς
1069 1227 1182 1283 πρός
1210 1231 1262 1283 τῇ
1290 1225 1451 1284 ἠπείρῳ
1481 1225 1694 1282 κειμένας,

395 1297 542 1339 2Χίον
569 1294 644 1339 καὶ
673 1292 847 1351 Λέσβον
873 1295 946 1339 καὶ
980 1294 1180 1339 Τένεδον.
1222 1293 1336 1345 ὅκως
1367 1293 1415 1338 δὲ
1442 1292 1577 1349 λάβοι,
1597 1292 1698 1336 τινὰ

421 1366 512 1407 τῶν
550 1361 721 1418 νήσων,
772 1361 832 1414 ὦς
871 1361 1058 1419 ἑκάστην
1107 1362 1327 1419 αἱρέοντες
1369 1361 1414 1404 οἱ
1459 1359 1696 1417 βάρβαροι,

392 1430 695 1487 Βέσαγήνευον
724 1429 830 1482 τούς
859 1429 1141 1487 ἀνθρώπους.
1189 1429 1485 1487 σαγηνεύουσι
1515 1428 1561 1473 δὲ
1590 1426 1719 1476 τόν-1

423 1499 470 1541 δε
499 1496 579 1541 τόν
607 1496 786 1552 τρόπον.
819 1497 933 1555 ἀνήρ
971 1498 1137 1554 ἀνδρός
1179 1497 1403 1555 ἁψάμενος
1439 1501 1517 1554 τῆς
1544 1496 1698 1554 χειρός,

424 1565 471 1608 ἐκ
499 1563 725 1622 θαλάσσης
753 1570 828 1622 τῆς
857 1569 1039 1624 βορηίης
1072 1567 1142 1611 ἐπὶ
1170 1566 1250 1623 τὴν
1276 1568 1439 1622 ’νοτίην
1484 1564 1699 1620 διήκουσι,

423 1633 496 1676 καὶ
536 1633 681 1676 ἔπειτα
713 1633 787 1676 διὰ
824 1634 967 1690 πάσης
1005 1638 1080 1690 τῆς
1121 1632 1261 1691 νήσου
1302 1633 1546 1688 διέρχονται
1575 1632 1699 1686 ἐκθη-

399 1699 637 1754 4ρεύοντες
672 1700 778 1753 τούς
817 1699 1100 1756 ἀνθρώπους.
1162 1703 1326 1755 Αἴρεον
1357 1700 1401 1743 δὲ
1431 1700 1505 1743 καὶ
1540 1699 1618 1751 τὰς
1653 1699 1701 1743 ἐν

424 1772 479 1824 τῇ
510 1766 674 1826 ἠπείρῳ
703 1768 859 1821 πόλιας
897 1769 976 1821 τὰς
1011 1767 1155 1821 Ἰάδας
1184 1768 1294 1813 κατὰ
1323 1767 1376 1811 τὰ
1406 1766 1539 1811 αὐτοί·
1584 1768 1729 1824 πλὴνὸ

1703 1030 1748 1065 95

297 1093 361 1136 31

89 1159 191 1185 Altero
213 1160 281 1192 post
301 1156 362 1183 Mi-

87 1192 183 1218 letum
202 1196 322 1225 captam

89 1233 168 1252 anuo
193 1225 308 1252 Persae

88 1263 226 1285 caeteros
243 1259 330 1285 lones

88 1300 155 1319 cum
179 1292 324 1320 insulanis

88 1325 240 1361 subigunt,

367 1943 480 1981 Conf.
510 1949 607 1981 nott.
629 1938 678 1979 ad
698 1941 762 1990 VI,
800 1944 851 1983 16
881 1940 930 1979 de
959 1938 1037 1981 αύ-

367 2002 440 2040 τοῦ
460 1997 605 2054 ταύτης
628 1996 677 2036 ad
695 1999 726 2046 Ι,
750 2001 844 2041 128.
861 2000 930 2047 III,
955 2001 1036 2040 132

369 2056 417 2094 de
439 2069 564 2097 cruce,
607 2058 665 2093 De
686 2067 782 2093 voce
813 2052 1036 2108 ταριχεύειν

369 2112 448 2150 vid.
478 2120 575 2151 nott.
597 2111 646 2150 ad
664 2113 713 2160 H,
745 2109 814 2152 85.

1092 1941 1285 1993 irrepsisse
1316 1939 1490 1990 videtur,
1537 1941 1597 1978 De
1619 1941 1759 1979 vocula

1094 1993 1140 2039 εὖ
1160 1999 1261 2038 conf.
1281 2005 1381 2036 nott.
1407 1997 1457 2036 ad
1484 1998 1550 2050 111,
1579 1997 1634 2040 55
1655 2005 1693 2035 et
1711 1998 1758 2047 V,

1093 2058 1147 2096 27
1159 2068 1170 2103 3
1201 2054 1248 2092 de
1268 2056 1386 2093 verbo
1401 2053 1666 2105 περιστέλλειν
1679 2052 1760 2092 dixi

1093 2110 1142 2148 ad
1162 2112 1210 2160 Π,
1233 2113 1298 2160 90,
1321 2111 1368 2149 de
1388 2113 1506 2150 verbo
1525 2107 1700 2151 θάπτειν
1709 2110 1759 2149 ad

424 2165 648 2217 λούσαντάς
680 2182 721 2224 τε
753 2165 822 2206 καὶ
847 2167 1037 2219 περιστεί-

370 2228 516 2273 λαντας
546 2220 619 2275 εὖ]
660 2224 704 2264 εὐ
745 2237 835 2261 cum
877 2231 1037 2261 recentt.

372 2281 459 2321 edd.
490 2281 579 2319 dedi
606 2294 677 2333 pro
706 2281 799 2317 olim
838 2281 943 2331 vulg.
973 2275 1038 2320 εύ-

371 2341 534 2389 πρεπώς
557 2367 567 2386 ,
636 2335 740 2374 unde
785 2335 1038 2378 Valckenaer.

372 2396 424 2432 sic
463 2396 557 2432 olim
588 2394 744 2431 fortasse
765 2394 948 2431 exstitisse
973 2407 1040 2431 su-

374 2452 563 2503 spicatur:
606 2450 928 2500 περιστείλαντας
981 2443 1038 2497 εὖ,

377 2504 592 2560 εὐπρεπῶς
633 2505 847 2546 ἐνετείλατο
889 2502 1040 2555 θάψαι,

377 2561 712 2617 quemadmodum
761 2565 894 2609 καλῶς
936 2577 1045 2611 περι-

378 2621 571 2660 στείλαντι
601 2633 622 2655 e
643 2620 811 2657 Platonis
832 2620 972 2670 Hippia
992 2620 1044 2656 T.

378 2678 431 2713 111
453 2691 490 2729 p.
512 2679 588 2718 291
616 2676 658 2713 C.
681 2675 790 2713 affert
820 2675 924 2712 idem
952 2677 1045 2713 val-

381 2733 495 2771 cken.
553 2734 618 2770 Tu
656 2734 752 2769 conf
779 2733 914 2771 Tzetz.
945 2732 1044 2770 Chii.

381 2792 446 2841 nl,
469 2790 563 2833 540.
623 2788 717 2825 Mihi
747 2790 882 2826 vocula
904 2785 1045 2841 εύπρε-

381 2844 468 2894 πῶς
499 2859 521 2882 e
556 2845 784 2897 glossemate
823 2847 861 2882 in
893 2853 1043 2883 textum

1092 2169 1139 2216 V,
1161 2170 1200 2209 8.
1257 2169 1315 2204 Ac
1337 2175 1438 2205 recte
1459 2167 1508 2205 ad
1537 2168 1706 2205 Platonis
1732 2169 1759 2205 l.

1093 2225 1121 2262 l.
1144 2224 1202 2274 [p.
1226 2224 1301 2265 151
1326 2224 1486 2274 Helnd.]
1510 2238 1530 2261 e
1552 2225 1658 2262 Gisb.
1680 2225 1761 2262 Cu—

1094 2282 1175 2332 peri
1196 2280 1302 2317 Obss.
1322 2282 1370 2328 11,
1405 2283 1430 2321 9
1461 2282 1611 2317 monuit
1643 2281 1760 2318 Hein-

1097 2336 1194 2374 dorf.
1244 2336 1509 2388 περιστέλλειν
1560 2337 1761 2387 pollingere

1097 2406 1254 2430 omnem
1264 2395 1292 2430 si
1296 2394 1476 2444 gnificare
1487 2406 1631 2442 curam,
1641 2407 1760 2447 quam

1096 2451 1340 2501 pollinctores
1371 2449 1618 2488 cadaveribus
1651 2449 1759 2488 adhi-

1099 2506 1210 2554 hent,
1251 2508 1425 2544 membra
1449 2507 1658 2555 collocare,
1683 2521 1762 2544 un-

1100 2576 1203 2614 gere,
1219 2576 1452 2615 componere
1472 2564 1624 2610 faciem,
1635 2564 1760 2602 fasciis

1102 2621 1324 2669 obvolvere,
1358 2628 1479 2659 vestes
1498 2621 1679 2672 pretiosas
1699 2622 1762 2658 iu·-

1103 2675 1233 2714 (luere.

1305 2733 1398 2784 Cap.
1417 2733 1564 2771 XXXI.

1158 2786 1429 2843 ἐσαγήνευον]
1469 2791 1528 2827 De
1554 2788 1628 2826 hoc
1644 2790 1762 2827 verbo

1103 2847 1180 2885 dixi
1203 2847 1249 2885 ad
1270 2849 1335 2895 111,
1355 2846 1447 2887 149.
1497 2848 1555 2883 Do
1573 2846 1762 2898 frequenti
