1897 3340
282 613 348 657 72

79 678 139 706 Pos
127 683 239 706 tremo
256 676 287 704 in
305 686 356 704 ex-

81 712 207 751 peditim
208 721 238 739 ie
256 710 324 737 'ihc
309 720 341 738 cs

79 783 239 821 οριιιιιιηιιῑ

79 811 108 839 '1
111 812 241 839 hessalis
261 786 353 838 aeuo-

81 846 315 873 rumxindicatu

80 884 200 906 metuen
184 888 236 913 n‚s
261 854 335 905 ''¹lell

104 921 170 940 eam
182 921 241 940 sec
226 921 281 939 cno
264 912 313 938 n'et
317 914 354 945 ιι,

81 947 183 982 nique
200 946 284 974 exsul
294 954 355 972 mo-

83 980 168 1008 titur.

406 233 490 272 328

802 232 1259 270 HERODOTI

407 337 700 395 Ζευξιδήμου,
741 340 890 397 γαμέει
921 341 1127 395 δευτέρην
1154 344 1341 395 γυναῖκα
1375 337 1661 395 Εὐρυδάμην,

406 407 566 451 ἐοῦσαν
596 409 767 451 Μενίου
795 410 873 462 μὲν
904 409 1142 465 ἀδελφεὴν,
1171 409 1466 461 Διακτορίδεω
1504 410 1548 452 δὲ
1581 415 1659 453 θυ-

407 476 589 531 γατέρα·
619 475 664 518 ἐκ
692 480 766 531 τῆς
797 479 840 519 οἷ
868 476 990 530 ἔρσεν
1028 477 1107 532 μὲν
1139 478 1301 530 γίνεται
1339 476 1484 530 οὐδὲν,
1524 476 1660 533 θυγά-

408 559 488 598 τηρ
519 543 564 586 δὲ
593 544 824 596 Λαμπιτώ·
854 545 934 600 τὴν
959 543 1208 599 Ἀρχίδημος
1236 542 1259 586 ὁ
1290 546 1558 600 Ζευξιδήμου
1590 562 1662 601 γα-
1676 553 1717 586 10

409 609 521 665 μεέι,
554 609 707 660 δόντος
736 609 853 669 αὐτῷ
884 612 1166 666 Λευτυχίδεω.

1231 610 1294 654 Ου’
1326 612 1403 666 μὲν
1425 611 1527 655 οὐδὲ
1554 617 1663 656 Λευ-

411 679 585 732 τυχίδης
614 678 828 733 κατεγήρα
858 679 905 721 ἐν
943 677 1149 733 Σπάρτῃ,
1198 675 1306 721 ἀλλὰ
1344 681 1456 722 τίσιν
1495 677 1666 735 τοιήνδε

80 744 356 779 ⁸³¹¹⁰³¹¹³¹¹ss¹t¹⁰¹¹⁸
412 746 510 787 τινὰ
549 744 794 800 Δημαρήτῳ
843 744 1007 797 ἐξέτισε.

1073 746 1359 800 ἐστρατήγησε
1399 749 1664 802 Λακεδαιμο-

411 814 544 854 νίοισι
575 811 616 861 ἐς
649 812 911 867 Θεσσαλίην·
939 811 1105 865 παρεὸν
1134 812 1180 855 δέ
1210 813 1254 854 οἱ
1281 810 1506 872 ὑποχείρια
1529 815 1670 859 πάντα
1682 823 1723 858 15

386 877 710 933 Ξποιήσασθαι,
740 878 1034 936 ἐδωροδόκησε
1063 877 1278 934 ἀργύριον
1312 879 1438 922 πολύ.
1491 880 1560 924 ἐπ’
1595 883 1670 926 αὐ·

411 944 600 1002 τοφώρῳ
632 946 678 988 δὲ
708 945 863 1000 ἁλούς,
894 945 1031 990 αὐτοῦ
1059 946 1106 990 ἐν
1133 951 1194 1004 τῷ
1223 948 1496 1004 στρατοπέδῳ
1527 947 1669 991 ἐπικα-

412 1010 594 1068 τήμενος
623 1015 777 1068 χειρίδι
804 1014 910 1070 πλέῃ
941 1013 1174 1070 ἀργυρίου,
1216 1014 1349 1070 ἔφυγε
1378 1015 1424 1058 ἐκ
1452 1016 1671 1073 Σπάρτης,

413 1078 497 1123 ὑπὸ
539 1081 818 1138 δικαστήριον
847 1082 1077 1137 ὑπαχθείς’
1124 1081 1199 1125 καὶ
1226 1082 1280 1125 τά
1314 1084 1431 1126 οἰκία
1472 1085 1514 1127 οἱ
1543 1100 1672 1127 κατε-

416 1146 584 1204 σκάφη·
615 1149 747 1205 ἔφυγε
777 1150 823 1193 δὲ
852 1150 894 1202 ἐς
920 1150 1097 1207 Τεγέην,
1127 1149 1201 1192 καὶ
1227 1148 1467 1206 ἐτελεύτησε
1497 1152 1543 1195 ἐν
1572 1150 1730 1196 vab-20

417 1232 485 1272 τῃ.
529 1219 666 1260 ταῦτα
695 1217 774 1274 μὲν
805 1218 857 1274 δὴ
887 1217 1052 1274 ἐγένετο
1083 1216 1226 1273 χρόνῳ
1255 1215 1452 1272 ὕστερον.

339 1415 342 1419 ⁴
363 1368 407 1402 In
432 1366 584 1403 Platon.
613 1366 737 1404 Alcib.
763 1368 781 1403 Ι
801 1381 839 1418 p.
864 1369 942 1408 123
969 1368 1017 1406 E.

364 1435 446 1472 cap.
471 1425 520 1462 19
547 1424 628 1465 Ast.
652 1429 772 1460 exstat
802 1419 1020 1474 Λαμπιδω,

366 1478 470 1530 quod
507 1480 547 1515 iu
585 1478 780 1519 Plutarch.
817 1480 959 1531 Agesil.
989 1481 1020 1528 Ι,

366 1548 469 1572 ιιιιιιο
499 1537 708 1586 repositum
726 1535 852 1574 video.
910 1537 1020 1574 Confi

366 1598 445 1630 not.
466 1593 882 1642 Baumgarten—Crusii.

564 1693 654 1744 Cap.
675 1695 834 1732 LXXII.

429 1755 489 1798 Οὐ
511 1757 582 1810 μὲν
603 1756 716 1810 οὐδὲ]
746 1762 864 1798 Plane
888 1764 940 1800 sic
959 1763 1024 1810 IV,

370 1816 450 1857 205
472 1817 557 1853 coll.
578 1824 672 1855 nott.
696 1816 744 1854 ad
765 1818 809 1865 V,
839 1821 907 1859 98.
963 1818 1026 1856 Ad

369 1884 532 1923 sequens
552 1870 747 1925 κατεγήρα
767 1875 868 1912 conf.
889 1874 1024 1914 Matth.

372 1929 439 1965 Gr.
476 1930 541 1968 Gr.
574 1943 663 1980 pag.
695 1931 791 1971 528.
819 1928 969 1982 παρεόν
991 1938 1028 1968 et

371 1983 412 2022 h.
433 1985 459 2022 l.
481 1992 517 2022 et
532 1987 595 2033 VI,
617 1989 671 2027 82
697 1985 832 2024 dicitur
853 1995 893 2024 ut
912 1986 1031 2040 παρέ-

373 2055 443 2091 χον
473 2042 519 2089 V,
550 2040 622 2087 49,
652 2043 718 2079 ubi
746 2042 821 2080 vid.
862 2045 1031 2081 Verbum

377 2097 617 2147 δωροδοκεῖν
642 2098 753 2147 (dona
778 2103 948 2151 accipere,
967 2114 1032 2151 pe-

377 2155 484 2190 cunia
514 2156 712 2206 corrumpi)
755 2155 892 2194 eodem
921 2170 1034 2194 sensu

376 2209 440 2256 VI,
462 2212 528 2249 82.

435 2261 494 2303 ἐπ’
513 2262 734 2321 αὐτοφώρῳ
768 2265 810 2307 δὲ
834 2264 975 2316 ἁλούς]
1006 2268 1031 2306 i.

381 2334 413 2357 e.
443 2323 479 2356 in
512 2323 586 2371 ipso
607 2322 710 2372 furto
737 2336 766 2360 s.
799 2323 923 2361 delicto
953 2324 1035 2374 fla-

379 2378 521 2426 gravati,
552 2385 594 2414 ut
625 2381 752 2428 aiunt,
796 2380 1035 2430 deprehensus,

380 2439 423 2469 ut
442 2434 504 2480 VI,
527 2435 621 2474 137.
649 2436 730 2483 VII,
752 2438 790 2475 6·
809 2437 906 2474 Plat.
928 2437 1038 2486 Apo-

384 2490 460 2539 log.
480 2503 519 2539 p.
540 2492 594 2529 22
613 2492 658 2530 B.
690 2493 803 2528 Phua
825 2491 1036 2543 Spanhem.

385 2545 432 2582 ad
464 2546 657 2598 Aristoph.
693 2549 795 2585 Plut.
823 2548 918 2589 455
975 2547 1038 2585 Ad

386 2597 530 2649 αυτοῦ,
566 2605 627 2640 cui
656 2617 749 2641 mox
781 2605 976 2642 subiicitur
996 2603 1038 2644 ἐν

387 2661 440 2713 τῷ
471 2659 719 2713 στρατοπέδῳ
747 2661 847 2698 conf.
867 2662 930 2709 IV,
945 2660 1037 2702 135.

389 2700 490 2752 A‘dd.
510 2714 558 2752 ad
588 2715 781 2758 Plutarch.
809 2691 944 2768 Pyrrh.
967 2730 1040 2754 ιιο-

388 2779 463 2808 tata
483 2784 570 2823 pag.
593 2772 671 2814 144
691 2786 768 2826 seq.
797 2773 938 2813 Herod.
959 2775 1040 2821 Vll,

1131 1362 1419 1418 ἐπικατήμενος
1460 1367 1600 1418 χειρίδι
1632 1365 1729 1420 πλέτ

1077 1416 1296 1475 οἷργυρίου]
1327 1425 1353 1460 i.
1376 1436 1408 1462 e.
1439 1424 1596 1461 insidens
1617 1425 1733 1460 mani-

1077 1492 1137 1517 cae
1153 1481 1307 1529 pecunia
1319 1479 1456 1530 plenae.
1486 1481 1611 1531 Vulgo
1636 1494 1734 1532 χειρι

1079 1536 1221 1588 διπλῇ,
1270 1535 1374 1588 quod
1395 1549 1486 1573 οιιιῐι
1505 1538 1572 1573 vix
1599 1548 1736 1574 sanum

1080 1605 1158 1628 esse
1177 1593 1311 1641 possit,
1354 1593 1599 1644 VVesselingii
1629 1605 1736 1629 rece-

1079 1649 1204 1699 pimus
1225 1647 1552 1697 emendationem,
1583 1650 1736 1700 reliquis

1081 1705 1196 1740 etlam
1235 1702 1322 1741 edd.
1359 1706 1559 1755 probatam
1596 1705 1736 1756 χειρίδι

1079 1758 1199 1813 πλέῃ,
1248 1762 1279 1797 si
1312 1760 1469 1812 quidem
1505 1762 1737 1812 Spartanum

1081 1818 1292 1866 cogitemus
1330 1821 1463 1855 scortea
1512 1819 1553 1854 in
1587 1820 1740 1865 manica,

1083 1885 1289 1910 crumenae
1332 1874 1441 1922 loco,
1502 1872 1741 1911 abscondisse

1083 1929 1262 1981 pecunias
1280 1929 1413 1967 furtim
1443 1937 1626 1981 acceptas.
1683 1931 1742 1966 De

1085 1999 1156 2023 usu
1195 1988 1275 2024 τῶν
1306 1987 1487 2038 χειρίδων
1516 1989 1633 2024 citant
1660 1988 1743 2023 Eu-

1087 2040 1199 2080 stath.
1221 2041 1269 2079 ad
1289 2042 1422 2094 Odyss.
1442 2044 1582 2091 XXIV,
1604 2045 1684 2084 229
1707 2049 1744 2079 et

1089 2097 1138 2135 ad
1158 2106 1428 2148 argumentum
1446 2101 1521 2136 loci
1544 2100 1745 2136 confeiunt

1088 2156 1252 2192 Pausan.
1274 2156 1339 2203 111,
1362 2159 1387 2196 7
1410 2157 1448 2200 ξ.
1470 2158 1508 2204 8,
1538 2156 1603 2192 ubi
1623 2156 1744 2191 Aleu-

1091 2210 1184 2247 adae
1232 2210 1505 2248 Thessalorum
1552 2212 1744 2248 nobilissi-

1090 2268 1143 2303 mi
1172 2265 1387 2304 indicantur
1421 2268 1654 2318 corruptelae
1676 2280 1746 2303 au-

1091 2329 1224 2360 ctores.

1148 2375 1227 2418 ὖπό
1242 2377 1497 2429 δικαστήριον
1516 2377 1744 2430 ὑπαχθείς]

1090 2431 1262 2486 ὑπάγειν
1281 2436 1462 2472 Timaeus
1485 2437 1523 2472 in
1542 2438 1636 2475 Lex,
1650 2437 1746 2475 Plat.

1094 2491 1249 2556 exponit
1281 2492 1336 2538 εἰς
1361 2493 1476 2542 δίκην
1502 2488 1670 2543 ἐνάγειν,
1701 2493 1750 2529 ad

1094 2549 1150 2584 ius
1190 2560 1326 2585 vocare.
1384 2549 1497 2584 Plura
1541 2547 1746 2586 Ruhnken.

1094 2602 1143 2640 ad
1161 2602 1199 2640 1ι.
1220 2606 1244 2642 l.
1267 2617 1354 2654 pag.
1376 2607 1456 2645 263
1477 2618 1554 2657 seq.
1585 2607 1644 2641 Ex
1670 2607 1750 2641 He-

1095 2658 1216 2698 rodot.
1239 2661 1340 2697 conf.
1360 2661 1423 2706 VI,
1445 2663 1511 2701 82.
1541 2662 1631 2702 104.
1656 2664 1748 2702 136.

1095 2718 1163 2763 lx,
1192 2719 1243 2756 93
1276 2717 1365 2768 ibiq.
1395 2716 1577 2753 Valcken.
1650 2718 1748 2753 Nam

1096 2773 1180 2810 loco
1220 2773 1504 2824 praepositionis
1531 2769 1612 2812 ὑπὸ
1633 2774 1748 2824 vulgo

1095 2830 1288 2868 invenitur
1308 2829 1374 2876 εἰς.
1433 2828 1544 2875 Quod
1563 2842 1653 2869 vero
1683 2842 1750 2866 ae—
