1897 3340
382 178 1032 218 TERPSICHORE.
1091 180 1135 215 V.

1344 183 1418 222 121

136 289 367 345 Ωμετὲβαλε
394 289 437 340 ἐς
465 289 573 332 ἄλλα
608 286 844 342 οὐνόματα.
887 286 996 329 ἔνθα
1024 287 1097 330 καὶ
1126 291 1328 330 πλεῖστον
1346 305 1425 330 κα-

164 357 358 411 τεγέλασε
387 361 474 400 τῶν
501 357 762 399 Σικυωνίων
773 370 782 380 ·

824 355 892 398 ἐπὶ
919 353 1004 409 γαρ
1040 353 1121 405 ὑός
1150 371 1194 398 τε
1222 356 1295 397 καὶ
1318 353 1426 398 ὄνου

165 424 241 476 τοὶς
270 425 515 479 ἐπωνυμίας
551 423 818 478 μετατιθεὶς,
860 420 972 466 αὐτὰ
1009 422 1062 465 τοὶ
1091 427 1311 466 τελευταῖα
1339 423 1426 466 ἐπὲ-
1439 430 1482 463 75

163 496 296 548 θηκε,
325 490 437 547 πλὴν
465 495 540 547 τῆς
569 491 738 535 ἑωυτοῦ
768 494 929 547 φυλῆς·
970 489 1104 547 ταύτῃ
1144 490 1190 534 δὲ
1218 490 1268 534 τὸ
1300 490 1427 534 οὕνο-

137 566 233 615 3μα
262 557 347 602 ἆπὸ
378 562 453 615 τῆς
482 558 652 603 ἑωυτοῦ
682 557 817 614 ἀρχῆς
846 558 980 601 ἔθετο.
1019 555 1143 602 οὗτοι
1165 558 1245 613 μὲν
1263 559 1316 614 δή
1334 559 1426 613 Ἀρ-

165 626 310 682 χέλαοι
331 626 576 670 ἐκαλέοντο·
609 627 749 680 ἕτεροι
766 626 826 677 δὲ,
853 624 1022 668 Ὑᾶται·
1054 624 1176 668 ἄλλοι
1197 627 1256 678 δὲ,
1285 626 1428 670 Ὀνεᾶ-

138 701 260 737 litae·
289 694 427 750 ἕτεροι
456 695 501 738 δὲ
524 699 772 750 Χοιρεᾶται.

834 693 1038 737 Τούτοισι
1064 698 1178 737 τοῖσι
1208 694 1425 749 οὐνόμασι
1440 702 1484 735 80

163 766 252 805 τῶν
282 764 456 818 φυλέων
486 763 692 820 ἐχρέωντο
726 764 771 807 οἱ
803 762 1066 813 Σικυώνιοι,
1105 762 1179 805 καὶ
1207 762 1276 806 ἐπὶ
1305 766 1428 806 Κλει-

167 830 344 882 σθένεος
375 830 608 887 ἄρχοντος,
644 831 717 875 καὶ
757 830 926 874 ἐκείνου
958 833 1223 883 τεθνεῶτος,
1267 830 1328 874 ἔτι
1357 830 1426 874 ἐπ’

298 1041 390 1092 cap.
411 1042 583 1078 valn.

164 1095 228 1136 ἐπὶ
266 1094 341 1150 γὰρ
383 1094 452 1144 ν’ὀς
480 1113 520 1138 τε
565 1096 631 1136 καὶ
664 1095 762 1136 ὄνου

106 1149 178 1200 τας
222 1152 450 1204 ἐπωνυμίας
510 1154 761 1206 μετατιθεὶς]

108 1210 208 1255 Quas
236 1209 462 1248 Schaeferus
482 1219 566 1262 post
596 1207 694 1250 ὄνου
717 1210 764 1247 de

107 1279 175 1303 suo
218 1268 375 1304 inseruit
415 1267 507 1304 duas
547 1281 659 1305 voces
699 1266 766 1306 καὶ

107 1323 258 1375 χοίρου,
280 1337 340 1361 eas
360 1337 439 1360 non
469 1338 579 1361 ausus
599 1337 684 1361 sum
704 1337 767 1360 re-

108 1381 253 1430 cipere,
286 1394 407 1432 quum
438 1394 458 1417 a
490 1382 592 1417 libris
623 1382 767 1431 scriptis

109 1436 293 1489 editisque
338 1450 458 1488 aeque
507 1439 641 1474 absint.
709 1439 766 1473 De

108 1506 179 1529 usu
199 1495 484 1544 praepositionis
513 1493 578 1533 ἐπὶ
599 1494 700 1530 conf.
721 1494 766 1540 V,

110 1548 176 1589 65.
208 1551 260 1590 69
290 1557 326 1586 et
356 1549 403 1586 de
431 1563 526 1588 voce
561 1549 767 1601 ἐπωνυμία

105 1605 259 1655 (nomen)
278 1607 322 1653 V,
344 1609 411 1648 66.

161 1658 262 1701 αὕτα
282 1659 328 1702 τὰ
350 1666 550 1702 τελευταῖα
571 1661 760 1713 ἐπέθηκε]

105 1718 130 1755 i.
151 1732 184 1756 e.
206 1719 300 1757 solas
321 1723 352 1757 et
370 1734 438 1757 non
456 1722 527 1757 nisi
545 1721 764 1757 terminatio-

105 1788 165 1813 nes
187 1776 343 1825 addidit,
372 1784 558 1829 quatenus
579 1778 764 1813 nimirum

107 1845 128 1868 e
151 1834 306 1870 vocibus
332 1831 428 1881 ὑός,
458 1830 581 1880 ὄνου,
613 1832 763 1884 χοίρου,

105 1891 373 1928 terminatione
403 1905 490 1929 αται
503 1889 654 1940 Δειᾶἰεέοῒξι
674 1903 766 1941 pro-

108 1946 246 1983 dierint
256 1943 763 1994 nomina‘Tffiwu'Ovchz-at,

109 2006 322 2056 Χοιρεᾶται
335 2034 344 2051 ,
364 2005 416 2041 ita
435 2011 479 2041 ut
498 2003 573 2040 fine
593 2004 764 2041 vocabu-

107 2060 254 2109 lorum,
283 2074 333 2097 ne
355 2060 529 2098 audirent
548 2057 627 2108 ὕες,
664 2058 763 2106 ὄνοι,

107 2120 253 2167 χοῖροι,
305 2116 512 2156 differrent.
590 2117 652 2154 Ad
691 2118 766 2154 loci

107 2181 376 2223 argumentum
423 2175 545 2211 teneri
593 2175 766 2223 velimus,

109 2243 207 2282 quae
226 2232 303 2267 iam
316 2230 364 2268 ad
381 2231 427 2278 V,
451 2232 598 2272 67init.
619 2230 666 2268 de
687 2232 767 2268 Cli-

106 2285 240 2323 sthene
261 2289 494 2335 monuimus,
518 2301 635 2340 quem
654 2302 766 2338 pere-

107 2345 215 2394 grina
236 2343 441 2381 oriundum
460 2346 586 2396 stirpe,
619 2345 705 2382 odio
727 2346 767 2381 in

107 2402 226 2438 Dores
247 2413 290 2438 ac
310 2403 530 2452 praesertim
549 2403 589 2437 in
602 2403 768 2453 optima-

108 2463 174 2505 tes,
206 2470 228 2494 a
261 2459 397 2510 quibus
426 2459 497 2495 sibi
515 2459 673 2495 timebat
703 2466 767 2510 ty-

109 2526 261 2561 rannus,
284 2514 443 2552 ductum
459 2516 510 2552 ita
530 2515 660 2552 fecisse
680 2528 767 2552 ma-

108 2571 212 2606 xime
232 2571 274 2608 fit
293 2572 501 2622 probabile.
558 2573 601 2608 In
621 2574 766 2608 Dorum

109 2639 200 2663 vero
229 2628 440 2665 civitatibus
467 2628 556 2665 inde
587 2629 633 2665 ab
666 2629 766 2665 anti-

111 2683 289 2734 quissimo
317 2697 410 2722 aevo
441 2698 561 2737 quum
588 2692 662 2722 tres
683 2686 768 2736 ple-

115 2751 276 2790 rumque
305 2742 422 2778 tribus
452 2756 482 2779 s.
511 2739 642 2791 φυλάς
671 2755 767 2779 con-

110 2795 255 2832 stitutas
275 2797 523 2846 inveniamus,
545 2800 598 2835 nil
614 2800 766 2846 mirum,

822 1039 990 1091 Sicyone
1024 1052 1178 1092 quoque
1214 1039 1296 1076 illas
1327 1039 1482 1090 reperiri

819 1103 894 1133 tres
916 1093 1047 1145 φυλάς
1078 1110 1167 1134 vere
1194 1098 1362 1144 Doricas,
1395 1097 1482 1147 qui—

820 1154 891 1189 bus
926 1166 1023 1205 quae
1070 1160 1199 1205 quarta
1234 1153 1359 1189 addita
1392 1160 1482 1198 erat,

823 1223 910 1246 eam
948 1212 1171 1260 peregrinae
1207 1212 1328 1260 stirpis
1370 1210 1483 1246 fuisse

822 1267 884 1303 vel
906 1279 950 1302 eo
970 1268 1164 1317 probatur,
1187 1266 1290 1317 quod
1311 1268 1390 1316 ipse
1403 1267 1484 1302 Cli-

823 1321 998 1371 sthenes,
1045 1325 1109 1374 qui
1137 1322 1227 1359 huic
1268 1323 1381 1359 tribui
1414 1322 1484 1359 ad-

823 1380 981 1430 scriptus
1013 1387 1113 1428 erat,
1145 1381 1367 1430 peregrinus
1400 1379 1483 1426 fuit,

823 1437 943 1472 Dores
962 1449 1066 1482 vero,
1086 1450 1135 1473 ne
1160 1438 1242 1488 quis
1263 1437 1484 1487 peregrinus

823 1493 898 1529 suis
925 1494 1122 1542 gentibus,
1154 1506 1252 1544 quae
1277 1492 1367 1529 inde
1397 1494 1484 1543 pol—

823 1550 1018 1585 luerentur
1039 1556 1075 1586 et
1088 1551 1390 1600 inquinarentur,
1414 1549 1484 1585 ad-

819 1606 1066 1653 scriberetur,
1097 1605 1229 1643 sedulo
1251 1607 1390 1642 cavisse
1411 1619 1485 1642 no-

818 1664 1007 1699 tissimum
1029 1669 1096 1699 est.
1155 1664 1257 1700 Suae
1279 1664 1394 1713 igitur
1415 1664 1485 1698 tri-

820 1720 885 1756 bui
916 1726 1099 1770 tyrannus
1129 1718 1284 1756 honoris
1324 1721 1485 1770 plenum

820 1775 958 1812 indidit
977 1777 1155 1812 titulum:
1180 1772 1392 1827 Ἀρχέλαοι,
1409 1778 1435 1812 i.
1450 1790 1483 1813 e.

815 1833 984 1883 populum
1003 1837 1181 1882 regentes,
1209 1835 1396 1883 principes,
1417 1832 1485 1869 clu-

822 1902 877 1926 ces
882 1889 1006 1939 populi
1014 1904 1025 1936 3
1048 1891 1202 1942 reliquis
1214 1890 1386 1926 tribubus
1399 1891 1482 1926 Do—

822 1947 906 1982 ricis
937 1947 1010 1982 alia
1040 1959 1109 1997 per
1138 1953 1376 1983 contemtum
1405 1948 1483 1982 im-

820 2004 946 2054 posuit
979 2005 1157 2050 nomina,
1206 2016 1227 2039 a
1257 2017 1339 2050 sue,
1370 2005 1483 2049 asino,

815 2073 919 2109 porco
938 2062 1095 2111 repetita
1114 2058 1260 2107 Ἳὶῐται,
1291 2055 1484 2103 Ὀνεᾶται,

827 2118 1054 2166 Χοιρεᾶται.
1114 2117 1219 2162 Quae
1251 2118 1409 2153 nomina
1439 2117 1484 2154 C.

825 2174 869 2210 Ο.
886 2174 1036 2210 Miiller.
1053 2175 1145 2211 Dor.
1160 2175 1196 2209 II
1216 2186 1305 2225 pag.
1320 2176 1374 2214 60
1396 2174 1485 2211 coll.

823 2231 841 2266 Ι
860 2243 949 2281 pag.
982 2233 1062 2271 162
1093 2232 1254 2267 minime
1284 2231 1323 2266 iu
1344 2238 1484 2268 contu-

823 2288 979 2323 meliam
1004 2288 1176 2325 tribubus
1195 2288 1340 2324 Doricis
1362 2301 1383 2324 a
1404 2288 1484 2324 Cli-

824 2342 958 2381 sthene
998 2345 1175 2397 imposita
1215 2358 1294 2381 esse
1343 2351 1483 2392 censet,

823 2401 1026 2453 ipsumque
1081 2400 1320 2439 Herodotum
1369 2408 1485 2451 negat

823 2459 1053 2508 respublicas
1111 2465 1212 2495 recte
1277 2457 1485 2495 diiudicare

820 2516 1009 2565 potuisse,
1041 2528 1131 2552 cum
1165 2528 1210 2552 eo
1241 2516 1366 2566 potius
1397 2528 1484 2564 spe-
1524 2550 1527 2555 ,

823 2578 940 2608 ctasse
954 2571 1187 2609 Clisthenem
1207 2573 1402 2622 probabile
1422 2572 1482 2617 sit,

823 2635 865 2665 ut
881 2630 1000 2665 Dores
1021 2629 1149 2666 relicta
1178 2629 1272 2665 urbe
1294 2629 1391 2678 agris
1417 2639 1483 2663 co-

823 2685 945 2722 lendis
956 2686 1211 2737 gregibusque
1228 2684 1370 2721 alendis
1390 2695 1482 2732 ope—

825 2755 907 2779 ram
927 2741 1017 2779 dare
1037 2749 1201 2793 cogeret,
1231 2754 1280 2777 ne
1301 2738 1393 2791 quid
1413 2739 1482 2787 ipsi

826 2800 989 2849 amplius
1029 2799 1076 2835 ab
1108 2799 1178 2834 illis
1209 2798 1301 2833 urbe
1331 2795 1482 2830 inclusis
