1897 3340
107 421 164 463 17
225 442 388 469 πιπτον
415 422 578 478 τύχῃσι.

98 1035 158 1079 18

633 179 934 218 ΕΒΑΤΟ.
995 180 1069 217 VI.

1413 184 1496 223 247

223 291 335 334 ἰέναι
363 292 434 334 ἐπὶ
466 289 544 339 τοίς
579 291 816 342 γυναῖκας,
859 286 1119 343 ἐξεβοήθεον
1147 288 1382 344 πανδημεὶ,
1424 290 1499 333 καὶ

226 359 418 402 ἔκτεινον
447 355 551 406 τούς
571 356 720 405 Χίους·
752 349 877 398 οὗτοι
896 355 976 411 μέν
1001 373 1086 399 νυν
1107 354 1335 413 τοιαύτῃσι
1358 358 1498 411 περιέ-

638 421 882 474 Διονύσιος
921 423 969 466 δὲ
997 423 1022 468 ὁ
1059 423 1292 476 Φωκαεύς,
1332 424 1497 468 ἐπείτε

226 495 358 548 ἔμαθε
386 494 475 534 τῶν
503 487 660 532 Ἰώνων
689 489 742 533 τὰ
771 489 1006 546 πρήγματα
1035 491 1351 548 διεφθαρμένα,
1396 492 1497 544 νέας

222 560 331 604 ἑλών
357 564 469 612 τρεῖς
498 560 588 602 τῶν
616 560 858 614 πολεμίων,
889 557 1069 604 ἀπέπλεε
1099 559 1142 611 ἐς
1169 559 1249 621 μὲν
1285 558 1497 604 Φώκαιαν

221 627 386 680 οὐκέτι,
426 623 477 670 εὖ
516 625 643 678 εἰδώς
681 625 740 678 ὦς
778 625 1133 682 ἀνδραποδιεῖται
1174 627 1259 671 σύν
1299 631 1354 684 τῇ
1386 627 1553 686 &unffi

215 692 378 751 Ἰωνίῃ·
436 692 459 738 ὁ
503 694 548 738 δὲ
585 693 736 745 ἰθέως,
783 693 842 746 ὥς
874 693 977 751 εἶχε,
1017 696 1152 740 ἒπλωε
1189 695 1231 746 ἐς
1266 697 1494 751 Φοινίκην.

191 760 416 817 ἓγαύλους
447 762 494 806 δὲ
535 761 731 806 ἐνθαῦτα
768 762 1039 814 καταδύσας,
1088 764 1161 807 καὶ
1189 762 1389 820 χρήματα
1420 769 1488 807 λα-

219 829 315 886 βών
335 829 485 882 πολλοὶ,
514 829 661 873 ἔπλωε
693 830 736 881 ἐς
767 833 998 889 Σικελίην·
1038 830 1317 887 ὁρμεώμενος
1347 830 1394 874 δὲ
1423 831 1494 875 ἐν-

215 902 397 950 θεῦτεν,
435 897 610 954 ληϊστής
632 898 907 956 κατεστήκεε,
933 899 1152 956 Ἑλλήνων
1183 899 1261 955 μὲν
1293 897 1492 953 οὐδενός,

217 968 532 1022 Καρχηδονίων
563 967 609 1010 δὲ
637 967 711 1010 καὶ
745 968 999 1025 Τνρσηνῶν.

1557 424 1722 459 Dionysius
1751 428 1828 455 Pho-

1555 466 1645 485 caeus
1665 460 1703 492 [c.
1734 461 1794 487 115.

1556 492 1690 519 Siciliam
1709 491 1793 527 petis,

1556 526 1637 553 unde
1661 526 1827 554 latrociniis

1556 568 1639 587 mare
1659 559 1793 588 intonat.

1550 764 1630 805 446

300 1035 355 1077 Οἱ
384 1034 429 1078 δὲ
461 1034 626 1089 Πέρσαι
662 1034 752 1078 ἐπεί
781 1052 825 1079 τε
854 1040 909 1093 τῇ
949 1037 1168 1092 ναυμαχίῃ
1201 1036 1357 1079 ἐνίκων
1388 1035 1680 1088 τούς3οῑῐῑῐεῑυεἱ
1705 1047 1791 1071 ΜΝ·

1551 1080 1618 1110 post
1628 1075 1824 1105 rebellionem

204 1101 380 1155 Ἴωνας,
421 1101 502 1158 τήν
532 1105 734 1159 Μίλητον
763 1106 1096 1160 πολιορκέοντες
1125 1106 1172 1148 ἐκ
1202 1108 1279 1160 γῆς
1308 1103 1384 1146 καὶ
1411 1109 1490 1147 θα·
1549 1118 1629 1136 a¹¹¹¹⁰
1649 1110 1691 1143 [a.
1712 1109 1786 1147 4⁹8]

212 1169 394 1226 λάσσης,
435 1171 507 1214 καὶ
536 1170 866 1225 ὑπορύσσοντες
896 1173 949 1217 τοὶ
980 1175 1142 1229 τείχεα,
1178 1171 1253 1215 καὶ
1281 1173 1492 1223 παντοίας

213 1239 407 1293 μηχανάς
437 1239 788 1294 προσφέροντες,
833 1241 1033 1296 αἱρέουσι
1062 1237 1159 1284 κατ’
1193 1238 1348 1295 ἄκρης,
1379 1239 1488 1300 ἕκτῳ

212 1303 298 1348 ἔτεϊ
325 1303 409 1348 ἀπὸ
439 1309 517 1361 τῆς
547 1305 814 1360 α’ποστάσιος
842 1313 917 1366 τῆς
943 1305 1277 1364 Ἀρισταγόρεω·
1309 1307 1382 1350 καὶ
1414 1305 1488 1362 ἧν-

213 1375 537 1427 δραποδίσαντο
578 1373 659 1431 τὴν
689 1375 840 1429 πόλιν,

153 1548 246 1584 tavit
264 1545 488 1585 Larcherus.
518 1570 573 1576 —
615 1551 674 1586 De
694 1549 817 1600 parti-

152 1604 247 1641 culis
264 1601 472 1644 οὕτε-τε
491 1605 541 1642 cf.
559 1613 655 1643 nott.
676 1606 725 1643 ad
749 1607 813 1655 VI,

155 1663 174 1700 1
198 1667 235 1697 et
265 1660 314 1698 ad
336 1662 498 1699 verbum
524 1659 815 1712 καταδόξαντες

151 1717 200 1755 cf.
221 1719 286 1766 ΙΠ,
306 1721 374 1759 27.

367 1775 459 1826 cap.
481 1776 604 1813 XVII.

207 1826 561 1883 ἀνδραποδιεῖται]
580 1833 706 1870 sensu
725 1845 816 1883 pas-

149 1887 230 1924 sivo
252 1888 539 1939 accipiendum:
571 1888 619 1927 de
639 1902 717 1942 quo
737 1887 817 1926 vid.

147 1950 244 1981 nott.
276 1944 325 1982 ad
352 1946 397 1993 V,
433 1946 502 1988 35.
559 1946 623 1984 Ad
651 1947 818 1983 locutio-

146 2014 239 2037 nem
273 2000 328 2049 οἷς
365 1998 443 2053 εἶχε
486 2000 610 2051 (cuius
646 2005 727 2041 vim
759 2004 812 2040 ita

148 2059 293 2095 Gallice
325 2061 507 2110 expressit
526 2059 706 2098 Larcher.
728 2073 811 2097 sans

143 2114 273 2165 pet-dre
292 2128 340 2152 un
359 2121 503 2154 moment
525 2121 559 2154 et
593 2118 685 2155 dans
706 2117 810 2153 l’e'tat

146 2172 190 2208 οὰ
213 2172 239 2209 il
266 2172 378 2223 e'toit)
409 2174 512 2210 conf.
542 2176 572 2222 Ι,
604 2172 660 2214 24
689 2181 726 2210 et
760 2172 809 2210 de

145 2241 240 2266 voce
270 2232 419 2281 γαῦλος
437 2237 534 2268 nott.
557 2229 607 2267 ad
625 2232 690 2278 111,
714 2233 808 2278 136,

145 2286 282 2336 quibus
302 2300 406 2324 nuuc
427 2286 516 2324 add.
536 2289 658 2324 Kruse
682 2289 809 2324 Hero—

128 2341 229 2379 ¹dots
265 2343 458 2381 Ausmess.
488 2343 526 2382 d.
557 2346 702 2381 Pontus
733 2351 806 2381 etc.

144 2411 231 2449 pag.
275 2401 366 2440 102.
460 2402 537 2438 Pro
582 2397 806 2447 καταδύσας

145 2456 407 2505 (submergens)
438 2457 480 2493 in
510 2457 658 2495 duobus
691 2456 805 2494 codd.

144 2512 244 2548 male
291 2509 528 2560 καταλύσας.
567 2515 802 2564 Wesseling.

144 2569 233 2604 citat
262 2570 331 2616 XI,
353 2572 420 2610 27.
442 2571 530 2617 XII,
549 2573 587 2610 3.
608 2570 676 2612 48.
697 2572 802 2619 XHI,

150 2625 213 2663 10.
238 2626 340 2672 XIV,
361 2625 414 2666 49
435 2627 563 2677 ibique.
583 2633 679 2665 nott.

354 2682 446 2733 Cap.
467 2683 607 2720 XVIII.

201 2734 379 2787 αἷρὲουσι
397 2734 480 2777 κατ’
502 2736 654 2791 ἄκρης]
676 2740 806 2776 Locu-

147 2792 197 2828 tio
227 2789 330 2829 haud
358 2793 576 2847 infrequens
612 2794 660 2832 de.
699 2796 804 2843 urbe,

883 1375 993 1420 ὤστε
1033 1374 1289 1431 συμπεσέειν
1328 1375 1376 1419 τὸ
1407 1375 1544 1418 ποί-35

874 1561 975 1601 quae
1002 1548 1154 1600 penitus
1185 1562 1214 1587 s,
1238 1550 1345 1584 omni
1366 1562 1419 1601 ex*
1434 1556 1542 1600 parte

872 1606 1040 1656 capitur,
1083 1618 1173 1642 cum
1205 1607 1358 1655 proprie
1390 1606 1540 1643 valeat:

872 1662 954 1700 inde
981 1676 1004 1700 a
1032 1674 1164 1700 summo
1196 1663 1334 1711 vertice,
1361 1676 1384 1699 a
1410 1665 1538 1713 capite.

870 1721 984 1766 Nam,
1005 1726 1048 1755 ut
1063 1720 1113 1756 ait
1124 1717 1450 1769 Schweighaeus„
1472 1732 1539 1756 ca-

871 1783 942 1827 put
963 1782 999 1812 et
1018 1777 1216 1813 summitas
1237 1777 1339 1813 urbis
1359 1777 1390 1813 si
1414 1789 1539 1827 expu-

871 1839 988 1883 gnata
1021 1840 1097 1880 est,
1147 1845 1284 1883 parum
1322 1832 1370 1869 de
1403 1833 1538 1871 ceteris

872 1885 1103 1926 laboramus.
1134 1890 1200 1926 Tu
1219 1888 1296 1926 vid.
1310 1888 1454 1926 Herod.
1470 1890 1535 1938 VI,

874 1947 941 1986 82.
962 1947 1119 1983 Homer.
1140 1946 1185 1982 ΙΙ.
1198 1947 1304 1992 XIII,
1324 1948 1421 1994 772,
1441 1946 1535 1998 ibiq.

865 2002 1041 2040 Eustath.
1055 2010 1092 2040 et
1104 2003 1230 2054 Heyn.
1254 2003 1305 2039 T.
1316 2003 1368 2040 VI
1387 2016 1426 2053 p.
1438 2003 1535 2044 505.

865 2060 953 2108 XV,
985 2060 1080 2101 557.
1108 2060 1305 2100 Lambert.
1334 2061 1422 2096 Bos.
1462 2060 1534 2096 El-

865 2117 967 2168 lipss.
996 2118 1042 2153 L.
1075 2117 1141 2154 Gr.
1172 2129 1258 2167 pag.
1294 2118 1388 2157 399.
1421 2117 1531 2154 Hess-

862 2173 904 2209 iu
936 2172 1132 2210 Plutarch.
1162 2173 1398 2210 Timoleont.
1431 2172 1533 2223 Spe-

866 2231 954 2267 cim.
977 2244 1015 2281 p.
1037 2229 1102 2270 84.
1123 2231 1217 2267 Mox
1235 2243 1325 2267 cum
1344 2227 1530 2280 Schwgh.

866 2294 903 2324 et
943 2287 1060 2324 Gaisf.
1104 2288 1225 2324 abieci
1251 2287 1368 2324 verba
1399 2285 1442 2325 ἐν
1459 2288 1529 2341 τῷ,

865 2356 963 2396 quae
986 2343 1120 2381 dativis
1143 2342 1239 2395 ἕκτῳ
1267 2342 1344 2399 ἔτεϊ
1363 2341 1528 2379 duorum

863 2399 977 2438 codd.
1018 2401 1240 2437 auctoritate
1286 2398 1527 2447 Schaeferus,

1551 1147 1653 1179 capta,

861 2471 980 2510 quem
997 2458 1168 2509 sequitur
1186 2456 1335 2502 Matth„
1362 2469 1540 2508 praepo-.

860 2520 999 2552 suerat.
1019 2536 1076 2541 ——-
1124 2516 1170 2550 In
1199 2513 1276 2549 fine
1303 2526 1387 2564 cap.
1408 2514 1524 2551 verba

861 2566 961 2610 ὥστε
996 2568 1232 2621 συμπεσέειν
1259 2567 1304 2610 τό
1323 2565 1460 2617 πάθος
1484 2584 1520 2609 κ.

859 2642 892 2667 τ.
915 2629 948 2666 λ.
975 2625 1197 2678 Schweigh.
1216 2627 1270 2663 ita
1295 2628 1523 2677 iuterpreta-

860 2690 943 2721 tur:
974 2687 1014 2720 ut
1034 2685 1126 2734 quod
1150 2683 1284 2720 accidit
1305 2684 1396 2730 urbi,
1427 2683 1521 2719 coin-

861 2741 1011 2786 ciderit,
1051 2742 1251 2789 congruerit
1282 2752 1361 2776 cum
1383 2737 1521 2775 oraculi

861 2809 1019 2847 responso
1037 2799 1074 2834 in
1094 2796 1197 2834 illam
1215 2795 1321 2834 edito.
