1897 3340
321 140 406 181 826
709 140 713 146 ⁴
889 141 1242 178 ADDENDA

324 248 375 283 Ad
400 248 478 292 VII,
505 249 570 285 123
595 259 673 294 pag.
697 249 765 284 617
789 249 846 284 lin.
871 249 903 285 4.
953 251 1019 284 Pro
1057 250 1246 294 Κροσσαίη
1280 250 1407 296 Negris
1443 252 1657 296 amplectitur
1682 254 1813 288 Pauwii

542 300 578 329 et
604 294 767 327 harcheri
791 296 1053 330 emendationem
1077 297 1279 340 Κρουσαίη.
1306 319 1351 324 —
1393 298 1493 337 Quod
1519 299 1559 331 ad
1585 300 1706 333 Axium
1731 302 1812 334 atti-

541 344 598 375 net
624 341 775 381 fluvium,
799 341 841 374 de
865 354 931 387 quo
956 342 1024 375 dixi
1052 354 1081 387 p.
1109 346 1188 384 (318,
1215 344 1363 385 aliosque
1389 342 1512 376 fluvios
1548 344 1600 377 hic
1634 347 1675 377 ab
1703 346 1812 379 Hero-

544 387 624 420 doto
653 391 861 425 memoratos,
886 389 1045 421 observat
1071 389 1268 432 Consinery.
1296 389 1315 423 Ι.
1343 389 1362 421 Ι.
1391 389 1403 421 Ι
1431 401 1464 433 p,
1488 391 1543 423 53.
1559 391 1600 425 61
1617 403 1689 435 seq.
1715 403 1813 426 omne

546 432 768 465 Macedoniae
802 432 880 466 litus
913 434 981 466 tale
1015 445 1108 472 esse,
1141 439 1179 467 nt
1211 434 1293 467 mari
1328 435 1403 468 olim
1435 446 1585 478 magnam
1611 436 1812 471 continentis

547 482 659 511 terrae
682 481 812 521 partem
836 483 962 511 tectam
985 480 1044 512 sed
1071 481 1245 513 fluviorum
1264 481 1309 513 ibi
1330 481 1361 513 in
1387 491 1477 513 mare
1501 483 1692 516 exeuntium
1725 485 1810 517 aliu·

544 523 698 555 vionibus
720 523 842 555 sensim
866 524 1057 568 sensimque
1080 531 1269 568 porrectam
1294 531 1329 559 et
1350 527 1521 560 dilatatam
1561 528 1666 561 fuisse
1705 530 1811 563 conii-

542 569 634 609 cias3
659 568 748 600 unde
772 569 871 601 etiam
895 569 1026 602 iliorum
1051 571 1236 608 fluviorum,
1261 584 1292 605 v.
1306 584 1334 605 c.
1362 573 1445 613 Axii,
1471 573 1713 615 Haiiacmonis,
1739 576 1810 618 Ly-

541 614 639 653 diae,
674 625 793 646 cursus
828 615 925 647 vaide
961 618 1146 659 temporum
1179 617 1321 650 decursu
1348 623 1492 650 mutatos
1517 619 1622 652 fuisse
1647 632 1808 665 perquam

541 659 714 693 credibile.
765 660 924 703 Lydiam,
957 661 999 693 de
1023 672 1088 704 quo
1115 661 1241 694 Noster
1260 664 1330 701 Ὴῐ,
1358 666 1433 703 127,
1465 665 1663 708 (Ῐουεῐῐιότ)’.
1688 667 1810 700 asserit

542 705 593 749 (p.
608 706 672 747 62)
697 716 784 737 nunc
802 706 917 738 vocari
945 708 1187 740 Gara-Amnem
1210 707 1230 740 ἰ.
1256 720 1285 741 e.
1310 711 1449 752 nigrum
1474 714 1510 743 et
1529 713 1740 753 profundum
1765 714 1808 746 ob

539 762 646 794 aquas
672 751 825 783 turbidas
849 751 1046 796 alvenmque
1070 753 1280 796 profundum,
1306 751 1472 799 cursuque
1496 756 1596 789 valde
1622 762 1747 791 mutato
1766 758 1809 792 ad

540 807 631 829 mare
655 796 765 829 delabi
800 808 864 829 non
888 797 986 830 aliter
1010 804 1114 841 atque
1138 799 1410 839 Haliacmonem,
1433 800 1475 833 de
1499 813 1564 845 quo
1591 803 1688 845 plura
1721 804 1808 837 idem

540 841 739 883 Cousinery.
768 853 799 885 p.
813 845 870 882 66,
894 843 949 887 qni
969 854 1044 887 pag.
1059 847 1104 878 60
1130 844 1302 878 Echedori
1325 856 1459 890 quoque
1473 847 1634 885 meminit,
1660 855 1696 882 ut
1708 860 1808 892 quem

537 899 601 920 non
628 887 724 930 longe
749 891 788 920 ab
815 889 898 921 urbe
923 889 1178 931 Thessalonica,
1202 891 1260 923 ubi
1285 890 1317 923 in
1350 901 1442 924 mare
1466 891 1554 933 exit,
1586 893 1658 937 ipse
1695 901 1808 928 trans-

538 945 677 976 gressus
702 934 745 965 sit
769 933 925 977 exiguum
950 939 985 967 et
1010 935 1198 974 turbidum,
1232 940 1270 968 ut
1302 948 1384 969 sane
1420 948 1440 969 a
1466 937 1590 971 Xerxis
1614 939 1720 983 copiis
1744 952 1807 974 ex·-

535 979 690 1012 haustum
711 979 815 1012 fnisse
843 980 931 1024 quod
956 981 1151 1014 Herodotus
1173 981 1280 1015 tradit
1303 982 1470 1024 vl1,127,
1503 983 1538 1016 id
1571 995 1592 1017 a
1626 996 1708 1018 vero
1742 997 1808 1019 non

534 1035 672 1068 prorsus
696 1026 843 1059 aiienum
867 1026 976 1059 videri
1000 1027 1148 1060 debebit.

315 1079 366 1113 Ad
391 1079 469 1124 VII,
498 1082 563 1117 125
588 1093 666 1125 pag.
693 1083 760 1117 690
784 1083 847 1117 col.
872 1083 1009 1116 secund.
1033 1083 1091 1116 lin.
1119 1084 1159 1117 15
1185 1084 1295 1117 adde=
1343 1084 1432 1118 Hinc.
1467 1084 1568 1119 etiam
1599 1085 1642 1119 ad
1666 1084 1806 1120 Homeri

534 1127 658 1170 odyss.
685 1128 743 1169 Vl,
773 1130 837 1164 102
860 1140 969 1172 seqq,
993 1129 1050 1162 ubi
1075 1130 1167 1163 cervi
1184 1133 1314 1163 tantum
1342 1135 1378 1164 et
1401 1130 1474 1175 apri
1492 1138 1805 1173 commemorantur,

532 1172 736 1217 interpretes
759 1179 895 1208 veteres
920 1174 1062 1208 Homeri
1085 1175 1309 1219 cognitionem
1335 1176 1493 1218 laudant,
1530 1181 1568 1210 ut
1600 1178 1656 1221 qui
1680 1177 1805 1219 leones,

531 1230 616 1263 quos
641 1220 890 1264 Peioponnesus
917 1220 1007 1254 haud
1031 1220 1122 1262 alat,
1147 1221 1282 1255 minime
1302 1221 1550 1256 memoraverit.
1597 1223 1685 1257 Sunt
1708 1223 1805 1256 nimi-

530 1276 617 1305 rum,
641 1266 694 1307 qui
719 1266 795 1299 oiim
819 1278 953 1310 quoqne
979 1278 1039 1311 per
1063 1267 1149 1300 hanc
1185 1268 1357 1302 Graeciae
1389 1271 1520 1312 partem
1553 1270 1664 1303 leones
1698 1270 1805 1304 fuisse

530 1311 723 1345 existiment
745 1324 854 1357 eoque
878 1314 1039 1354 referant,
1063 1325 1152 1357 quae
1187 1313 1229 1346 de
1255 1315 1425 1348 Nemeaeo
1449 1315 1544 1348 leone
1565 1315 1757 1348 traduntur.

311 1366 362 1399 Ad
391 1366 466 1409 VII,
497 1369 562 1402 129
587 1379 665 1412 pag.
691 1370 758 1402 627
784 1369 845 1402 coi.
869 1380 937 1403 sec.
963 1370 1020 1406 lin.
1052 1373 1084 1405 1.
1131 1369 1388 1404 Distinctionem
1412 1371 1572 1404 minorem
1606 1377 1685 1405 ante
1721 1372 1802 1407 Pin-

530 1415 594 1447 dus
619 1420 710 1447 muta
734 1415 767 1447 in
795 1415 963 1449 maiorem.

311 1469 360 1502 Ad
388 1470 466 1514 VH,
494 1472 553 1506 131
584 1482 660 1516 pag.
680 1472 753 1507 ,633
776 1471 832 1505 lin.
857 1473 890 1506 7.
938 1474 990 1508 De
1015 1473 1132 1508 Pieria
1156 1474 1246 1507 conf.
1271 1472 1373 1507 etiam
1405 1471 1560 1508 Nitzsch.
1588 1473 1632 1507 ad
1665 1473 1802 1507 Homeri

531 1518 655 1561 OdJSS.
691 1518 732 1559 V,
759 1518 803 1552 50
828 1530 863 1563 p.
893 1520 946 1554 12.

308 1572 359 1606 Ad
385 1573 464 1616 VII,
493 1574 558 1611 139
583 1586 660 1618 pag.
686 1573 753 1609 645
763 1587 835 1619 seq.
886 1576 988 1610 Ponit
1011 1576 1157 1610 Schoell.
1182 1575 1234 1617 (in
1258 1575 1439 1609 vernacula
1451 1573 1613 1608 Herodoti
1629 1574 1800 1618 versione)

527 1620 738 1653 Herodotum
763 1621 812 1654 sic
837 1621 988 1655 scribere
1011 1626 1091 1655 ante
1116 1622 1250 1667 Olymp.
1278 1620 1409 1654 LXXX
1443 1631 1506 1653 non
1543 1621 1692 1664 potuisse
1723 1624 1799 1654 val-

527 1666 636 1710 deque
671 1666 747 1699 hinc
780 1667 854 1700 fieri
889 1668 1079 1708 verisimile,
1118 1668 1222 1709 talia,
1257 1667 1321 1700 nisi
1346 1666 1452 1700 omnis
1475 1666 1558 1699 haec
1580 1667 1696 1709 operis
1718 1678 1800 1711 pars

526 1711 634 1745 medio
659 1712 747 1745 bello
772 1712 1056 1758 Peioponnesiaco
1080 1713 1209 1757 scripta
1232 1713 1287 1752 sit,
1310 1712 1485 1756 postmodo
1509 1723 1572 1756 per
1602 1712 1679 1745 belli
1702 1712 1798 1746 istius

525 1757 701 1791 decursum
728 1770 747 1791 a
772 1764 870 1802 patre
894 1759 1058 1792 historiae
1082 1759 1177 1804 operi
1200 1771 1261 1792 suo
1285 1759 1413 1791 inserta
1437 1757 1553 1790 fuisse.

308 1809 359 1844 Ad
385 1811 462 1853 VH,
489 1813 554 1850 140
581 1826 658 1859 pag.
684 1815 752 1850 650
775 1816 830 1848 lin.
857 1818 888 1851 6.
937 1816 1091 1850 Retinnit
1124 1815 1251 1860 Negris
1284 1813 1494 1849 ἐπικίδνατε
1529 1814 1593 1847 hoc
1624 1814 1720 1847 modo
1745 1815 1797 1848 in-

525 1865 740 1903 terpretans:
785 1859 1003 1904 περιχύσατε
1037 1860 1104 1905 τὴν
1143 1859 1268 1905 ψυχήν
1304 1871 1371 1899 σας
1393 1871 1436 1903 με
1463 1857 1585 1894 δεινοὶ·
1632 1858 1798 1894 τουτέστι

527 1904 656 1950 λάβετε
682 1907 839 1948 καρδίαν
864 1905 958 1941 ὥστε
982 1904 1028 1941 vd
1055 1908 1242 1951 δυνηθῆτε
1265 1905 1312 1940 v&
1337 1903 1550 1949 ὑποφέρητε
1585 1904 1652 1945 τὰς
1685 1905 1797 1945 τόσας

527 1962 593 1991 σας
618 1952 823 1995 δυστυχία-ς.
849 1954 995 1987 Schoell.
1023 1954 1202 1988 vernacule
1227 1952 1276 1986 sic
1303 1952 1465 1985 reddens:
1490 1953 1561 1985 nnrl
1574 1953 1715 1985 bereitet
1739 1953 1796 1984 «lic

523 2001 619 2031 &vele
645 2000 720 2032 dem
750 2000 882 2041 ζἠΙιεὶΙ,
907 2000 941 2032 in
959 2003 1038 2033 nota
1062 2003 1128 2041 ait,
1154 1999 1279 2032 oraculi
1303 1999 1407 2031 verba
1438 1996 1634 2048 obscuriora
1665 1996 1794 2039 signifi-

523 2055 602 2077 care
625 2056 759 2089 quoque
785 2057 902 2089 posse:
928 2047 1091 2089 ergit-sset
1118 2057 1197 2079 cuer
1223 2045 1369 2077 Gennith
1383 2045 1452 2084 auf
1463 2043 1562 2075 Ucbel
1587 2053 1608 2075 1.
1625 2053 1653 2073 e.
1679 2043 1795 2076 mxu-ht

521 2102 600 2123 cuer
628 2092 776 2124 Gemaaeh
793 2092 903 2136 fi'z'hig
927 2104 988 2123 :ver
1014 2093 1224 2135 Ertragung
1249 2091 1330 2122 oder
1341 2100 1415 2120 zum
1430 2088 1655 2120 nmen-stand
1678 2100 1795 2131 geg-cn

526 2136 638 2177 vehet,
673 2141 731 2169 aut
758 2136 878 2169 etiam:
918 2139 1026 2178 siillct
1060 2148 1139 2169 cuer
1168 2135 1313 2167 Gcmfith
1341 2134 1401 2166 mit
1431 2129 1572 2168 Uebffln.
1608 2132 1627 2165 i.
1656 2144 1684 2167 e.
1711 2135 1793 2177 geht

522 2181 605 2213 euch
631 2183 705 2214 dem
734 2183 840 2215 Elem!
864 2183 934 2214 uml
960 2183 1020 2214 der
1047 2182 1178 2213 'lv-aner
1201 2180 1270 2212 Ιιὶη.
1321 2178 1414 2219 Mihi,
1441 2184 1478 2210 ut
1509 2177 1652 2221 ingenue
1686 2179 1791 2212 confl—

520 2230 607 2265 teor,
641 2226 761 2269 Langii
792 2226 1029 2270 interpretatio
1068 2225 1186 2258 melius
1220 2224 1348 2258 oraculi
1372 2234 1505 2257 sensum
1529 2223 1718 2268 exprimere
1742 2224 1793 2257 vi-

519 2270 630 2303 detur.

300 2323 349 2357 Ad
377 2324 453 2366 VH,
477 2324 541 2361 141
569 2338 646 2370 pag.
673 2328 740 2362 652
763 2327 819 2360 lin.
850 2327 900 2361 14.
950 2324 1137 2369 ἀδάμαντι
1160 2324 1343 2365 πελάσσας
1375 2330 1516 2359 auctore
1550 2324 1678 2378 Npgds
1703 2325 1790 2359 idem

518 2378 705 2416 estatque:
731 2371 829 2406 θέλω
843 2384 899 2406 σοι
926 2373 1041 2406 εἰπεῖν
1066 2370 1184 2406 αὑτὸν
1209 2371 1275 2406 τὸν
1295 2370 1403 2415 λόγον
1427 2371 1612 2414 σταθερον
1627 2370 1688 2405 καὶ
1704 2369 1788 2414 α’με-

518 2415 713 2462 τάβὶηχτοιι.
762 2419 850 2451 Idem
868 2419 993 2461 Negris
1018 2418 1170 2463 cnp.14.3
1196 2430 1228 2462 p,
1254 2420 1320 2453 655
1346 2418 1401 2451 lin.
1416 2419 1449 2452 9.
1473 2417 1596 2461 probat
1607 2417 1786 2461 Schweig-

519 2462 671 2496 haeuser-i
695 2465 1006 2509 interpretationem
1032 2466 1212 2498 verborum
1237 2461 1299 2497 ἐόν
1323 2475 1406 2507 κως,
1431 2474 1521 2508 quae.
1558 2462 1690 2496 minime
1714 2474 1788 2497 mu—

516 2509 619 2543 tanda
642 2510 719 2544 sint.

299 2577 348 2612 Ad
376 2579 450 2620 vll,
480 2577 543 2613 145
569 2589 644 2622 pag.
669 2580 737 2612 660
761 2579 817 2612 iin.
844 2581 873 2612 1.
923 2578 1052 2621 Nogris
1077 2577 1214 2611 retinuit
1239 2573 1622 2631 {yusxmnvte'vot-idque'
1652 2575 1788 2610 derivat

519 2636 537 2656 a
564 2626 668 2657 verbo
692 2622 900 2667 ἐγχράομαι,
926 2625 1170 2668 interpretans:
1196 2621 1350 2665 πόλεμοι
1374 2633 1469 2666 ησαν
1493 2629 1532 2656 εν
1555 2631 1784 2674 χρησξιβυν-

516 2669 681 2713 ημμένοι,
707 2668 921 2712 ἀναμμὲνοι,
944 2668 986 2712 μὲ
1022 2669 1237 2711 προθυμίαν
1273 2666 1470 2711 γινόμενοι.
1518 2667 1609 2720 lde-m
1651 2678 1684 2700 m
1719 2667 1785 2700 fine

517 2727 594 2762 cap.
629 2721 744 2750 tuetur
777 2716 945 2760 vulgatum
974 2715 1148 2749 lectionem
1184 2711 1362 2758 ου’δαμῶν
1392 2710 1609 2757 Ἑλληνικων
1641 2723 1672 2746 κ.
1698 2725 1728 2746 τ.
1755 2715 1784 2746 ³..
