1897 3340
6 293 9 295 “
28 277 33 327 l

30 183 34 223 t

24 650 29 779 Ξ

23 780 27 864 Ι

16 1505 28 1599 Ὗ.-

592 158 890 199 ERATO.
947 157 1022 195 v1.

1361 163 1445 200 309

156 276 351 332 2φθόνῳ
383 275 455 318 καὶ
485 272 567 328 ἄγῃ
594 269 846 326 χρεώμενος.
905 266 1154 323 Κλεομένης
1189 266 1259 319 δὲ,
1286 267 1445 324 νοστή-
1502 272 1583 313 465

185 355 266 394 σας
293 341 372 386 ἀπ’
405 342 599 395 Αἰγίνης,
637 337 841 391 ἐβούλευε
868 334 948 378 τόν
976 334 1242 391 Δημάρητον
1281 339 1445 378 παῦσαι
1458 324 1572 382 16111...

185 414 260 466 τῆς
286 410 519 465 βασιληίης,
535 404 606 448 διὰ
635 407 810 460 πρῆγμα
824 405 994 446 τοιόνδε
1025 404 1226 457 ἐπίβασιν
1245 402 1288 453 ἐς
1309 402 1444 446 αὐτὸν

1504 324 1654 355 unxisset,
1681 328 1740 351 ter-

1585 378 1591 390 ,
1618 358 1775 396 mulierem

1501 390 1591 422 lunge
1623 392 1774 417 mmmm<

1505 421 1620 456 bimam,
1642 427 1743 458 (quem

1502 457 1594 484 faciei
1622 456 1760 484 devorem

154 477 453 532 3ποιεύμενος.
510 471 728 527 Ἀρίστωνι
756 471 1029 529 βασιλεύοντι
1059 470 1106 514 ἐν
1133 468 1331 528 Σπάρτῃ,
1369 471 1444 515 καὶ
1500 490 1610 517 infanti
1630 491 1697 516 0111„
1717 491 1776 517 ne-

1503 524 1594 550 lenae
1613 533 1631 549 a
1659 524 1777 551 nutrice

181 543 367 601 γήμαντι
395 544 606 597 γυναῖκας
645 539 752 590 δύο,
799 542 948 591 παῖδες
987 537 1069 583 οὐκ
1102 539 1311 594 ἐγίνοντο.
1371 540 1445 582 καὶ
1504 560 1646 584 emmae
1668 565 1775 585 numen

181 611 237 656 οὐ
271 609 355 666 γοὲρ
386 607 722 665 συνεγινώσκετο
763 608 896 659 αὐτὸς
934 607 1106 651 τούτων
1145 606 1256 651 εἶναι
1293 609 1444 660 αἴτιος,

153 678 332 735 4γαμέει
362 679 513 732 τρίτην
540 680 750 732 γυναῖκα·
792 669 877 718 ὦδε
907 676 953 719 δὲ
981 675 1139 731 γαμέει.
1190 671 1273 718 ἾΙν
1303 678 1346 720 οἱ
1375 678 1503 732 ‹pi-20

181 751 257 796 λος
296 749 385 789 τῶν
424 744 737 800 Σπαρτιητέων
777 741 908 799 ἀνὴρ,
960 748 1022 800 τῷ
1060 745 1317 798 προσεκέετο
1356 751 1443 789 τῶν

180 812 325 857 οἰστῶν
354 812 534 868 μάλιστα
564 811 586 854 ὁ
613 811 833 866 Ἀρίστων.
893 811 1034 868 τούτῳ
1062 816 1123 869 τῷ
1160 809 1285 866 ἀνδρὶ
1317 813 1446 869 ἐτύγ-

180 897 282 938 χανε
311 881 445 924 ἐοῦσα
474 879 586 936 γυνή
624 882 827 935 καλλίστη
864 884 1018 939 μακρῷ
1046 884 1135 923 τῶν
1172 880 1219 923 ἐν
1259 879 1445 937 Σπάρτῃ

181 952 423 1005 γυναικῶν·
462 949 536 992 καὶ
574 953 711 992 ταῦτα
740 948 889 1003 μέντοι
925 949 1126 1004 καλλίστη
1154 947 1196 998 ἐξ
1228 949 1500 1005 αἰσχίστης-25

150 1017 405 1073 5γενομὲνη.
461 1015 615 1059 Ἐοῦσα
662 1016 747 1071 γάρ
777 1032 853 1071 μιν
894 1015 943 1059 τὸ
988 1013 1100 1065 εἶδος
1142 1015 1370 1072 φλαύρην,
1413 1016 1442 1073 ἡ

179 1085 344 1142 τροφὸς
366 1083 520 1142 αὐτῆς,
562 1081 634 1130 οἷα
664 1083 914 1141 ἀνθρώπων
941 1100 987 1129 τε
1017 1082 1177 1142 ὀλβίων
1205 1084 1443 1141 θυγατέρα,

182 1279 250 1319 καὶ
293 1277 370 1334 ἄγῃ
404 1274 650 1331 χρεώμενος]
702 1276 783 1335 ἄγῃ

125 1338 243 1387 vulgo
271 1336 456 1374 reddunt:
497 1337 655 1385 invidia,
682 1338 784 1381 odio,-

122 1392 335 1431 Larcherus
356 1392 502 1430 reddit:
519 1394 688 1441 jalousz'e.
718 1394 785 1430 Tu

125 1449 205 1488 vid.
222 1450 383 1487 Suidam
401 1451 417 1485 l
437 1464 474 1500 p.
489 1453 542 1490 27
564 1457 677 1501 atque
687 1451 786 1501 Ety-

125 1507 216 1544 mol.
238 1521 275 1557 p.
305 1510 329 1547 9
359 1520 388 1543 s.
408 1519 496 1556 pag.
517 1510 542 1546 8
561 1508 664 1556 Lips.
699 1507 786 1542 Vox

124 1564 340 1610 Homerica,
364 1562 410 1599 de
431 1561 505 1613 quai
534 1569 618 1612 post
647 1560 782 1599 Valck.

125 1620 302 1659 Creuzer.
327 1619 588 1668 (Commentt.
611 1617 782 1655 Herodd.

123 1689 164 1727 p.
185 1676 285 1722 225)
326 1677 505 1727 Apollon.
538 1677 634 1712 Lex.
664 1677 780 1714 Hom.

125 1746 166 1783 p.
200 1734 247 1771 17
269 1733 371 1770 Toll.
392 1744 480 1782 pag.
513 1733 556 1776 6,
599 1730 783 1767 Huschke

124 1790 165 1826 iu
174 1786 355 1824 Matthiae
367 1789 528 1825 conferri
541 1788 620 1825 vult
631 1788 784 1826 Miscel-

125 1846 203 1882 lan.
224 1843 370 1895 philoll.
392 1857 480 1895 pag.
498 1843 565 1884 35.

183 1923 366 1974 ἐπίβασιν
394 1922 433 1969 ἔς
453 1918 577 1962 αὐτὸν
595 1918 781 1973 ποιεύμε·

125 1980 222 2028 νος]
253 1981 277 2018 i.
301 1993 334 2019 e.
365 1980 444 2017 hinc
466 1992 587 2016 ansam
606 1981 782 2029 arripiens

128 2040 248 2074 contra
286 2038 399 2087 ipsum
436 2036 585 2085 agendi,
635 2035 781 2072 aditum

127 2093 198 2130 sibi
237 2105 371 2144 parans
407 2093 455 2129 ad
487 2093 597 2129 illum
620 2105 781 2128 munere

129 2150 233 2199 regio
255 2148 494 2199 privandum.
534 2151 666 2200 Neque
678 2150 782 2185 enim

131 2205 179 2242 ob
206 2206 352 2242 Polluc.
384 2207 431 2253 ΙΙ,
453 2209 534 2247 200
565 2205 612 2242 de
635 2207 780 2243 actione.

132 2274 220 2311 quae
255 2262 449 2299 intenditur
466 2264 503 2299 in
532 2263 782 2299 Demaratum

133 2319 319 2365 cogitem,
366 2331 437 2354 nec
476 2320 597 2368 magis
646 2320 782 2369 placet,

137 2371 239 2423 quod
273 2371 490 2423 Schweigh.
520 2375 703 2424 praefert,
742 2382 786 2412 ut

139 2427 320 2477 ἐπίβασιν
357 2430 610 2479 intelligamus
629 2431 787 2481 fundum

136 2496 166 2522 8.
189 2483 481 2533 fundamentum,
520 2489 578 2522 cui
604 2499 681 2535 quis
701 2490 789 2525 insi-

139 2541 220 2587 stit,
257 2540 402 2590 indeque
429 2546 694 2590 argumentum,
725 2557 792 2593 quo

144 2597 221 2645 quis
258 2598 406 2644 nititur,
445 2604 487 2633 ut
518 2598 616 2633 iufra
642 2599 707 2645 Vl,
738 2599 791 2640 65

144 2648 411 2701 ἐπιβατεύειν,
443 2660 480 2690 et
505 2653 607 2704 apud
626 2655 791 2704 Appiau.

143 2708 190 2743 B·
220 2707 260 2746 C.
289 2708 321 2754 Ῑ,
356 2710 408 2748 67
438 2709 631 2760 ε’πίβασις.
655 2733 704 2737 --
735 2712 793 2746 De

144 2763 318 2800 Aristone
337 2763 438 2802 conf.
456 2767 487 2813 Ι,
507 2768 559 2807 67
580 2772 618 2802 et
637 2764 686 2803 ad
705 2779 793 2806 ver-

839 1281 891 1319 ba
911 1277 963 1321 ov’
984 1277 1059 1334 γὰρ
1087 1276 1393 1332 συνεγινώσκετο
1411 1295 1445 1319 κ.
1467 1295 1498 1319 τ.

841 1341 874 1377 λ.
903 1337 1085 1375 Matthiae
1106 1339 1172 1374 Gr.
1195 1339 1260 1374 Gr.
1276 1350 1363 1388 pag.
1381 1339 1501 1377 1079.

841 1396 936 1432 Mox
963 1391 1117 1434 τούτων
1144 1393 1232 1430 dedi
1254 1407 1322 1444 pro
1343 1389 1499 1440 τούτου,

841 1452 944 1489 libris
969 1453 1020 1488 sic
1043 1451 1274 1491 iubentibus.
1329 1448 1501 1487 Bekker.

841 1503 984 1547 τούτου
1016 1506 1135 1545 dedit.

894 1577 954 1628 τῷ
989 1572 1222 1625 προσεκέετο
1256 1574 1337 1612 τῶν
1367 1569 1500 1611 (ἱστῶν

840 1628 1034 1682 μάλιστα]
1067 1632 1092 1670 i.
1116 1644 1149 1667 e.
1179 1632 1238 1667 cui
1266 1632 1416 1667 maxime
1438 1629 1502 1666 de-

840 1688 937 1725 ditus
953 1688 1032 1738 fuit
1046 1716 1057 1734 ‚
1092 1700 1235 1736 quocum
1257 1688 1405 1723 omnium
1425 1699 1501 1722 vna-

838 1746 931 1782 :cime
954 1746 1157 1781 coniunctus
1167 1743 1256 1792 fait.
1304 1744 1362 1778 De
1384 1743 1500 1780 verbo

838 1804 1104 1853 προσκεῖσθαι
1126 1800 1282 1837 cfinott.
1296 1798 1345 1835 ad
1355 1800 1385 1846 1,
1405 1801 1498 1839 133.

895 1866 964 1906 καὶ
1001 1869 1124 1906 ταῦτα
1159 1865 1293 1918 μέντοι
1314 1865 1500 1916 καλλίστη

839 1922 878 1971 ἐξ
894 1924 1093 1974 αἰσχίστης
1107 1922 1320 1976 γενομένη]
1351 1921 1501 1959 Eadem

838 1979 886 2017 de
907 1994 946 2016 re
967 1982 1128 2017 Pausan.
1151 1981 1216 2028 ΙΙΙ,
1237 1982 1261 2019 7
1284 1980 1321 2024 ξ.
1341 1982 1365 2020 7
1386 1986 1500 2030 atque

839 2035 970 2074 Schol.
1003 2035 1195 2087 Aristoph.
1233 2036 1345 2085 Vesp.
1379 2038 1502 2075 1071.

839 2095 1076 2139 Quibuscum
1097 2092 1373 2143 comparanda,
1412 2104 1501 2128 mo·-

838 2157 954 2187 nente
976 2150 1043 2188 Cr.
1074 2151 1114 2186 in
1146 2150 1379 2186 Commentt.
1419 2150 1501 2184 He-

837 2206 948 2244 rodd.
979 2219 1067 2258 pag.
1099 2204 1194 2253 249,
1226 2218 1324 2257 quae
1346 2203 1393 2241 de
1421 2206 1500 2241 La-

838 2265 941 2311 mia,
977 2276 1095 2314 quam
1122 2263 1278 2299 Iunonis
1306 2260 1503 2298 iracundia

841 2334 891 2357 ex
913 2321 1046 2371 pulcra
1075 2320 1246 2356 foemina
1277 2319 1318 2354 in
1348 2316 1503 2354 foedam

841 2383 1097 2423 converterat,
1119 2381 1248 2412 narrat
1269 2372 1399 2411 Schol.
1412 2375 1503 2410 Ari-

841 2432 926 2471 stid.
958 2446 1047 2484 pag.
1077 2435 1128 2473 18
1161 2431 1368 2468 Frommel.
1417 2431 1502 2475 Quo

845 2489 982 2527 eodem
1001 2495 1184 2526 monente
1215 2487 1284 2525 Cr.
1317 2486 1503 2524 Herodoti

845 2547 1001 2595 vestigia
1012 2546 1144 2595 legisse
1157 2541 1503 2582 videturlamblich.

847 2603 889 2638 in
928 2602 1140 2653 Babylona.
1182 2599 1284 2650 apud
1320 2598 1503 2636 Photium

849 2657 933 2695 cod.
956 2657 1010 2698 94
1025 2671 1062 2708 p.
1088 2659 1167 2696 132
1186 2669 1266 2707 seq.

905 2709 970 2752 οἷα
1009 2708 1242 2762 ἀνθρώπων
1291 2724 1332 2749 τε
1360 2705 1504 2758 ὀλβίων

848 2767 1068 2822 θυγατέρα]
1089 2770 1189 2805 Cum
1203 2768 1362 2818 Spartae
1378 2764 1505 2800 omni-1

1504 590 1708 627 impertierat)

1873 2626 1897 2759 43⁴<
1877 2588 1883 2600 ,

1872 2855 1897 3134 235&
1877 2806 1897 2832 Δ·
