1897 3340
397 192 480 232 128

791 193 1246 229 HERODOTI

396 315 526 354 μενος
572 299 618 343 δὲ
662 299 881 355 ἑταιρηΐηυ
925 304 1011 344 τῶν
1057 299 1336 356 ἡλικιωτέων,
1390 305 1647 358 καταλαβεῖν

395 366 476 422 τήν
516 364 754 421 ἀκρόπολιν
783 368 1006 423 ἐπειρήθη·

1049 368 1103 410 οὐ
1134 368 1374 424 δυνάμενος
1403 370 1448 412 δὲ
1479 369 1647 423 ἐπικρα-
1662 377 1702 410 15

367 438 545 490 ὀτῆσαι,
591 433 728 489 ἱκέτης
765 437 875 489 ἵζετο
916 435 1026 490 πρὸς
1061 436 1274 493 τῶγαλμα.
1330 437 1516 487 τούτους
1554 435 1646 480 ἀνι·

340 607 482 639 εωηενε,
513 593 611 646 μέγα
629 599 794 646 φρονεῖν
809 625 818 639 ,
850 603 891 632 nt
910 597 993 632 Eu-

340 650 450 689 stath.
474 652 534 687 1.1.
553 663 677 701 expon
697 661 726 698 t,
760 654 845 688 coll.
860 652 990 690 ›Sc-hol.

341 707 387 743 ad
409 705 600 756 Aristoph.
631 708 674 743 Pl
695 715 730 744 it.
753 709 858 749 5722
889 708 991 745 unde

339 776 427 798 cnm
460 761 676 812 Schweigh.
705 770 741 800 et
770 763 993 802 Schneider.

292 822 295 825 ’
341 821 378 855 in
390 814 485 855 Lex.
499 820 564 855 Gr.
586 820 635 856 ita
653 821 889 872 interpretari
908 834 995 859 ma·-

341 876 430 911 lim:
463 876 502 911 ob
532 877 694 925 spiritum
720 880 886 925 nimium,
928 891 993 928 quo

339 932 486 981 inflatus
507 930 609 981 fuit,
651 934 874 983 tyrannidem
902 935 993 984 affe-

340 989 451 1024 ctavit
479 1001 509 1024 S.
536 989 656 1038 magis
677 988 725 1026 ad
753 991 833 1041 ipsa
852 991 990 1029 verba:

339 1044 542 1092 tyrannidis
571 1047 805 1094 acquirendae
828 1061 885 1097 spe
906 1060 992 1098 pro-

335 1103 452 1149 posita
470 1101 636 1149 superbiit
653 1104 816 1153 inflatus.
839 1104 904 1141 Cr.
934 1105 990 1141 ci—

339 1162 393 1191 tat
422 1157 697 1207 Wyttenbach.
729 1158 777 1196 ad
797 1159 989 1197 Plutarch.

340 1212 491 1256 Quaest.
515 1214 670 1254 Graeco.
691 1228 778 1266 pag.
801 1215 853 1257 64
878 1218 990 1265 (vol.

340 1268 387 1315 Π,
412 1268 464 1318 1),
485 1270 551 1305 ubi
571 1269 619 1306 de
638 1272 717 1321 ipsa
742 1285 782 1308 re
802 1280 992 1310 monetur.

340 1324 451 1370 Quod
480 1328 660 1364 continuo
686 1330 855 1380 sequitur
874 1341 995 1380 προσ-

337 1377 606 1432 ποιησάμενος
626 1385 793 1435 accipio:
824 1398 900 1423 cum
927 1386 996 1423 sibi

339 1438 568 1485 conciliasset,
597 1440 646 1477 ad
673 1454 757 1478 suas
773 1446 892 1491 partes
910 1455 994 1492 per-

338 1497 525 1542 traxisset,
568 1497 770 1546 interprete
810 1497 993 1535 Valcken.

340 1549 388 1587 ad
412 1551 481 1595 VI,
513 1554 578 1599 66,
610 1553 675 1588 ubi
695 1554 783 1590 citat
808 1553 988 1604 Tliucyd.

338 1608 368 1653 1,
398 1607 464 1648 57.
493 1607 685 1659 Aristoph.
705 1611 778 1660 Eq.
801 1610 881 1650 215
903 1611 989 1647 coll.

340 1662 480 1700 Herod.
501 1665 570 1711 IX,
593 1668 660 1706 36.
692 1665 794 1702 Add.
824 1667 890 1717 qui
910 1668 991 1702 He—

339 1718 462 1756 rodoti
488 1720 618 1757 locum
649 1721 816 1758 laudavit
846 1721 990 1760 Thom.

338 1777 486 1825 Magist.
511 1790 540 1814 s.
561 1791 597 1813 v.
623 1790 710 1828 pag.
736 1778 817 1819 754
838 1786 875 1815 et
895 1792 990 1815 con-

339 1832 395 1868 fer
423 1846 535 1883 snpra
567 1834 610 1880 V,
634 1837 710 1874 66:
761 1831 830 1873 τὸν
863 1835 993 1884 δῆμον

338 1890 681 1940 προσεταιρίζεται,
702 1891 768 1927 ubi
788 1890 864 1928 vicl.
886 1893 988 1928 citat.

398 1943 526 1994 ἱκέτης
548 1946 646 1993 ἵζετο
667 1944 767 1997 πρὸς
789 1944 989 2000 τῶγαλμα]

340 1999 402 2036 Ad
422 2001 651 2038 locutionem
671 2003 772 2039 conf.
793 2004 837 2050 V,
862 2006 925 2045 12.
938 2004 991 2045 535

338 2058 429 2108 ibiq.
449 2065 543 2094 nott.
582 2060 625 2095 Iu
646 2066 868 2108 argumento
891 2072 991 2097 non-

338 2112 433 2149 nihil
463 2116 595 2151 Noster
624 2114 808 2166 discrepat
835 2129 856 2152 a
877 2115 990 2153 Thu—

339 2168 494 2220 cydide,
540 2172 604 2222 qni
643 2172 827 2222 Cylonem
865 2173 989 2223 ipsum

339 2239 415 2262 una
440 2239 529 2262 cum
555 2228 667 2264 fratre
695 2228 881 2278 aufugisse
912 2236 989 2265 tra-

339 2281 417 2329 dit,
477 2289 619 2320 ceteros
658 2297 747 2321 vero
796 2283 990 2321 obsidione

336 2352 480 2389 pressos
500 2353 542 2376 ac
563 2340 685 2387 fame,
715 2340 789 2392 quai
815 2342 989 2378 nonnulli

336 2394 433 2431 adee—
452 2396 613 2433 absumti
633 2397 782 2444 suerint,
806 2397 853 2434 ad
872 2411 987 2446 aram,

339 2464 436 2504 quae
457 2459 511 2489 est
530 2453 569 2489 in
591 2466 676 2489 arce
693 2483 702 2500 ,
736 2453 959 2491 consedisse.

394 2504 560 2556 τούτους
604 2505 804 2549 οἷνιστὲασι
844 2508 915 2560 μὲν
950 2511 992 2548 οῖ

339 2560 533 2616 πρυτάνις
575 2568 654 2604 τῶν
700 2563 984 2615 Ναυκράρων]

338 2618 502 2668 τούτους
525 2621 585 2659 hic
614 2621 661 2658 ad
683 2623 868 2673 Cylonem
890 2624 985 2659 eius-

339 2691 412 2729 que
433 2680 551 2715 socios
564 2709 573 2726 ,
594 2676 667 2727 τήν
685 2677 886 2728 ἒταιρηΐην
905 2682 985 2717 τῶν

335 2732 573 2784 ἡλικιωτέων
589 2736 720 2772 refero.
768 2735 840 2780 Qui
862 2737 984 2771 liero-

337 2790 415 2829 doti
452 2799 540 2828 sunt
581 2792 622 2831 οἷ
663 2787 863 2843 Πρυτάνις
904 2793 982 2830 τῶν

1052 593 1326 648 Ναυκρᾶρων,
1349 611 1481 634 eorum
1501 598 1585 634 loco
1602 596 1703 648 apud

1049 652 1319 704 Thucydidem
1348 656 1376 702 Ι,
1409 657 1487 694 126
1517 655 1703 705 Cylonem

1050 711 1204 761 eiusque
1234 711 1352 747 socios
1393 709 1569 747 dicuntur
1609 707 1703 749 οἷνα-

1050 768 1189 816 στῆσαι
1201 765 1329 804 οἷτῶν
1336 762 1565 816 Ἀθηναίων
1577 765 1704 806 ἔπιτε-

1049 820 1260 872 τραμμὲνοι
1290 819 1362 873 τήν
1399 819 1606 873 φυλακήν,
1637 824 1703 875 qui

1046 877 1163 914 iidem
1193 878 1305 929 paulo
1336 884 1423 914 ante
1451 885 1635 915 vocantur
1664 878 1706 918 οἱ

1047 933 1160 974 ἐννέα
1168 931 1376 986 ’Ἄρχοντες
1396 934 1481 986 (qui
1499 941 1590 971 tunc
1602 941 1720 982 tem-v

1046 992 1146 1042 poris
1167 991 1330 1042 plurima
1348 991 1388 1027 in
1410 991 1603 1042 republica
1622 997 1701 1028 tra-

1047 1047 1225 1096 ctabant)
1255 1048 1359 1091 sive,
1399 1054 1441 1084 ut
1479 1048 1530 1084 ait
1557 1048 1702 1084 Pausa-

1045 1105 1126 1140 nias
1155 1105 1235 1151 VII,
1256 1103 1309 1145 25
1345 1104 1382 1148 ξ.
1407 1106 1451 1143 1:
1484 1103 1525 1143 οἱ
1551 1102 1704 1154 ἔχοντες

1045 1157 1116 1207 τοὶς
1154 1155 1289 1210 ἅρχάς.
1365 1159 1469 1204 Quae
1507 1159 1702 1211 quomodo

1049 1229 1138 1253 cum
1174 1215 1397 1253 Herodoteis
1441 1217 1700 1263 concilientur,

1048 1285 1128 1309 non
1147 1274 1232 1309 satis
1243 1273 1402 1323 perspici
1420 1285 1528 1322 posse
1549 1274 1599 1309 ait
1610 1273 1702 1310 Val—

1050 1327 1177 1376 cken.,
1191 1330 1262 1366 nisi
1272 1327 1542 1380 Thucydidem
1551 1329 1590 1365 in
1601 1327 1703 1365 hisce

1049 1386 1167 1422 alium
1191 1393 1304 1437 atque
1324 1383 1561 1422 Herodotum
1591 1398 1702 1422 secu-

1048 1449 1131 1478 tum
1153 1455 1231 1479 esse
1249 1448 1602 1479 statuasauctorem.
1621 1443 1702 1478 He-

1050 1497 1214 1535 rodoteis
1232 1499 1349 1534 utitur
1357 1500 1602 1548 Harpocratio
1617 1511 1647 1535 s.
1662 1512 1701 1535 v.

1050 1550 1248 1605 δήμαρχος
1269 1566 1356 1605 pag.
1382 1556 1458 1594 120
1478 1561 1515 1590 et
1530 1569 1702 1604 ναυκρα-

1049 1607 1140 1660 pino}
1162 1623 1247 1660 pag.
1268 1612 1372 1657 250,
1400 1610 1465 1646 ubi
1487 1609 1597 1647 docet
1615 1623 1702 1647 ma-

1047 1668 1220 1716 gistratus
1251 1667 1343 1702 olim
1363 1667 1568 1716 appellatos
1588 1667 1701 1703 fnisse

1048 1718 1331 1772 Ναυκράρους,
1361 1723 1468 1772 plura
1488 1736 1535 1759 ex
1554 1723 1702 1760 Aristo-

1048 1779 1129 1815 telis
1142 1781 1283 1815 Rerum
1296 1779 1462 1817 Pnblicc.
1485 1780 1587 1816 libris
1598 1792 1701 1816 nunc

1049 1833 1249 1885 deperditis
1289 1834 1468 1883 afferens3
1517 1835 1620 1872 unde
1655 1848 1701 1872 ea

1047 1904 1202 1943 quoque
1224 1891 1438 1938 fluxerunt,
1471 1904 1568 1943 quae
1598 1890 1699 1943 apud

1047 1948 1193 1985 Polluc.
1226 1949 1324 1995 VIII,
1369 1950 1459 1988 108.
1490 1946 1621 1985 Schol.
1650 1947 1700 1985 ad

1046 2002 1236 2055 Aristoph.
1261 2005 1361 2041 Nub.
1387 2006 1451 2050 37,
1482 2005 1568 2041 coll.
1589 2003 1700 2042 Suid.

1046 2074 1074 2096 s.
1096 2074 1132 2097 v.
1157 2057 1415 2111 Ναυκραρικοὲ
1437 2062 1486 2098 Τ.
1506 2062 1542 2098 Π
1570 2061 1700 2111 p.599

1047 2123 1083 2153 et
1095 2115 1244 2164 Photio,
1266 2118 1453 2166 leguntur,
1475 2124 1575 2154 recte
1587 2117 1699 2153 allata

1045 2174 1084 2208 in
1113 2175 1326 2210 Aristotelei
1363 2174 1447 2210 libri
1479 2174 1699 2224 fragmentis

1044 2241 1065 2264 a
1095 2230 1136 2266 C.
1168 2232 1384 2267 Nenmann.
1417 2242 1504 2280 pag.
1536 2232 1590 2271 88
1617 2242 1698 2281 seq.

1046 2285 1150 2329 Quae
1186 2287 1357 2337 longiora
1384 2299 1474 2322 sane
1502 2299 1619 2338 qnam
1656 2292 1699 2322 ut

1044 2340 1083 2378 h.
1123 2342 1147 2378 1.
1187 2344 1331 2393 integra
1370 2349 1619 2393 apponantur,
1658 2340 1698 2378 id

1044 2404 1143 2434 certe
1177 2400 1348 2436 evincere
1385 2398 1579 2444 videntur,
1610 2404 1698 2434 ante

1046 2450 1271 2505 δημάρχους
1300 2470 1329 2492 s.
1363 2456 1599 2505 singulorum
1627 2453 1696 2490 tle-

1044 2524 1195 2547 morum
1225 2512 1430 2562 praefectos
1451 2523 1471 2547 a
1493 2509 1694 2557 Clisthene,

1045 2573 1085 2602 nt
1121 2568 1270 2611 volunt,
1301 2568 1508 2613 institutos,
1536 2565 1696 2603 Athenis

1044 2624 1154 2659 fnisse
1196 2620 1463 2674 Ναυκράρους
1495 2625 1571 2659 iam
1607 2629 1695 2659 ante

1044 2680 1239 2725 Solonem,
1270 2681 1375 2716 aliter
1395 2691 1437 2715 ac
1459 2678 1569 2715 tradit
1590 2677 1696 2715 Pho-

1041 2737 1123 2778 tins,
1155 2737 1385 2781 constitutos,
1413 2742 1448 2771 et
1469 2734 1605 2774 eodem
1619 2736 1698 2772 sere

1042 2805 1218 2838 munere,
1240 2806 1315 2844 quo
1339 2793 1402 2844 qni
1424 2793 1460 2828 in
1483 2804 1615 2829 eorum
1635 2792 1697 2829 lo-
