1897 3340
417 187 1280 235 ADHERODOTUMV1‚69.
1510 197 1594 235 8⁰5

98 302 144 339 ab
172 300 323 339 eiusdem
339 306 465 352 portae
479 306 584 352 parte
605 301 723 339 alter-Cr
745 299 791 354 (i.
814 313 846 337 e.
868 298 1058 350 opposita)
1089 300 1165 346 ita,
1203 304 1242 335 ut
1267 304 1432 340 introrsus
1449 312 1476 340 rt
1503 305 1589 356 Inp-

93 370 188 420 piter
210 373 242 406 et
261 368 374 406 Heros
395 371 568 420 utrimque
592 370 730 407 aditum
750 371 899 405 tenerent
920 370 952 404 et
986 368 1092 417 quasi
1120 370 1333 405 tutarentur.
1391 372 1445 406 Λιτ
1478 376 1590 422 porti-

98 438 240 473 nebant
259 435 332 472 hae
352 438 551 488 religiones
572 450 660 475 cum
681 434 728 473 ad
748 436 988 472 securitatem
1008 433 1161 471 aedium
1190 436 1423 485 privatarum
1445 445 1523 474 tum
1545 441 1590 476 ml

97 505 348 542 sanctitatem.
406 507 456 542 Et
481 504 633 556 quando
655 505 822 540 Herceus
842 503 1012 553 Iuppiter
1032 503 1216 539 Italorum
1233 501 1426 539 Penatibus
1448 513 1588 554 poterut

97 573 287 609 accenseri
309 572 403 618 (vid.
424 572 472 610 ad
493 573 555 620 VI,
577 572 662 621 63),
692 571 907 622 gentilicius
928 569 1039 608 heros
1068 571 1297 608 Astrabacus
1326 570 1436 607 Laris
1467 573 1592 609 locuni

94 642 267 680 sustinet.
325 639 438 678 Haud
458 639 572 677 dubie
591 640 694 676 enim
714 640 754 675 in
774 640 887 677 sacris
907 640 1061 690 privatis
1082 638 1193 676 valde
1215 644 1400 689 cognatus
1428 640 1524 675 inter
1555 657 1592 675 ,ψ

94 708 167 745 fuit
187 709 308 746 cultus
328 721 433 746 sacer
452 714 625 745 veterum
646 708 892 759 populorum,
915 721 1009 760 quos
1031 706 1209 744 diximus.
1248 707 1331 752 Qua
1353 705 1399 743 de
1425 720 1464 742 re
1487 707 1591 756 plum

95 776 240 813 contuli
275 776 315 811 in
337 776 490 813 Annall.
525 774 767 826 Heidelberg.
800 777 906 816 1817
935 789 994 813 nr.
1017 777 1070 815 78
1092 789 1131 826 p.
1163 777 1269 815 1236
1290 788 1370 826 seq.
1430 776 1499 810 Hic
1522 775 1592 810 aliu

95 844 256 895 paucula
275 843 472 880 subiiciam
492 844 754 880 coniunctiora
775 856 864 880 cum
885 842 1102 880 Herodoteo
1124 841 1197 880 hoc
1219 850 1459 893 argumento.
1531 843 1592 878 ml

94 912 334 949 securitatem
354 912 472 962 igitur
492 918 634 962 spectat
654 910 760 959 illud,
783 910 886 963 quod
902 911 962 946 alii
984 910 1146 962 Iuppiter
1159 910 1282 949 Custos
1296 925 1384 947 cnm
1406 911 1503 948 Lau»
1526 925 1592 946 (zo-

94 980 246 1030 pulatur
264 993 334 1030 per
353 980 559 1028 attributa3
589 994 626 1021 v,
647 993 681 1017 c.
710 993 779 1031 per
798 979 1024 1016 adiunctum
1055 992 1184 1019 canem.
1243 981 1300 1015 Ita
1327 980 1391 1015 ille
1423 980 1592 1029 luppiter

94 1048 240 1084 fuhnen
260 1054 394 1084 tenens
416 1049 624 1085 accubante
645 1060 739 1084 cane
760 1048 892 1086 visitur
910 1048 950 1083 in
970 1050 1146 1084 Lucerna
1174 1048 1375 1098 sepulcrali
1405 1061 1464 1097 ap.
1499 1049 1591 1082 Bar-

94 1117 160 1153 tol.
196 1122 233 1152 et
262 1116 473 1152 Bellorium
502 1117 543 1152 in
578 1117 743 1153 Lucern.
762 1114 953 1167 sepulchr.
976 1123 1074 1167 part.
1095 1117 1130 1152 Π
1150 1130 1188 1167 p.
1215 1119 1250 1156 1.
1306 1115 1466 1152 Laribus
1489 1116 1591 1150 enini

94 1185 143 1221 ob
164 1183 281 1221 fidam
302 1183 515 1222 custodiam
535 1184 837 1221 attribuebantur
865 1197 990 1224 canes.
1049 1183 1135 1223 Vid.
1157 1184 1368 1235 scriptores,
1392 1197 1484 1235 quos
1509 1185 1590 1219 lau-

93 1252 180 1290 davi
200 1251 248 1290 ad
269 1252 389 1289 Cicer.
412 1251 459 1289 de
478 1254 524 1289 N.
546 1253 593 1289 D.
614 1253 662 1300 ΙΙ,
683 1255 737 1293 27
759 1266 796 1303 p.
818 1253 898 1294 315
921 1259 958 1290 et
980 1251 1028 1289 ad
1047 1254 1113 1301 ΙΙΙ,
1135 1252 1187 1293 25
1217 1266 1257 1302 Ρ.
1283 1254 1377 1292 633.
1441 1249 1590 1288 Sancti—

92 1323 181 1358 tatis
211 1327 248 1358 et
269 1322 448 1358 castitatis
467 1333 579 1371 supra
603 1318 671 1369 [ad
690 1319 756 1369 VI,
778 1322 830 1361 68
848 1333 887 1371 p.
909 1320 1017 1369 320]
1047 1319 1286 1356 mentionem
1313 1319 1494 1366 fecimus,
1528 1320 1590 1355 nbi

92 1389 370 1442 quaerebamus
386 1419 396 1437 ‚
424 1401 491 1425 cur
519 1387 570 1424 ad
591 1389 727 1424 Hercei
746 1388 845 1425 Iovis
866 1401 969 1425 aram
993 1394 1119 1424 ortum
1140 1400 1253 1425 suum
1274 1387 1487 1438 exploraret
1514 1388 1585 1423 De-

91 1463 273 1495 maratus.
330 1459 464 1509 Neque
491 1457 621 1494 minus
651 1454 862 1493 earundem
890 1456 1121 1506 religionum
1149 1456 1296 1507 legibus
1327 1456 1590 1492 continebatur

91 1523 121 1577 ἦ
133 1524 315 1578 ονίκουρία
329 1525 561 1576 feminarum,
590 1537 681 1562 cum
702 1531 809 1576 septo
832 1523 1016 1561 excedere
1036 1526 1154 1576 inque
1171 1524 1275 1562 viam
1295 1523 1447 1574 prodire
1470 1522 1591 1560 hone-

90 1602 147 1632 ste
166 1607 245 1631 non
260 1599 414 1645 possent
432 1593 624 1631 mulieres.
682 1592 808 1638 Quam
827 1605 911 1629 rem
931 1593 1055 1643 attigit
1083 1591 1271 1630 Valcken.
1282 1590 1330 1628 ad
1352 1591 1494 1629 Herod.
1526 1593 1588 1638 lv,

95 1661 188 1704 114.
217 1662 425 1712 Boettiger.
454 1662 526 1697 Die
555 1659 794 1702 Afflobrand,
822 1659 969 1699 Hochz.
996 1675 1036 1713 p.
1058 1659 1137 1702 134
1160 1667 1198 1698 et
1219 1666 1388 1697 annotat.
1403 1667 1520 1698 nostr.
1542 1658 1590 1696 ad

90 1731 257 1768 Musunii
276 1730 415 1780 fragm.
435 1729 474 1765 in
497 1727 609 1767 Stud.
630 1729 682 1766 IV
701 1743 739 1780 Ρ.
762 1731 855 1769 130.
912 1731 1024 1766 Nunc
1044 1729 1085 1766 in
1105 1728 1274 1766 clausula
1301 1727 1498 1766 Herodoto
1521 1741 1590 1777 ap—

92 1799 240 1851 plicabo
263 1796 358 1835 illud
376 1795 579 1833 Menandri
594 1803 729 1848 poetae
748 1795 851 1847 apud
872 1796 981 1834 Stob.
1002 1797 1128 1834 Serm.
1149 1810 1183 1834 c.
1208 1798 1312 1837 163:

367 1872 458 1913 τοὺς
482 1874 549 1918 τῆς
572 1885 663 1917 γαμ
679 1884 694 1907 ε
710 1873 793 1917 τῆς
818 1868 932 1916 ὅρους
954 1870 1193 1918 ὖπερβαίνεις
1216 1869 1326 1916 γύναι

368 1927 431 1964 διοὶ
448 1929 515 1973 τὴν
542 1927 717 1964 αὐλάν·
742 1928 859 1973 πέρας
882 1928 954 1974 γὰρ
981 1926 1181 1970 αὔλειος
1206 1927 1338 1973 θύρα

367 1984 546 2033 ἐλευθέρᾳ
570 1985 768 2030 γυναικὶ
791 1984 974 2029 νενόμιστ’
998 1986 1128 2026 οἰκίας.

44 2094 48 2099 .
92 2061 163 2099 Cui
182 2061 266 2097 loco
285 2059 450 2096 similem
470 2057 645 2096 Philonis
663 2057 710 2095 de
730 2057 953 2109 specialibus
972 2059 1121 2109 legibus
1138 2058 1264 2094 iunxit
1292 2068 1454 2107 magnus
1474 2055 1588 2092 valv-

91 2130 167 2167 sius
197 2127 247 2165 ad
273 2127 428 2164 Eusebii
448 2127 590 2168 Histor.
615 2126 800 2164 Constant
823 2126 887 2174 1V,
910 2129 936 2167 7
967 2140 1006 2178 p.
1029 2126 1125 2175 568,
1146 2126 1212 2163 ubi
1237 2124 1352 2162 etiam
1382 2121 1586 2174 οἰκουρίας

94 2197 232 2235 diserta
249 2196 434 2235 mentio.“
466 2219 514 2223 —
