1897 3340
15 737 113 783 115

432 220 1194 263 TERPSICHORE.V.
1368 224 1450 263 219

182 337 398 390 κεφαλῆς,
440 333 512 376 καὶ
540 331 624 388 ἤδη
655 329 812 386 ἐούσης
841 330 1015 385 κοίλης,
1053 328 1184 384 ἐσμός
1212 329 1450 384 μελισσέων

152 401 313 453 δέσδύς
343 402 385 452 ἐς
420 398 574 455 αὐτὴν,
616 400 784 454 κηρίων
823 414 898 452 μιν
929 397 1147 453 ἐνέπλησε.
1208 396 1372 440 τούτου
1403 397 1448 440 δὲ

178 469 417 525 γενομένου
455 466 682 514 τοιούτου,
727 466 937 521 ἐχρέωντο
974 466 1058 521 γὰρ
1098 466 1196 519 περὶ
1237 463 1371 521 αὐτῆς
1407 466 1449 508 οἱ

177 535 456 594 Ἀμαθούσιοι
466 566 478 585 .,
535 533 780 590 ἐμαντεύθη

839 545 921 589 σφι
968 533 1081 589 ,,τήν
1127 534 1208 588 μὲν
1252 533 1450 590 κεφαλὴν

180 603 469 657 ,,κατελόντας
508 600 677 655 θάψαι,
733 601 943 659 Ὀνησίλῳ
988 603 1034 645 δὲ
1072 601 1201 645 θύειν
1240 600 1299 653 ὡς
1335 601 1452 657 ἥρωϊ

155 670 300 724 4,,ἅνοὶ
330 675 420 714 πᾶν
449 670 556 722 ἔτος.
617 671 693 714 καί
731 682 812 725 σφι
855 674 1029 714 ποιεῦσι
1069 674 1227 720 ταῦτα,
1266 669 1506 724 ἄμεινονὸο

179 740 538 793 ,,συνοίσεσθαι“
591 737 879 795 Ἀμαθούσιοι
917 738 997 794 μέν
1033 754 1119 780 νυν
1149 738 1324 781 ἐποίευν
1351 741 1451 781 ταῦ-

1511 771 1606 806 (¹0gni
1611 775 1642 797 ta
1662 769 1750 798 clade

176 824 241 863 τα,
271 808 344 851 καὶ
372 807 421 851 τὸ
451 806 574 864 μέχρι
603 807 715 863 ἐμεῦ.
762 805 909 858 Ἴωνες
931 807 977 850 δὲ
1009 808 1052 849 οἱ
1080 805 1127 848 έν
1149 805 1319 862 Κύπρῳ
1349 822 1452 849 ναυ-
1509 805 1704 842 ‹vpuorum
1719 805 1768 831 Ιο-

1509 849 1545 867 xx·
1583 839 1659 865 dom·
1654 847 1701 865 ιιιιι
1718 846 1769 864 re-

175 875 466 932 μαχήσαντες,
504 875 594 919 ἐπεί
623 892 666 920 τε
697 876 867 932 ἔμαθον
897 874 951 918 τοὶ
983 875 1216 930 πρήγματα
1246 873 1297 916 τοὶ
1327 873 1448 930 Ὀνη-
1508 883 1543 900 ¹
1539 877 1681 899 ¹¹¹¹¹·¹¹¹¹‘
1709 873 1769 906 ΟΥ·

1508 916 1553 946 px·
1548 916 1580 933 ι
1600 907 1669 941 iugo
1692 907 1768 933 Per-

176 945 301 987 σίλου
341 943 668 1000 διεφθαρμένα,
703 944 777 987 καὶ
816 943 894 994 τὰς
928 941 1085 994 πόλιας
1114 947 1204 986 τῶν
1234 944 1449 996 Κυπρίων
1507 950 1549 967 ¹¹¹¹
1536 949 1570 966 ¹⁰
1596 941 1693 967 ¹¹⁰¹¹¹⁰¹
1717 938 1786 967 ‘³¹¹¹’

174 1011 546 1066 πολιορκευμένας
577 1011 655 1063 τὰς
686 1010 842 1064 ἄλλας,
883 1012 998 1068 πλὴν
1029 1015 1306 1066 Σαλαμῖνος,
1346 1009 1448 1054 ταύ-
1462 1015 1506 1051 65

177 1096 257 1135 την
288 1079 333 1123 δὲ
364 1079 520 1137 Γόργῳ
564 1085 623 1139 τῷ
662 1082 860 1138 προτέρῳ
906 1078 1077 1135 βασιλέϊ
1110 1080 1214 1129 τούς
1244 1082 1448 1133 Σαλαμι-

176 1149 301 1199 νίους
330 1147 631 1202 παραδόντας·
676 1148 831 1192 αὐτίκα
861 1148 1079 1204 μαθόντες
1106 1150 1149 1190 οἱ
1171 1147 1317 1197 Ἴωνες
1347 1150 1450 1189 ταῦ·

148 1223 252 1270 Ξτα,
293 1213 523 1260 ἀπέπλωον
561 1217 602 1267 ἐς
640 1218 718 1274 τὴν
749 1216 933 1272 Ἰωνίην.
985 1220 1073 1259 τῶν
1116 1216 1162 1259 δὲ
1201 1216 1248 1259 ἐν
1281 1214 1450 1271 Κύπρῳ

176 1286 343 1328 πολίων
374 1282 549 1340 ἀντέσχε
579 1285 742 1340 χρόνον
772 1285 839 1328 ἐπὶ
869 1290 1073 1329 πλεῖστον
1103 1284 1451 1339 πολιορκευμένη

178 1352 335 1405 Σόλοι,
376 1352 455 1409 τὴν
492 1353 614 1407 πέριξ
653 1352 984 1410 ὑπορύσσοντες
1019 1353 1068 1398 vd
1108 1358 1247 1409 τεῖχος
1275 1352 1509 1410 πέμπτῳΊΟ

134 1417 138 1422 ’
176 1421 280 1478 μηνὶ
309 1418 427 1464 εἷλον
459 1423 503 1465 οἱ
532 1423 709 1477 Πέρσαι.

331 1596 424 1647 Cap.
447 1595 581 1632 CXIV.

178 1649 260 1703 ἤδη
281 1649 425 1702 ἐούσης
439 1652 595 1703 κοίλης]
618 1653 673 1688 Ita
695 1665 785 1689 cum

120 1716 278 1747 receutt.
298 1711 428 1761 scripsi
445 1722 515 1760 pro
536 1710 641 1759 vulg.
660 1706 785 1760 οὔσης

115 1763 200 1818 ἱ’ἤδη
209 1768 356 1817 κοίλης,
371 1766 476 1819 quod
491 1773 623 1803 tenent
636 1765 786 1803 Sohae-

118 1825 188 1861 fer.
216 1831 252 1860 et
282 1823 448 1868 Matth„
488 1824 659 1874 itemque
692 1836 788 1860 mox

121 1879 322 1932 ἐνέπλησε,
345 1883 452 1917 cuius
471 1881 556 1917 loco
579 1879 732 1917 Suhaef.
750 1887 787 1917 et

120 1936 257 1974 Matth.
293 1936 527 1988 ἐνέπλησαν.
586 1938 714 1973 Utitur
745 1936 783 1973 h.

121 1996 147 2032 l.
168 1993 336 2032 Bochart
354 1995 566 2031 Hierozoic.
588 1995 679 2031 P.11
700 1995 785 2031 Lib.

121 2053 185 2100 IV,
209 2054 260 2092 10
281 2065 319 2102 p.
342 2052 422 2092 505
445 2051 495 2088 ad
514 2051 658 2088 Iudico.
681 2052 784 2088 XIV.

123 2110 161 2155 9,
183 2109 255 2145 alia
275 2109 472 2159 complura
503 2109 621 2145 citans
651 2121 786 2144 exem-

122 2166 185 2216 pla
206 2178 322 2216 apum
347 2167 387 2201 iu
409 2166 628 2216 corporibus
660 2167 786 2202 exsic-

122 2224 213 2259 catis
243 2223 562 2260 mellificantium.

178 2275 408 2329 ἐμαντεύθη
443 2280 541 2329 σφι]
587 2279 675 2327 „Ad
696 2291 788 2316 eum

122 2335 285 2372 modum
314 2338 484 2387 superius
524 2350 607 2387 cap.
647 2336 700 2378 45
739 2333 787 2374 τοὶ

124 2392 424 2443 μεμαντευμένα
455 2401 491 2430 et
511 2393 710 2431 Heliodori
741 2390 790 2431 τὰ

123 2447 165 2488 ἐκ
197 2450 357 2496 νεκυίας
380 2450 679 2500 μεμαντευμένα
709 2451 789 2487 Ae·-

124 2504 243 2557 thiop.
265 2507 333 2543 Vll
353 2508 474 2557 princ.
488 2536 497 2554 ‚
528 2509 664 2559 quibus
686 2521 788 2544 nunc

127 2561 294 2614 adiungo
326 2560 471 2614 λουτροῖ
509 2568 592 2611 τοῖς
643 2579 787 2616 τετρω-

128 2618 260 2667 μένοις
287 2617 482 2670 μαντευτοὶ
516 2628 551 2657 et
589 2619 787 2658 Philocte-

129 2681 192 2710 ἴθι)
213 2674 426 2725 μαντευτὸν
453 2679 535 2724 τοῖς
556 2671 724 2727 Ἀχαιοῖς
739 2691 788 2715 ex

126 2729 343 2769 Philostrati
382 2735 555 2772 Heroicc.
599 2736 648 2781 ΙΙ,
676 2737 727 2775 18
752 2742 789 2772 et

127 2787 173 2832 V,
196 2789 258 2826 1.“
294 2789 566 2840 lVesseling.
588 2793 787 2828 Haxnmer.

129 2844 168 2878 in
189 2844 342 2882 Annali.
365 2847 588 2885 Viennenss.
619 2849 671 2886 T.
698 2850 790 2886 LIX

1507 975 1589 1004 iecta
1608 976 1648 1010 [a.
1657 974 1741 1009 5⁰1..]

842 1610 881 1647 p.
903 1598 972 1637 77.
1004 1596 1171 1633 Onesiiai
1205 1593 1330 1631 herois
1361 1593 1508 1630 cuituxn

842 1666 964 1704 aeque
986 1660 1101 1705 atque
1122 1652 1319 1689 Astrabaci
1341 1651 1508 1701 (5169)

843 1710 891 1748 ad
913 1711 1140 1747 cabirorum
1160 1710 1273 1746 refert
1293 1721 1411 1745 sacra.

899 1765 972 1816 τήν
1001 1766 1073 1819 μὲν
1104 1763 1284 1817 κεφαλὴν
1324 1759 1510 1803 κατελόν-

843 1840 912 1871 τας
934 1821 1099 1872 θάψαι]
1131 1825 1156 1860 i.
1179 1838 1212 1859 e.
1236 1826 1275 1859 ut
1294 1826 1403 1872 caput
1422 1823 1509 1869 (su-

840 1895 910 1932 per
939 1883 1042 1918 urbis
1074 1888 1225 1931 portam
1264 1878 1510 1929 suspensum)

841 1938 1022 1989 auferrent
1061 1932 1323 1986 lcttmarexxlque.
1410 1937 1511 1971 Nam

841 1999 1056 2045 καθαιρειν
1079 1994 1150 2031 de
1141 1996 1185 2031 iis
1207 1995 1398 2044 frequens
1411 2005 1511 2044 quae

841 2053 1027 2103 superiori
1059 2066 1108 2088 ex
1136 2053 1222 2088 loco
1245 2049 1511 2097 detrahuntur,

842 2110 1078 2147 auferuntur.
1121 2110 1178 2145 De
1199 2108 1315 2145 verbo
1337 2102 1513 2146 θάπτειν

843 2167 945 2204 conf.
967 2174 1063 2203 nott.
1086 2165 1134 2202 ad
1155 2166 1200 2213 V,
1223 2167 1247 2205 8
1270 2172 1306 2201 et
1328 2164 1377 2200 ad
1396 2164 1512 2200 vexba

844 2221 1011 2274 ἄμεινον
1033 2223 1295 2262 συνοίσεσθαι
1307 2222 1353 2269 V,
1376 2224 1442 2262 82.
1458 2242 1510 2248 --

845 2283 888 2317 In
909 2281 985 2317 flue
1007 2293 1090 2331 cap.
1113 2293 1181 2331 pro
1195 2278 1326 2330 μέχρις
1347 2291 1511 2315 cumre-

848 2346 964 2377 centt.
987 2337 1076 2376 edd.
1101 2336 1259 2374 exhibui
1279 2334 1404 2388 μέχρι.

1064 2440 1157 2491 Cap.
1186 2439 1303 2476 CXV.

906 2506 1051 2557 Σόλοι,
1082 2506 1156 2558 τήν
1191 2507 1304 2558 πέριξ
1332 2501 1512 2558 ύπορύσῗ

845 2563 1044 2614 σοντες-’τὸ
1065 2570 1191 2617 τεῖχος
1224 2563 1387 2616 πέμπτῳ
1416 2579 1451 2602 κ.
1477 2577 1509 2600 τ.

844 2624 907 2672 λ.]
941 2626 997 2660 Ita
1038 2637 1129 2660 cum
1167 2621 1303 2660 Matth.
1341 2620 1510 2665 distinxi,

846 2680 995 2718 duobus
1017 2681 1271 2717 commatibus
1293 2687 1379 2715 ante
1400 2676 1511 2727 πέριξ

846 2744 883 2774 et
921 2736 1085 2790 πέμπτῳ
1122 2739 1214 2788 poxxi
1244 2737 1372 2782 solitis,
1405 2736 1510 2770 abie-

845 2795 913 2831 ctis
935 2801 972 2831 et
1001 2796 1137 2831 maiori
1163 2793 1404 2830 distinctione
1425 2797 1510 2841 post

846 2846 972 2890 Σόλοι
992 2852 1031 2888 in
1055 2852 1247 2887 minorem
1267 2855 1428 2885 mutata.
1455 2869 1511 2874 -
