1897 3340
431 243 516 282 698
820 240 1282 278 HERODOTI
1828 185 1838 264 ⁷¹

405 348 572 393 Ξθέντα
607 347 920 405 α’φανισθῆναι.
978 348 1265 404 ἀφανισθέντι
1301 349 1349 392 δὲ
1374 347 1550 406 Ἀμίλκᾳ
1583 350 1678 404 τρό-

431 431 498 473 πῳ
543 417 584 459 εἴ
615 431 660 459 τε
689 416 898 472 τοιούτῳ,
927 415 986 468 ὡς
1020 419 1217 468 Φοίνικες
1246 416 1432 472 λέγουσι,
1459 419 1498 460 εἴ
1524 433 1569 460 τε
1598 416 1678 460 έτέ-
1838 456 1840 462 .

430 473 507 540 ρῳ,
537 482 596 534 ὥς
619 482 931 539 Συρηκούσιοι,
954 484 1248 541 Καρχηδόνιοι
1277 488 1407 528 τοῦτο
1429 484 1506 539 μέν
1536 486 1578 528 οἱ
1595 482 1678 528 θύ-
1735 488 1815 530 583
1834 486 1843 528 ,ἴ
1864 525 1865 529 ,

430 562 556 602 ουσι,
601 554 729 593 τοῦτο
761 550 806 592 δὲ
841 551 1040 607 μνήματα
1068 552 1275 608 ἐποίησαν
1318 552 1366 596 ἐν
1392 552 1554 609 πάσῃσι
1581 555 1681 608 τῇσι
1840 595 1842 597 ,

428 619 577 664 πόλισι
605 620 694 660 τῶν
723 615 977 670 ἀποικίδων,
1006 619 1054 663 ἐν
1080 619 1192 676 αὐτῇ
1220 635 1263 663 τε
1284 621 1484 676 μέγιστον
1511 623 1734 676 Καρχη-δὸ
1841 625 1844 642 '

427 686 540 732 δόνι.
602 685 664 728 Τὰ
691 685 771 739 μὲν
799 684 886 730 ἀπό
915 689 1128 742 Σικελίης,
1155 691 1360 731 τοσαῦτα.
1842 684 1845 694 ’

270 765 369 810 168
509 755 778 808 Κερκυραῖοι
806 753 876 805 δὲ,
921 753 1021 797 τάδε
1050 752 1392 811 ὑποκρινάμενοι
1420 761 1533 800 τοῖσι
1561 753 1680 811 ἆγγρ

102 828 373 864 CorcyraeiGrae-
429 825 563 873 λοισι,
594 822 737 865 τοιάδε
767 822 999 876 ἐποίησαν·
1037 822 1111 864 καὶ
1139 822 1222 877 γὰρ
1252 822 1437 875 τούτους
1465 821 1683 877 παρελάμ·

100 870 151 923 ἷῖῗι
167 863 369 936 ffiffiffiniffi-
427 891 568 944 βανον
596 891 641 932 οῖ
663 889 789 932 αὐτοὶ
823 890 944 943 οἵπερ
974 890 1047 933 καὶ
1076 889 1118 940 ές
1145 892 1352 946 Σικελίην
1382 890 1588 943 ἀπίκατο,
1617 890 1681 933 λέ·
1692 894 1738 928 70
1838 882 1849 904 ”

99 929 377 1026 ffiffio‘luffigffl-
431 972 582 1011 γοντες
610 956 715 1008 τούς
743 955 904 1008 αὐτούς
940 956 1099 1011 λόγους
1135 957 1238 1008 τούς
1267 959 1340 1001 καὶ
1367 958 1477 1013 πρὸς
1506 959 1683 1002 Γέλωνα

400 1022 593 1079 ega-syon.
649 1025 693 1067 οἱ
721 1024 768 1067 δὲ
795 1025 1038 1077 παραυτίκα
1067 1024 1145 1080 μὲν
1171 1025 1406 1081 ὑπίσχοντο
1428 1025 1609 1080 πέμψειν
1636 1041 1681 1067 τε

428 1092 502 1135 καὶ
540 1089 762 1147 ἀμυνέειν,
821 1091 1060 1146 φράζοντες
1098 1090 1158 1143 ὥς
1195 1092 1281 1144 ,,οὕ
1330 1106 1409 1148 σφι
1451 1091 1680 1148 περιοπτέη

429 1159 543 1211 ,,έστὶ
572 1158 598 1215 ἡ
624 1157 772 1210 Ἑλλὰς
802 1157 1099 1216 ἀπολλυμένη·
1130 1159 1185 1216 ἢν
1212 1162 1297 1216 γὰρ
1335 1164 1508 1216 σφαλῇ,
1553 1164 1678 1216 σφεῖς
1692 1167 1737 1201 75

429 1243 502 1283 „ys
522 1225 656 1271 οὐδὲν
684 1227 789 1271 ἄλλο
816 1226 845 1283 ἢ
890 1226 1178 1272 δουλεύσουσι
1207 1231 1260 1285 τῇ
1288 1227 1440 1285 πρώτῃ
1464 1231 1553 1272 τῶν
1581 1227 1681 1284 ἡμε-
1723 1217 1735 1224 ’

1842 736 1846 753 3

374 1390 473 1428 quae
495 1379 618 1414 attulit
642 1379 786 1416 Iacobs.
808 1377 857 1415 ad
876 1379 1026 1416 Aelian.

375 1435 425 1470 N.
448 1436 496 1472 A.
517 1436 567 1482 X,
589 1433 653 1474 34.

430 1491 615 1546 too'wqiei'
626 1506 666 1530 τε
679 1489 846 1545 τοιούτῳ
859 1490 913 1537 αῖς
929 1491 1029 1530 Φοί-

373 1562 479 1593 νικες
500 1563 535 1586 κ.
560 1563 592 1586 τ.
607 1549 660 1596 λ.]
682 1549 806 1598 Vulgo
827 1548 931 1584 abest
951 1560 1028 1584 vox

373 1600 658 1655 Συρηκούσιοι,
681 1605 733 1641 ita
753 1611 796 1641 ut
816 1603 957 1654 duplex
976 1605 1028 1640 is-

375 1673 449 1711 que
473 1659 639 1697 diversus
671 1658 709 1697 h.
731 1661 757 1701 l.
789 1672 1028 1697 commemo-

374 1723 478 1752 retur
503 1729 626 1753 sermo
657 1723 692 1753 et
720 1715 961 1753 Phoenicum
991 1723 1028 1752 et

375 1771 755 1822 Carthaginiensium,
778 1786 870 1824 quos
895 1780 1027 1809 tamen

375 1836 412 1866 et
432 1830 530 1879 ipsos
559 1827 770 1866 Phoenices
804 1842 882 1866 esse
910 1836 1026 1879 patet,

374 1898 464 1924 cum
485 1886 599 1922 etiam
613 1898 724 1936 supra
736 1884 1027 1935 Carthaginien-

373 1956 431 1981 ses
467 1942 726 1993 intelligantur
757 1943 797 1978 in
823 1943 945 1979 verbis
973 1940 1026 1987 ὥς

377 1999 576 2045 Φοίνικες.
621 2000 672 2035 Et
693 1997 793 2036 conf.
813 2000 860 2046 11,
874 2000 940 2038 32.
961 1999 1024 2046 lv,

375 2057 470 2095 197.
527 2054 622 2092 Inde
640 2057 817 2092 Pauwius
837 2055 951 2092 verba
972 2053 1026 2101 ὥς

376 2112 562 2158 Φοίνικες
582 2119 647 2149 aut
665 2113 780 2148 verba
802 2109 854 2158 ὥς
869 2114 1028 2162 Καρχη-

374 2163 501 2206 δόνιοι
519 2181 540 2204 e
560 2167 702 2205 scholio
735 2169 775 2204 in
796 2175 945 2204 textum
974 2168 1027 2203 ir-

375 2225 531 2273 repsisse
551 2225 728 2274 putabat‚
750 2223 930 2275 idemque
949 2223 1028 2259 fere

374 2279 568 2329 placuerat
587 2281 856 2329 Wesselingio‚
875 2281 939 2330 qui
953 2280 1029 2328 pri-

375 2336 489 2372 mitus
533 2337 714 2372 exstitisse
753 2336 924 2371 voluerat
952 2333 1028 2372 εἴτε

374 2387 541 2444 τοιούτῳ
563 2391 637 2429 εἴτε
659 2389 787 2442 ἑτέρῳ,
810 2390 851 2429 οἱ
871 2393 1028 2440 Καρχη-

375 2444 508 2488 δόνιοι
529 2449 644 2486 τοῦτο
664 2444 735 2497 μὲν
761 2462 796 2485 κ.
822 2459 854 2484 τ.
877 2449 933 2494 λ.,
963 2446 1029 2482 ubi

375 2504 553 2541 articulus
574 2503 615 2542 οἱ
632 2504 680 2540 ob
710 2515 846 2540 vocem
874 2510 1028 2539 antece-

377 2559 532 2598 dentem
547 2560 586 2596 in
608 2557 660 2606 ὥς
681 2559 793 2596 suerit
812 2572 1027 2597 conversus.

374 2615 568 2669 Equidem
601 2628 690 2653 cum
731 2622 888 2654 recentt.
939 2614 1027 2652 edd.

375 2674 417 2710 in
431 2680 538 2710 textu
548 2671 809 2710 constituendo
823 2673 854 2709 V
857 2671 954 2710 alck.
964 2685 1026 2708 se-

375 2730 443 2782 qui
453 2730 582 2777 malui,
600 2741 830 2782 quamquam
844 2727 1026 2779 Schwgh.

376 2785 488 2824 valde
508 2787 626 2823 arrisit
633 2786 879 2836 Wesselingii
893 2797 1027 2821 emen-

377 2841 480 2882 datio
499 2841 698 2882 Bekkerus
717 2843 844 2880 omisit
861 2842 901 2879 in
921 2848 1027 2879 textu

1081 1391 1219 1417 vocem
1237 1374 1519 1430 Καρχηδόνιοι.
1531 1399 1587 1406 -—-
1605 1376 1668 1414 Ad
1677 1389 1740 1414 ar-

1083 1443 1312 1485 gumentum
1336 1436 1411 1472 loci
1431 1435 1533 1472 conf.
1555 1435 1741 1486 Polyaen-

1082 1494 1113 1539 I,
1143 1495 1196 1532 27
1219 1494 1254 1538 ᾗ.
1276 1495 1316 1540 2,
1346 1493 1413 1529 ubi
1441 1490 1555 1529 tradit
1585 1490 1740 1528 Gelonis

1083 1555 1350 1599 strategemate
1389 1550 1566 1585 Poenum
1601 1546 1740 1584 ducem

1083 1604 1335 1653 Himilconem,
1356 1612 1400 1642 ut
1420 1605 1606 1655 appellat,
1635 1604 1739 1640 occi-

1083 1673 1166 1698 sum
1191 1674 1292 1709 esse3
1316 1674 1413 1713 quae
1427 1674 1512 1698 sane
1537 1659 1642 1697 haud
1660 1660 1738 1696 scio

1083 1729 1132 1753 an
1153 1717 1482 1768 Syracusanorum
1519 1717 1633 1753 fuerit
1651 1728 1739 1752 nar·

1083 1775 1179 1810 ratio
1201 1787 1222 1810 a
1251 1775 1390 1811 Poenis
1412 1772 1570 1811 diversa.

1138 1833 1255 1870 τοῦτο
1278 1830 1349 1879 μέν
1365 1830 1407 1869 οἱ
1425 1825 1593 1877 θύουσι]
1625 1826 1738 1865 Unde

1082 1887 1218 1923 merito
1231 1887 1620 1936 colligas,Hamilcaris
1630 1897 1737 1922 mor-

1082 1950 1162 1979 tem
1209 1956 1278 1993 pro
1329 1942 1530 1980 devotione
1567 1940 1736 1978 habitam

1081 2000 1193 2036 fuisse
1225 2001 1335 2051 eique
1363 2000 1433 2050 ipsi
1453 2005 1495 2035 ut
1532 1996 1639 2035 heroi
1657 1999 1736 2035 sive

1083 2054 1155 2092 deo
1173 2054 1261 2093 hinc
1286 2068 1390 2093 sacra
1411 2056 1578 2092 instituta
1596 2065 1736 2090 monu-

1082 2119 1288 2163 mentaque
1309 2113 1427 2162 posita
1455 2111 1582 2146 fuisse.
1623 2109 1734 2146 Conf.

1085 2170 1251 2204 Heeren.
1272 2166 1403 2204 Ideen.
1422 2166 1469 2213 Π,
1489 2171 1507 2205 1
1533 2177 1619 2216 pag.
1639 2167 1736 2206 262.

1084 2222 1335 2260 Valckenaer.
1370 2223 1597 2258 excitaverat
1637 2223 1737 2258 Gre—

1084 2292 1166 2330 gor.
1180 2280 1360 2315 Nazianz.
1372 2279 1494 2316 stelit.
1507 2280 1541 2314 11
1552 2281 1672 2329 p.117
1688 2278 1735 2317 Β.

1251 2336 1343 2385 Cap.
1365 2335 1567 2372 CLXVIII.

1139 2387 1232 2429 τάδε
1254 2388 1567 2442 ὑποκρινάμενοι
1585 2400 1734 2429 -τοι-

1084 2444 1155 2486 α’ὄε
1173 2446 1382 2497 ἐποίησαν]
1407 2448 1480 2484 Ubi
1499 2443 1592 2487 τάδε
1612 2459 1735 2498 aeque

1084 2517 1127 2541 ac
1149 2500 1280 2542 τοιάδε
1302 2503 1350 2541 ad
1368 2504 1564 2556 sequentia
1578 2509 1734 2555 spectat.

1085 2583 1135 2588 —
1159 2559 1219 2596 Ad
1232 2561 1347 2597 verba
1368 2559 1421 2606 ὥς
1442 2557 1493 2599 οὔ
1512 2572 1583 2608 σφι
1598 2573 1734 2611 περιο-

1083 2615 1180 2666 πτέη
1205 2615 1284 2655 ἐστὶ
1303 2615 1332 2667 ἦ
1349 2613 1493 2662 Ἓλλιὶς
1522 2617 1572 2654 cf.
1596 2613 1732 2652 Matth.

1081 2674 1148 2710 Gr.
1180 2673 1247 2710 Gr.
1275 2674 1314 2718 §.
1343 2672 1438 2720 447,
1466 2675 1504 2714 3.
1525 2673 1562 2709 b.
1591 2685 1628 2723 p.
1651 2670 1732 2712 840

1083 2736 1120 2766 et
1140 2728 1187 2766 ad
1207 2730 1322 2767 verba
1342 2732 1456 2776 σφεῖς
1471 2743 1514 2780 γε
1533 2723 1651 2768 οὐδὲν
1661 2725 1732 2766 ἅλ-

1082 2788 1127 2825 λο
1147 2781 1176 2835 ἢ
1205 2792 1300 2825 nott.
1332 2784 1380 2822 ad
1408 2787 1438 2832 Ι,
1463 2786 1540 2825 109
1561 2792 1599 2822 et
1619 2782 1732 2820 Held.

1083 2841 1132 2880 ad
1143 2842 1387 2882 Plut.Aemil.
1396 2841 1506 2879 Paul.
1519 2850 1556 2892 p.
1565 2842 1642 2883 125
1651 2852 1731 2892 seq.
