1897 3340
591 157 893 198 ERATO.
950 156 1025 194 Vl.

1355 158 1441 200 303

182 275 286 326 τοὺς
314 272 516 329 βασιλέας
545 268 703 314 τοσάδε
730 268 898 322 μοῦνα·
929 263 1182 320 πατρούχου
1209 279 1255 309 τε
1276 264 1442 318 παρθέ-

179 359 265 386 νου
295 342 410 395 πέρι,

179 409 259 465 τὴρ
320 406 455 463 αὐτὴν
503 402 709 461 ἐγγυήσῃ·

455 339 497 391 ἐς
524 336 602 382 τόν
630 335 814 380 ἱκνέεται
851 334 978 390 ἔχειν,

757 403 831 447 καὶ
873 401 992 447 ὁδῶν
1037 402 1283 459 δημοσιέων
1327 402 1441 456 πέρι.

1025 331 1081 391 ἢν
1109 333 1167 391 μή
1195 349 1275 387 περ
1303 331 1327 377 ὁ
1358 348 1441 377 πα-

153 477 258 521 5καὶ
285 475 341 532 ἤν
368 491 431 526 τις
462 473 594 518 θετὸν
623 474 758 516 παῖδα
784 471 1022 516 ποιέεσθαι*
1040 471 1186 529 ἐθέλῃ,
1227 472 1440 528 βασιλέων
1451 479 1497 513 70

178 545 376 588 ἐναντίον
404 540 642 585 ποιέεσθαι.

118 785 306 824 addidisse
335 781 510 836 μούνους
550 789 587 821 et
626 784 771 835 μοῦνα,

117 844 206 880 solos
229 855 335 892 reges
355 843 395 877 in
416 841 498 878 solis
522 839 626 878 hisce
654 842 774 878 causis

116 900 173 937 ius
202 898 327 936 dicere
357 899 634 945 affirmaturus3
682 910 775 934 nam

117 957 275 1007 Spartae
295 962 333 992 et
361 957 510 1006 gerusia
531 961 568 991 et
598 955 660 991 alii
690 967 777 990 lna-

115 1015 290 1063 gistratus
316 1013 373 1049 ius
411 1011 585 1049 dicebant
615 1012 775 1063 litesque

116 1070 375 1121 disceptabant
395 1067 443 1105 de
466 1070 510 1106 iis
530 1069 653 1116 rebus,
676 1081 774 1119 qua-

114 1140 202 1163 rum
233 1139 323 1164 cura
351 1126 501 1176 publice
529 1126 572 1162 iis
593 1125 775 1175 permissa

115 1190 207 1220 erat.
264 1183 369 1228 Quae
398 1195 488 1220 vero
514 1194 535 1218 a
565 1182 652 1218 solis
671 1182 774 1231 reg-

115 1241 186 1278 bus
206 1238 482 1277 dirimebantur
512 1251 669 1286 causae,
699 1245 773 1275 tres

115 1297 379 1348 proferuntur:
412 1294 459 1332 de
488 1295 564 1332 filia
598 1295 774 1332 omnium

116 1354 307 1390 bonorum
326 1359 570 1403 paternorum
595 1350 772 1400 haerede,

116 1412 270 1448 cuinam
283 1410 362 1447 scil.
380 1409 484 1445 illam
494 1410 637 1446 nubere
657 1422 775 1460 opor-

115 1474 204 1514 teat,
216 1465 353 1503 deinde
366 1465 413 1502 de
423 1465 647 1516 adoptione3
669 1464 774 1517 quod

113 1530 320 1574 utrumque
359 1521 408 1559 ad
443 1523 584 1559 civium
613 1523 774 1559 salutem

113 1581 311 1631 gentisque
341 1578 642 1616 conservandam
671 1579 774 1615 inte-

110 1638 288 1686 gritatem
327 1635 459 1687 (quod
497 1636 638 1672 suimni
684 1648 773 1673 mo·-

111 1695 232 1729 menti
263 1694 416 1729 Graecis
454 1692 567 1729 fuisse
607 1692 772 1741 constat)

113 1762 233 1802 quum
253 1751 476 1800 pertineret,
496 1750 654 1785 summis
675 1761 774 1800 quo-—

114 1819 188 1858 que
218 1806 519 1857 magistratibus,
571 1806 636 1856 qui
664 1818 773 1855 reges

114 1869 242 1911 erant,
294 1863 520 1913 permissum
550 1862 633 1898 fuit.
691 1863 771 1898 Nec

112 1920 220 1956 aliter
238 1917 399 1956 Athenis
418 1919 645 1965 invenimus,
666 1920 772 1969 regi-

111 1975 182 2013 bus
213 1976 419 2026 abrogatis,
460 1974 508 2012 ad
546 1973 771 2027 archontem

113 2045 370 2084 eponymum,
404 2033 470 2084 qui
497 2045 628 2069 curam
658 2045 772 2083 gere-

112 2089 177 2126 bat
208 2091 381 2126 omnium
422 2088 634 2126 istiusmodi
672 2089 772 2126 filia-

113 2159 220 2194 rum,
250 2144 323 2183 1100
342 2145 445 2183 idem
462 2147 519 2182 ius
547 2146 773 2183 translatum

112 2201 237 2240 fuisse.
296 2204 446 2239 Monuit
476 2202 518 2240 C.
546 2202 588 2240 Ο.
622 2203 773 2240 Miiller.

112 2259 204 2295 Dor.
231 2260 268 2295 Π
295 2273 333 2309 p.
367 2261 458 2307 103,
488 2272 578 2296 cum
597 2272 673 2311 quo
704 2273 773 2297 eo-

116 2313 205 2351 dem
232 2317 387 2351 tertium
413 2314 528 2363 illud,
564 2328 694 2353 causas
723 2316 771 2354 de

113 2371 182 2407 viis
202 2372 358 2421 publicis
378 2372 655 2421 conservandis,
685 2375 772 2425 opi-

115 2438 199 2474 nor,
230 2434 342 2478 atque
371 2427 557 2476 tutandis,
586 2428 771 2467 dirimen—

118 2480 183 2518 das
205 2482 253 2519 ad
283 2484 442 2519 militare
481 2496 617 2534 regum
643 2487 770 2537 impe-

116 2538 217 2574 rium
237 2540 372 2576 referre
403 2540 496 2576 licet.
523 2547 560 2576 et
575 2542 623 2579 ad
654 2545 771 2582 ratio-

117 2606 185 2630 nes
215 2608 303 2632 cum
343 2596 421 2632 aliis
451 2597 663 2636 civitatibus
691 2613 772 2638 ser—

117 2648 260 2688 vandas
280 2664 322 2689 ac
341 2651 512 2689 tuendas.

173 2704 398 2758 πατρούχου
409 2723 449 2747 τε
467 2707 674 2760 παρθένου
683 2708 774 2764 πέρι

118 2775 155 2802 κ.
175 2777 207 2802 τ.
224 2764 279 2813 λ.]
309 2765 391 2802 Hoc
409 2765 461 2802 ita
470 2766 772 2818 intelligendum,

700 540 774 584 καὶ
801 541 996 595 παρίζειν
1034 538 1298 595 βουλεύουσι
1326 545 1440 583 τοῖσι

181 611 381 667 γέρουσι,
420 609 541 653 ἐοῦσι
583 610 703 652 δυῶν
733 608 883 652 δέουσι
920 607 1174 665 τριήκοντα·

1221 608 1278 667 ἦν
1308 609 1354 654 δὲ
1381 609 1441 667 μὴ

829 789 894 831 ut,
924 785 956 822 si
982 783 1029 821 de
1048 785 1191 835 nuptiis
1214 785 1315 821 filiae
1336 785 1451 823 orbae
1471 797 1494 822 a

829 848 938 892 patre
968 841 1143 878 nondum
1165 841 1412 893 desponsatae
1449 844 1493 879 lis

831 898 959 946 fieret,
998 899 1167 949 pluribus
1192 900 1273 936 scil.
1307 912 1393 936 eam
1422 900 1494 936 sibi

833 954 1110 993 vindicantibus
1121 957 1275 1008 eiusque
1290 958 1493 993 matrimo-

834 1014 944 1049 nium
974 1014 1272 1063 postulantibus,
1310 1026 1418 1064 reges
1445 1014 1496 1050 li-

831 1075 911 1106 tem
927 1069 1187 1107 diiudicarent.
1226 1069 1375 1108 Dicitur
1391 1072 1494 1108 enim

831 1128 1053 1177 πατροῦχος
1070 1123 1297 1179 παρθένος,
1324 1127 1402 1164 filia
1423 1125 1495 1180 ὄρ·-

832 1180 942 1234 φανή
981 1182 1049 1222 καὶ
1078 1182 1287 1235 ἐπίκληρος
1330 1184 1398 1233 (ut
1418 1186 1494 1222 Ti-

829 1241 930 1276 maei
945 1247 1030 1276 utar
1051 1241 1173 1277 verbis
1194 1239 1409 1278 Herodotea
1430 1255 1495 1280 re-

829 1297 1019 1347 spicientis
1050 1310 1138 1348 pag.
1169 1300 1250 1338 208
1281 1297 1368 1336 add.
1387 1300 1493 1336 Kor-

830 1356 914 1390 tiim
934 1355 972 1389 in
985 1352 1193 1394 Schlosser
1205 1354 1404 1394 etBercht.
1415 1357 1493 1392 Ar-

832 1408 933 1447 chiv.
953 1411 989 1446 II
1008 1423 1096 1461 pag.
1087 1411 1224 1481 4672),
1246 1413 1271 1466 ᾑ
1298 1407 1493 1464 προσήκει

831 1463 880 1505 τοὶ
898 1468 972 1506 τοῦ
995 1464 1141 1519 πατρὸς
1162 1467 1284 1518 ε’χειν;
1321 1482 1493 1520 quocum

831 1524 923 1559 alios
944 1525 1212 1573 grammaticos
1232 1531 1377 1562 veteres
1397 1539 1494 1563 con-

830 1581 968 1617 sentire
989 1581 1162 1617 observat
1190 1580 1444 1620 Ruhnkenius
1464 1584 1492 1619 l.

828 1637 875 1684 L,
905 1637 994 1674 alias
1033 1651 1188 1689 quoque
1220 1640 1495 1690 appellationes

830 1693 1015 1742 afferens,
1058 1695 1194 1746 quibus
1234 1695 1337 1746 apud
1369 1698 1491 1734 Dores

830 1757 944 1801 atque
973 1750 1075 1801 apud
1104 1752 1250 1788 Atticos
1276 1754 1360 1789 talis
1379 1755 1489 1803 virgo

830 1808 1051 1844 vocabatur-
1109 1808 1209 1844 Hinc
1229 1810 1344 1846 verba
1366 1808 1404 1856 ἐς
1422 1807 1489 1849 τόν

830 1862 1000 1901 ἱκνέεται
1024 1862 1124 1914 ἔχειν
1153 1865 1306 1902 valent:
1349 1869 1490 1905 cuinam

828 1922 1006 1956 conveniat
1024 1920 1124 1958 illam
1145 1921 1270 1959 habere
1298 1935 1328 1959 s.
1348 1924 1385 1959 z‘n
1413 1936 1489 1961 ma-

826 1978 1029 2014 tri'monmm
1055 1977 1192 2018 ducere.
1248 1978 1334 2016 Vid.
1355 1981 1403 2028 11,
1433 1979 1488 2022 35

826 2033 918 2084 ibiq.
934 2040 1030 2070 nott.
1050 2034 1114 2082 VI,
1142 2034 1210 2075 65.

884 2086 938 2137 ’ἦν
970 2087 1027 2141 μή
1055 2105 1128 2143 περ
1159 2106 1180 2129 ο
1205 2089 1335 2145 πατήρ
1360 2088 1489 2145 αὐτὴν

828 2143 1028 2216 ἐγγυήσῃ]
1064 2149 1108 2184 111
1129 2160 1208 2185 11110
1233 2149 1319 2187 cod.
1342 2158 1485 2188 exstat:

826 2199 880 2253 ἢν
902 2201 930 2254 ’ἡ
952 2200 1080 2257 μήτηρ
1102 2200 1132 2255 ἢ
1157 2202 1178 2244 ὁ
1202 2220 1331 2258 πατηρ
1356 2203 1486 2258 αὐτην

829 2258 906 2312 ἔγγ.
942 2259 1060 2312 idque
1096 2268 1246 2300 secutus
1283 2270 1337 2300 est
1365 2265 1486 2302 Valla.

827 2317 1082 2369 Nequaquam
1112 2325 1234 2366 recte,
1280 2333 1422 2372 quum,
1444 2327 1487 2358 ut

827 2373 925 2411 bene
944 2383 1176 2412 monuerunt
1195 2377 1428 2428 Wesseling.
1450 2384 1488 2415 et

826 2429 1024 2479 Valcken.,
1045 2433 1175 2469 matris
1193 2434 1299 2470 nulla
1319 2435 1486 2471 auctori-

825 2494 905 2535 tas,
956 2489 1106 2525 nullum
1142 2490 1201 2526 ius
1238 2490 1280 2526 iu
1322 2490 1489 2528 filiarum

827 2545 1076 2595 sponsalibus.
1117 2545 1228 2584 Conf.
1247 2548 1382 2598 Eurip.
1401 2549 1487 2584 An-

829 2600 951 2637 drom.
973 2603 1067 2642 987.

885 2657 1064 2708 παρίζειν
1106 2655 1348 2709 βουλεύουσι
1381 2661 1485 2697 τοῖσι

828 2710 1009 2764 γέρουσι]
1050 2715 1075 2750 i.
1097 2728 1131 2751 e.
1170 2715 1327 2751 assident
1368 2726 1485 2750 senum

829 2770 974 2808 concilio
998 2769 1040 2808 de
1063 2771 1162 2809 rebus
1182 2771 1335 2822 puhlicis
1356 2769 1485 2808 delibe-
