1897 3340
416 253 502 292 450

825 249 1283 287 HERODOTI

419 359 519 414 ,,τός
546 361 685 403 ταῦτα
714 356 1037 414 συμβάλλομαι,
1061 355 1147 400 ἀλλ’
1179 353 1278 400 οἷόν
1305 373 1402 401 κοτε
1431 355 1567 412 ἡμέας
1597 354 1681 400 ‹3213-

419 444 527 483 „yov
559 425 703 481 ἐδέησε
732 428 991 480 καταλαβεῖν
1015 425 1179 475 πάθος,
1211 424 1280 468 ὅτε
1310 424 1452 481 πατήρ
1484 425 1560 476 σός
1593 424 1736 478 ζεῦ-55

419 496 522 547 ,,ξας
559 492 793 548 Βόσπορον
828 493 908 536 τόν
949 495 1183 548 Θρηΐκιον,
1221 493 1482 547 γεφυρώσας
1525 493 1570 536 δὲ
1605 508 1680 536 πο-

419 561 580 617 ,,ταμὸν
606 561 797 614 Ἴστρον,
836 560 958 616 διέβη
996 561 1064 603 ἐπὶ
1093 559 1303 612 Σκύθας,
1342 558 1437 604 τότε
1478 563 1680 602 παντοῖοι

416 629 644 685 ,,έγένοντο
684 627 864 672 Σκύθαι
905 627 1103 682 δεόμενοι
1143 626 1299 669 Ἰώνων
1343 631 1474 670 λῦσαι
1502 627 1581 669 τόν
1601 625 1680 669 πό-

418 713 550 751 ,,ρον,
587 701 702 740 τοῖσι
741 696 1021 750 ἐπιτέτραπτο
1063 694 1089 751 ἡ
1134 694 1307 750 φυλακὴ
1338 699 1425 737 τῶν
1453 694 1681 749 γεφυρέων

389 768 526 816 9,,τοῦ
545 763 727 818 Ἴστρου.
786 762 860 805 καὶ
889 761 985 805 τότε
1014 778 1061 817 γε
1091 760 1286 811 Ἱστιαῖος
1317 760 1340 803 ὁ
1380 761 1582 816 ΝΙιλήτου
1611 761 1679 804 τύ·
1692 768 1737 801 60

418 847 607 886 ,,ραννος
637 833 673 873 εἰ
701 831 904 873 ἐπέσπετο
935 833 1023 872 τῶν
1053 827 1195 872 ἄλλων
1224 828 1455 882 τυράννων
1491 833 1542 885 τῇ
1569 828 1680 884 γνώ-
1704 856 1706 858 -

418 915 519 955 „yffi
549 898 655 953 μηδὲ
674 896 882 953 ἠντιώθη,
919 896 1143 950 διέργαστο
1175 896 1231 938 ὀίν
1259 896 1311 938 τοὶ
1334 896 1539 949 Περσέων
1569 896 1679 950 πρή-

364 976 598 1022 10,,γματα.
647 967 720 1009 καί
751 981 818 1008 τοι
847 965 919 1007 καὶ
947 962 1062 1022 λόγῳ
1095 962 1282 1005 ἀκοῦσαι
1312 964 1477 1013 δεινὸν,
1516 961 1578 1006 ἐπ’
1609 961 1680 1004 ἅν-

417 1034 516 1088 ,,δρί
553 1048 600 1088 γε
644 1033 708 1077 ἑνὶ
745 1031 890 1076 πάντα
919 1030 972 1074 τὰ
1012 1031 1210 1087 βασιλέος
1239 1029 1471 1086 πρήγματα
1500 1033 1681 1086 γεγενῆ-

364 1215 535 1246 extremo
576 1208 699 1257 capite
735 1219 839 1242 nouo
878 1206 1020 1256 posita

362 1261 440 1305 α’πό
463 1265 603 1316 πείρης
620 1258 751 1302 πάντα
769 1258 1022 1312 ἀνθρώποισι

336 1325 339 1329 ”
363 1320 488 1372 φιλέει
499 1322 696 1379 γίνέσθαι.
728 1320 911 1356 Voculam
925 1333 1023 1356 ταυ-

361 1393 421 1426 τοι,
451 1379 554 1415 libris
584 1377 772 1427 plerisque
803 1377 855 1412 sic
884 1376 1023 1411 iuben-

362 1435 461 1472 tibus
499 1440 586 1470 aute
625 1429 920 1483 συμβάλλομαι,
962 1432 1024 1468 cui

362 1492 478 1541 vulgo
511 1491 687 1541 postponi
715 1490 880 1534 solebat,
903 1489 1024 1524 collo-

363 1549 447 1584 cavi
477 1560 565 1583 cum
593 1546 709 1582 Gaisf.
752 1552 789 1581 et
826 1543 1021 1591 Matthiae,

364 1605 479 1655 quiin
494 1604 668 1654 proxime
679 1602 923 1652 sequentibus
935 1614 1023 1638 ora-

362 1662 508 1698 tionem
538 1660 590 1696 sic
629 1657 834 1727 procedere
861 1664 1019 1725 mon’et:

364 1712 531 1780 ου’δεμίῃ
564 1715 687 1768 σοφίῃ
724 1714 859 1781 οἰκηίῃ
906 1709 1022 1760 αὐτὸς

365 1755 639 1823 συμβάλλομαι
655 1772 796 1817 ταῦτα,
829 1766 910 1808 ἄλλ’
929 1769 968 1817 ἐξ
983 1769 1022 1809 ἒ-

361 1828 497 1868 κείνου
520 1828 598 1873 (vel
619 1826 782 1879 ἐκείνῳ)
813 1822 900 1866 οἷόν
931 1840 1022 1865 κοτε

363 1883 545 1937 ημέαςκ.
567 1898 600 1922 τ.
623 1885 658 1921 λ.
715 1885 846 1934 Itaque
877 1882 1024 1920 delevi-

364 1955 450 1979 mus
490 1940 775 1977 exclamationis
813 1941 967 1990 signum
1001 1952 1022 1975 a

366 1998 483 2036 Gaisf.
502 1998 665 2033 illatum.

424 2049 507 2093 ἄλλ’
531 2049 615 2092 οἷόν
638 2066 727 2091 κοτε
742 2049 866 2102 ἡμέας
886 2046 1023 2102 ὀλίγου

368 2108 504 2160 ἐδέησε
533 2108 799 2159 καταλαβεῖν]
837 2108 863 2145 i.
898 2120 932 2143 e.
962 2107 1024 2143 sed

370 2179 458 2217 quae
493 2165 632 2202 tandem
684 2177 746 2201 nos
780 2163 1025 2212 propemodum

369 2220 503 2268 afflixit
520 2221 719 2258 calamitas.
749 2221 806 2255 De
831 2220 1023 2255 locutione

365 2273 501 2328 ὀλίγου
522 2275 655 2326 ἐδέησε
670 2275 757 2312 vide
776 2276 823 2311 sis
835 2276 962 2324 Viger.
977 2274 1025 2310 de

365 2332 473 2370 idiot.
501 2345 589 2382 pag.
611 2332 691 2371 204
718 2344 810 2383 seq„
833 2343 882 2366 ne
902 2331 1022 2380 plura.

366 2389 480 2427 Verbi
509 2388 745 2438 καταλαβεῖν
775 2399 887 2423 usum
918 2388 1023 2436 attigi

370 2444 420 2482 ad
455 2446 523 2491 111,
562 2443 630 2484 42.
690 2445 764 2479 Pro
799 2439 928 2492 πατήρ
958 2441 1024 2489 οὸς

367 2500 537 2538 Bekker.
573 2498 689 2537 edidit
718 2495 848 2549 πατήρ
887 2497 911 2537 o‘
944 2496 1021 2547 σός,

369 2558 482 2609 plane
502 2564 544 2594 ut
563 2557 643 2603 V11,
665 2558 690 2596 8
712 2557 748 2600 §.
771 2558 809 2596 2.
853 2555 897 2592 In
917 2568 1022 2607 seqq.

370 2613 418 2651 ad
438 2614 552 2651 verba
572 2615 755 2651 παντοῖοι
774 2609 953 2662 ἐγένοντο
975 2612 1024 2649 cf.

368 2677 464 2708 nott.
485 2669 534 2707 ad
553 2670 623 2713 111,
647 2667 739 2709 124.
781 2670 837 2704 De
858 2669 1023 2705 Histiaeo

367 2727 514 2764 Milesio
530 2755 540 2773 ,
569 2725 635 2777 qui
656 2731 813 2775 pontem
832 2725 926 2761 solvi
947 2724 1025 2763 dis-

368 2789 556 2830 suaserat,
585 2779 664 2819 vid.
684 2781 754 2827 lV,
779 2783 873 2821 137.

424 2837 525 2891 μηδὲ
559 2833 773 2889 η’ντιοὸθη]
822 2835 1028 2887 Mediceus,
1083 2849 1133 2872 ne
1153 2836 1274 2886 plura.

1078 1202 1334 1250 Florentinus,
1368 1202 1452 1239 alii.
1486 1197 1738 1252 ἦναντιωθη,

1080 1259 1183 1311 quod
1224 1260 1339 1295 etiam
1387 1257 1521 1298 Matth.
1570 1259 1738 1296 retinuit.

1078 1314 1279 1352 Bekkerus
1330 1314 1502 1352 exhibuit
1541 1310 1740 1364 ἅντιώθη.

1078 1371 1271 1424 Equidem
1311 1385 1400 1408 cum
1429 1370 1546 1409 Schw
1549 1369 1740 1421 eighaeus.

1081 1437 1117 1466 et
1129 1429 1243 1467 Gaisf.
1267 1442 1315 1465 ex
1337 1429 1415 1465 aliis
1436 1429 1537 1465 libris
1559 1427 1647 1465 dedi
1664 1423 1739 1477 ἥν·-

1078 1482 1224 1535 τιωθη,
1258 1498 1493 1536 quamquam
1517 1483 1716 1522 verbiun’
1699 1499 1739 1525 ε-

1078 1544 1347 1581 ναντιοῦσθαι
1369 1549 1406 1578 et
1425 1554 1518 1577 mox
1534 1548 1571 1578 et
1590 1542 1671 1587 Vll,
1684 1539 1738 1580 49

1078 1598 1145 1636 fin.
1175 1600 1403 1636 inveniatur.
1435 1596 1739 1648 Schweighaeu-

1077 1667 1160 1691 sero
1200 1655 1354 1704 vulgata
1394 1649 1627 1704 ἠναντιώθη
1657 1659 1740 1690 orta

1079 1711 1229 1747 videtur
1263 1724 1284 1746 e
1314 1711 1443 1747 mixtis
1464 1712 1561 1747 iuter
1580 1723 1619 1747 se
1641 1709 1739 1746 dua-

1078 1768 1148 1804 bus
1168 1768 1392 1806 lectionibus
1415 1762 1597 1817 ἄντιώθη
1618 1773 1657 1803 et
1670 1761 1738 1817 η’ν-

1077 1820 1224 1874 τιώθη.

1135 1933 1340 1987 διέργαστο
1378 1929 1430 1973 ὅὶν
1463 1930 1511 1973 τοὶ
1549 1932 1739 1984 Περσέων

1078 1989 1317 2043 πρήγματα]
1341 1991 1366 2027 i.
1377 2003 1411 2032 e.
1434 1989 1476 2027 de
1486 1989 1674 2028 Persarum
1685 2002 1740 2027 re-

1080 2049 1143 2085 bus
1161 2061 1190 2084 s.
1213 2049 1356 2097 imperio
1381 2049 1499 2084 actum
1512 2046 1624 2096 foret.
1652 2047 1741 2082 Non

1080 2105 1187 2140 aliter
1236 2102 1522 2153 διαπέπρακται
1563 2103 1602 2138 iu
1642 2103 1740 2139 Plu-

1079 2159 1197 2197 tarch.
1214 2160 1304 2195 Fab.
1327 2159 1365 2199 5.
1387 2159 1529 2208 Agesil.
1551 2160 1619 2199 22.
1640 2159 1737 2209 Syll.

1079 2218 1132 2255 29
1153 2215 1239 2254 coll.
1260 2213 1444 2251 Abresch.
1465 2221 1501 2251 et
1520 2213 1738 2252 Blomfield.

1082 2270 1131 2307 ad
1160 2270 1338 2322 Aeschyl.
1359 2272 1463 2307 Pers.
1487 2270 1568 2311 358
1590 2283 1621 2308 s.
1641 2270 1739 2312 265.

1081 2328 1257 2378 Simplex
1285 2326 1505 2377 πέπρακται
1535 2325 1635 2378 apud
1657 2329 1739 2363 He-

1080 2383 1203 2421 rodot.
1231 2385 1298 2429 IX,
1325 2386 1396 2423 111
1427 2383 1511 2420 coll.
1543 2381 1737 2434 Aristoph.

1078 2441 1179 2491 qu.
1202 2439 1321 2481 1248.
1341 2461 1397 2467 --
1426 2440 1469 2476 Iu
1489 2452 1594 2492 seqq.
1611 2439 1660 2477 ad
1678 2440 1739 2477 lo-

1079 2499 1274 2533 cutionem
1314 2497 1498 2548 γίνεσθαι
1538 2496 1604 2536 ἐπί
1646 2510 1736 2544 τινι,

1082 2566 1179 2605 quae
1200 2553 1248 2590 de
1269 2553 1379 2589 rebus
1396 2551 1617 2600 adhibetur,
1640 2565 1738 2604 quae

1079 2611 1118 2646 iu
1132 2611 1288 2646 alicuius
1309 2617 1396 2646 sunt
1416 2615 1600 2660 potestate
1618 2622 1648 2649 s.
1665 2609 1737 2648 ali-

1080 2668 1186 2703 cuius
1214 2667 1364 2703 arbitrio
1398 2666 1599 2716 permissae
1636 2671 1736 2711 sunt,

1080 2724 1224 2762 consul.
1244 2721 1408 2760 Fischer.
1431 2720 1478 2758 ad
1491 2722 1651 2759 Weller.
1670 2722 1737 2768 111,

1079 2792 1168 2830 pag.
1189 2780 1284 2820 235.
1304 2780 1431 2828 Viger.
1455 2790 1492 2827 p.
1520 2779 1614 2825 228,
1641 2779 1737 2825 617,

1332 2832 1473 2873 Herod.
1494 2834 1575 2881 Vll,
1595 2833 1662 2874 52.
