<?xml version="1.0" encoding="UTF-8"?>
<!DOCTYPE html PUBLIC "-//W3C//DTD XHTML 1.0 Transitional//EN"
    "http://www.w3.org/TR/xhtml1/DTD/xhtml1-transitional.dtd">
<html xmlns="http://www.w3.org/1999/xhtml" xml:lang="en" lang="en">
 <head>
  <title>
</title>
<meta http-equiv="Content-Type" content="text/html;charset=utf-8" />
  <meta name='ocr-system' content='tesseract 3.04.00' />
  <meta name='ocr-capabilities' content='ocr_page ocr_carea ocr_par ocr_line ocrx_word'/>
</head>
<body>
  <div class='ocr_page' id='page_1' title='image "./musaeher03hero_0746.png"; bbox 0 0 1897 3340; ppageno 0'>
   <div class='ocr_carea' id='block_1_1' title="bbox 396 177 478 217">
    <p class='ocr_par' dir='ltr' id='par_1_1' title="bbox 396 177 478 217">
     <span class='ocr_line' id='line_1_1' title="bbox 396 177 478 217; baseline -0.024 0"><span class='ocrx_word' id='word_1_1' title='bbox 396 177 478 217; x_wconf 75' lang='lat'><strong>732</strong></span> 
     </span>
    </p>
   </div>
   <div class='ocr_carea' id='block_1_2' title="bbox 788 176 1243 214">
    <p class='ocr_par' dir='ltr' id='par_1_2' title="bbox 788 176 1243 214">
     <span class='ocr_line' id='line_1_2' title="bbox 788 176 1243 214; baseline 0.002 -2"><span class='ocrx_word' id='word_1_2' title='bbox 788 176 1243 214; x_wconf 81' lang='lat' dir='ltr'>IIERODOTI</span> 
     </span>
    </p>
   </div>
   <div class='ocr_carea' id='block_1_3' title="bbox 365 281 1697 677">
    <p class='ocr_par' dir='ltr' id='par_1_3' title="bbox 365 281 1697 677">
     <span class='ocr_line' id='line_1_3' title="bbox 394 281 1639 339; baseline 0.005 -14"><span class='ocrx_word' id='word_1_3' title='bbox 394 298 529 338; x_wconf 83' lang='grc' dir='ltr'><em>ματος</em></span> <span class='ocrx_word' id='word_1_4' title='bbox 557 281 752 339; x_wconf 81' lang='grc' dir='ltr'><em>ἀριθμός.</em></span> <span class='ocrx_word' id='word_1_5' title='bbox 808 288 1028 338; x_wconf 81' lang='grc' dir='ltr'><em>γυναικῶν</em></span> <span class='ocrx_word' id='word_1_6' title='bbox 1048 284 1094 327; x_wconf 82' lang='grc' dir='ltr'><strong>δὲ</strong></span> <span class='ocrx_word' id='word_1_7' title='bbox 1124 284 1398 337; x_wconf 83' lang='grc' dir='ltr'><em>σιτοποιέων,</em></span> <span class='ocrx_word' id='word_1_8' title='bbox 1429 287 1501 329; x_wconf 86' lang='grc' dir='ltr'><strong>καὶ</strong></span> <span class='ocrx_word' id='word_1_9' title='bbox 1529 292 1639 331; x_wconf 82' lang='grc' dir='ltr'><em>παλ-</em></span> 
     </span>
     <span class='ocr_line' id='line_1_4' title="bbox 395 349 1640 408; baseline 0.004 -15"><span class='ocrx_word' id='word_1_10' title='bbox 395 349 573 402; x_wconf 85' lang='grc' dir='ltr'><em>λακέων,</em></span> <span class='ocrx_word' id='word_1_11' title='bbox 603 350 675 393; x_wconf 85' lang='grc' dir='ltr'><strong>καὶ</strong></span> <span class='ocrx_word' id='word_1_12' title='bbox 705 350 954 406; x_wconf 82' lang='grc' dir='ltr'><em>εὐνούχων,</em></span> <span class='ocrx_word' id='word_1_13' title='bbox 984 349 1126 402; x_wconf 83' lang='grc' dir='ltr'><em>οὐδεὶς</em></span> <span class='ocrx_word' id='word_1_14' title='bbox 1155 351 1211 400; x_wconf 77' lang='grc' dir='ltr'><strong><em>ἂν</em></strong></span> <span class='ocrx_word' id='word_1_15' title='bbox 1240 354 1353 397; x_wconf 78' lang='grc' dir='ltr'><em>εἴποι</em></span> <span class='ocrx_word' id='word_1_16' title='bbox 1382 351 1560 408; x_wconf 75' lang='grc' dir='ltr'><em>ἀτρεκέα</em></span> <span class='ocrx_word' id='word_1_17' title='bbox 1593 354 1640 398; x_wconf 79' lang='grc' dir='ltr'><strong>ἀ-</strong></span> 
     </span>
     <span class='ocr_line' id='line_1_5' title="bbox 395 413 1639 478; baseline 0.004 -19"><span class='ocrx_word' id='word_1_18' title='bbox 395 418 574 472; x_wconf 80' lang='grc' dir='ltr'><em>ριθμόν·</em></span> <span class='ocrx_word' id='word_1_19' title='bbox 605 416 697 460; x_wconf 84' lang='grc' dir='ltr'><em>οὐδ’</em></span> <span class='ocrx_word' id='word_1_20' title='bbox 729 413 785 460; x_wconf 80' lang='grc' dir='ltr'><strong>αὗ</strong></span> <span class='ocrx_word' id='word_1_21' title='bbox 813 419 1057 474; x_wconf 80' lang='grc' dir='ltr'><em>ὑποζυγίων</em></span> <span class='ocrx_word' id='word_1_22' title='bbox 1087 435 1131 462; x_wconf 88' lang='grc' dir='ltr'><em>τε</em></span> <span class='ocrx_word' id='word_1_23' title='bbox 1164 421 1236 462; x_wconf 83' lang='grc' dir='ltr'><strong>καὶ</strong></span> <span class='ocrx_word' id='word_1_24' title='bbox 1265 423 1352 463; x_wconf 86' lang='grc' dir='ltr'><em>τῶν</em></span> <span class='ocrx_word' id='word_1_25' title='bbox 1371 419 1511 463; x_wconf 78' lang='grc' dir='ltr'><strong><em>ἄλλων</em></strong></span> <span class='ocrx_word' id='word_1_26' title='bbox 1540 438 1639 478; x_wconf 81' lang='grc' dir='ltr'><em>κτη-</em></span> 
     </span>
     <span class='ocr_line' id='line_1_6' title="bbox 393 483 1640 540; baseline 0.005 -14"><span class='ocrx_word' id='word_1_27' title='bbox 393 483 504 526; x_wconf 90' lang='grc' dir='ltr'><strong><em>νέων</em></strong></span> <span class='ocrx_word' id='word_1_28' title='bbox 531 487 620 526; x_wconf 86' lang='grc' dir='ltr'><em>τῶν</em></span> <span class='ocrx_word' id='word_1_29' title='bbox 648 484 934 540; x_wconf 75' lang='grc' dir='ltr'><em>ἀχθοφόρων·</em></span> <span class='ocrx_word' id='word_1_30' title='bbox 965 488 1036 530; x_wconf 85' lang='grc' dir='ltr'><strong>καὶ</strong></span> <span class='ocrx_word' id='word_1_31' title='bbox 1062 490 1209 532; x_wconf 86' lang='grc' dir='ltr'><strong><em>κυνῶν</em></strong></span> <span class='ocrx_word' id='word_1_32' title='bbox 1245 486 1446 531; x_wconf 81' lang='grc' dir='ltr'><em>Ἰνδικῶν</em></span> <span class='ocrx_word' id='word_1_33' title='bbox 1482 492 1569 531; x_wconf 85' lang='grc' dir='ltr'><em>τῶν</em></span> <span class='ocrx_word' id='word_1_34' title='bbox 1605 488 1640 532; x_wconf 82' lang='grc' dir='ltr'><strong>ἓ-</strong></span> 
     </span>
     <span class='ocr_line' id='line_1_7' title="bbox 392 550 1697 611; baseline 0.003 -18"><span class='ocrx_word' id='word_1_35' title='bbox 392 551 619 605; x_wconf 85' lang='grc' dir='ltr'><em>πομένων,</em></span> <span class='ocrx_word' id='word_1_36' title='bbox 659 550 754 594; x_wconf 79' lang='grc' dir='ltr'><em>οὐδ’</em></span> <span class='ocrx_word' id='word_1_37' title='bbox 791 551 846 594; x_wconf 70' lang='grc' dir='ltr'><strong><em>ἂν</em></strong></span> <span class='ocrx_word' id='word_1_38' title='bbox 874 553 1156 611; x_wconf 40' lang='grc' dir='ltr'><em>τούτων-’ὑπό</em></span> <span class='ocrx_word' id='word_1_39' title='bbox 1185 555 1375 610; x_wconf 83' lang='grc' dir='ltr'><em>πλήθεος</em></span> <span class='ocrx_word' id='word_1_40' title='bbox 1414 555 1558 607; x_wconf 80' lang='grc' dir='ltr'><em>οὐδεὶς</em></span> <span class='ocrx_word' id='word_1_41' title='bbox 1586 556 1697 599; x_wconf 73' lang='grc' dir='ltr'><strong><em>ἂνδο</em></strong></span> 
     </span>
     <span class='ocr_line' id='line_1_8' title="bbox 365 616 1642 677; baseline 0.009 -21"><span class='ocrx_word' id='word_1_42' title='bbox 365 619 512 662; x_wconf 59' lang='grc' dir='ltr'><em>ἳεῖποι</em></span> <span class='ocrx_word' id='word_1_43' title='bbox 542 616 741 673; x_wconf 77' lang='grc' dir='ltr'><em>ἀριθμόν.</em></span> <span class='ocrx_word' id='word_1_44' title='bbox 786 619 919 662; x_wconf 71' lang='grc' dir='ltr'><em>’Ώστε</em></span> <span class='ocrx_word' id='word_1_45' title='bbox 948 618 1077 663; x_wconf 84' lang='grc' dir='ltr'><strong><em>ου’δέν</em></strong></span> <span class='ocrx_word' id='word_1_46' title='bbox 1104 637 1179 675; x_wconf 87' lang='grc' dir='ltr'><strong>μοι</strong></span> <span class='ocrx_word' id='word_1_47' title='bbox 1209 625 1369 677; x_wconf 79' lang='grc' dir='ltr'><em>θωῦμα</em></span> <span class='ocrx_word' id='word_1_48' title='bbox 1387 625 1642 677; x_wconf 88' lang='grc' dir='ltr'><em>παρίσταται</em></span> 
     </span>
    </p>
   </div>
   <div class='ocr_carea' id='block_1_4' title="bbox 392 685 1776 743">
    <p class='ocr_par' dir='ltr' id='par_1_4' title="bbox 392 685 1776 743">
     <span class='ocr_line' id='line_1_9' title="bbox 392 685 1776 743; baseline 0.007 -16"><span class='ocrx_word' id='word_1_49' title='bbox 392 687 638 739; x_wconf 84' lang='grc' dir='ltr'><em>προδοῦναι</em></span> <span class='ocrx_word' id='word_1_50' title='bbox 666 685 717 728; x_wconf 77' lang='grc' dir='ltr'><em>τὰ</em></span> <span class='ocrx_word' id='word_1_51' title='bbox 748 685 906 740; x_wconf 80' lang='grc' dir='ltr'><em>ῥέεθρα</em></span> <span class='ocrx_word' id='word_1_52' title='bbox 933 689 1022 729; x_wconf 85' lang='grc' dir='ltr'><em>τῶν</em></span> <span class='ocrx_word' id='word_1_53' title='bbox 1051 693 1257 743; x_wconf 77' lang='grc' dir='ltr'><strong><em>ποταμῶν</em></strong></span> <span class='ocrx_word' id='word_1_54' title='bbox 1287 689 1374 733; x_wconf 76' lang='grc' dir='ltr'><em>ἔστι</em></span> <span class='ocrx_word' id='word_1_55' title='bbox 1394 695 1505 734; x_wconf 80' lang='grc' dir='ltr'><em>τῶν·</em></span> <span class='ocrx_word' id='word_1_56' title='bbox 1535 690 1641 735; x_wconf 82' lang='grc' dir='ltr'><em>ἀλλὰ</em></span> <span class='ocrx_word' id='word_1_57' title='bbox 1684 698 1776 741; x_wconf 81' lang='grc'>’593</span> 
     </span>
    </p>
   </div>
   <div class='ocr_carea' id='block_1_5' title="bbox 392 751 1642 812">
    <p class='ocr_par' dir='ltr' id='par_1_5' title="bbox 392 751 1642 812">
     <span class='ocr_line' id='line_1_10' title="bbox 392 751 1642 812; baseline 0.006 -18"><span class='ocrx_word' id='word_1_58' title='bbox 392 755 570 807; x_wconf 80' lang='grc' dir='ltr'><em>μᾶλλον,</em></span> <span class='ocrx_word' id='word_1_59' title='bbox 601 752 714 803; x_wconf 83' lang='grc' dir='ltr'><strong><em>ὅκως</em></strong></span> <span class='ocrx_word' id='word_1_60' title='bbox 741 753 794 796; x_wconf 82' lang='grc' dir='ltr'><em>τὰ</em></span> <span class='ocrx_word' id='word_1_61' title='bbox 822 754 935 797; x_wconf 82' lang='grc' dir='ltr'><em>σιτία</em></span> <span class='ocrx_word' id='word_1_62' title='bbox 964 751 1204 811; x_wconf 76' lang='grc' dir='ltr'><em>ἀντέχρησε,</em></span> <span class='ocrx_word' id='word_1_63' title='bbox 1232 757 1390 812; x_wconf 75' lang='grc' dir='ltr'><em>θωῦμα</em></span> <span class='ocrx_word' id='word_1_64' title='bbox 1420 775 1516 812; x_wconf 89' lang='grc' dir='ltr'><em>μοι,</em></span> <span class='ocrx_word' id='word_1_65' title='bbox 1556 776 1642 810; x_wconf 88' lang='grc' dir='ltr'><strong>μυ-</strong></span> 
     </span>
    </p>
   </div>
   <div class='ocr_carea' id='block_1_6' title="bbox 364 817 818 877">
    <p class='ocr_par' dir='ltr' id='par_1_6' title="bbox 364 817 818 877">
     <span class='ocr_line' id='line_1_11' title="bbox 364 817 818 877; baseline 0.004 -17"><span class='ocrx_word' id='word_1_66' title='bbox 364 825 385 859; x_wconf 89' lang='grc'><strong>3</strong></span> <span class='ocrx_word' id='word_1_67' title='bbox 399 817 519 872; x_wconf 82' lang='grc' dir='ltr'><em>ριάσι</em></span> <span class='ocrx_word' id='word_1_68' title='bbox 574 819 818 877; x_wconf 72' lang='grc' dir='ltr'><em>τοσαύτῃσι.</em></span> 
     </span>
    </p>
   </div>
   <div class='ocr_carea' id='block_1_7' title="bbox 895 819 1641 880">
    <p class='ocr_par' dir='ltr' id='par_1_7' title="bbox 895 819 1641 880">
     <span class='ocr_line' id='line_1_12' title="bbox 895 819 1641 880; baseline 0.008 -16"><span class='ocrx_word' id='word_1_69' title='bbox 895 819 1079 876; x_wconf 81' lang='grc' dir='ltr'><em>εὑρίσκω</em></span> <span class='ocrx_word' id='word_1_70' title='bbox 1126 822 1210 878; x_wconf 72' lang='grc' dir='ltr'><strong>γάρ</strong></span> <span class='ocrx_word' id='word_1_71' title='bbox 1258 825 1641 880; x_wconf 82' lang='grc' dir='ltr'><em>συμβαλλεόμενος,</em></span> 
     </span>
    </p>
   </div>
   <div class='ocr_carea' id='block_1_8' title="bbox 393 887 1695 948">
    <p class='ocr_par' dir='ltr' id='par_1_8' title="bbox 393 887 1695 948">
     <span class='ocr_line' id='line_1_13' title="bbox 393 887 1695 948; baseline 0.004 -19"><span class='ocrx_word' id='word_1_72' title='bbox 393 888 430 929; x_wconf 80' lang='grc' dir='ltr'><strong>εἰ</strong></span> <span class='ocrx_word' id='word_1_73' title='bbox 457 888 626 942; x_wconf 83' lang='grc' dir='ltr'><strong><em>χοίνικα</em></strong></span> <span class='ocrx_word' id='word_1_74' title='bbox 653 893 805 943; x_wconf 81' lang='grc' dir='ltr'><em>πυρῶν</em></span> <span class='ocrx_word' id='word_1_75' title='bbox 834 888 1012 941; x_wconf 77' lang='grc' dir='ltr'><em>ἕκαστος</em></span> <span class='ocrx_word' id='word_1_76' title='bbox 1039 893 1116 947; x_wconf 81' lang='grc' dir='ltr'><em>τῆς</em></span> <span class='ocrx_word' id='word_1_77' title='bbox 1143 887 1304 947; x_wconf 83' lang='grc' dir='ltr'><strong><em>ἡμέρης</em></strong></span> <span class='ocrx_word' id='word_1_78' title='bbox 1327 890 1538 948; x_wconf 80' lang='grc' dir='ltr'><em>ἐλάμβανε</em></span> <span class='ocrx_word' id='word_1_79' title='bbox 1566 894 1695 938; x_wconf 83' lang='grc' dir='ltr'><em>καὶ85</em></span> 
     </span>
    </p>
   </div>
   <div class='ocr_carea' id='block_1_9' title="bbox 340 1007 609 1015">
    <p class='ocr_par' dir='ltr' id='par_1_9' title="bbox 340 1007 609 1015">
     <span class='ocr_line' id='line_1_14' title="bbox 340 1007 609 1015; baseline 0 2325"><span class='ocrx_word' id='word_1_80' title='bbox 340 1007 609 1015; x_wconf 95' lang='lat' dir='ltr'><strong> </strong></span> 
     </span>
    </p>
   </div>
   <div class='ocr_carea' id='block_1_10' title="bbox 323 1081 988 2763">
    <p class='ocr_par' dir='ltr' id='par_1_10' title="bbox 323 1081 988 2763">
     <span class='ocr_line' id='line_1_15' title="bbox 339 1081 636 1137; baseline 0.003 -15"><span class='ocrx_word' id='word_1_81' title='bbox 339 1081 636 1137; x_wconf 81' lang='grc' dir='ltr'><em>στρατεύματος.</em></span> 
     </span>
     <span class='ocr_line' id='line_1_16' title="bbox 337 1140 984 1183; baseline 0.003 -5"><span class='ocrx_word' id='word_1_82' title='bbox 337 1144 489 1180; x_wconf 84' lang='grc' dir='ltr'><em>ναικῶν</em></span> <span class='ocrx_word' id='word_1_83' title='bbox 530 1140 572 1180; x_wconf 79' lang='grc' dir='ltr'><strong>δὲ</strong></span> <span class='ocrx_word' id='word_1_84' title='bbox 611 1143 843 1183; x_wconf 78' lang='grc' dir='ltr'><em>σιτοποιὲων</em></span> <span class='ocrx_word' id='word_1_85' title='bbox 883 1145 984 1181; x_wconf 87' lang='lat' dir='ltr'><strong>conf.</strong></span> 
     </span>
     <span class='ocr_line' id='line_1_17' title="bbox 323 1195 986 1252; baseline 0.008 -20"><span class='ocrx_word' id='word_1_86' title='bbox 323 1197 326 1202; x_wconf 79' lang='grc'><em>“</em></span> <span class='ocrx_word' id='word_1_87' title='bbox 339 1195 511 1235; x_wconf 88' lang='lat' dir='ltr'><strong>Thomas</strong></span> <span class='ocrx_word' id='word_1_88' title='bbox 524 1199 670 1250; x_wconf 78' lang='lat' dir='ltr'>Magist.</span> <span class='ocrx_word' id='word_1_89' title='bbox 683 1213 720 1250; x_wconf 92' lang='lat' dir='ltr'><strong>p.</strong></span> <span class='ocrx_word' id='word_1_90' title='bbox 737 1203 755 1240; x_wconf 92' lang='lat'>1</span> <span class='ocrx_word' id='word_1_91' title='bbox 766 1203 827 1247; x_wconf 86' lang='lat'><strong>13,</strong></span> <span class='ocrx_word' id='word_1_92' title='bbox 839 1202 904 1252; x_wconf 87' lang='lat' dir='ltr'><strong>qui</strong></span> <span class='ocrx_word' id='word_1_93' title='bbox 915 1214 986 1237; x_wconf 78' lang='lat' dir='ltr'><strong>vo-</strong></span> 
     </span>
     <span class='ocr_line' id='line_1_18' title="bbox 338 1253 987 1306; baseline 0 -14"><span class='ocrx_word' id='word_1_94' title='bbox 338 1266 423 1289; x_wconf 88' lang='lat' dir='ltr'><strong>cem</strong></span> <span class='ocrx_word' id='word_1_95' title='bbox 437 1253 631 1301; x_wconf 83' lang='grc' dir='ltr'><em>σιτοποιός</em></span> <span class='ocrx_word' id='word_1_96' title='bbox 655 1269 854 1306; x_wconf 86' lang='lat' dir='ltr'>perperam</span> <span class='ocrx_word' id='word_1_97' title='bbox 876 1256 987 1293; x_wconf 82' lang='lat' dir='ltr'>dam-</span> 
     </span>
     <span class='ocr_line' id='line_1_19' title="bbox 335 1310 986 1362; baseline 0.008 -17"><span class='ocrx_word' id='word_1_98' title='bbox 335 1316 419 1356; x_wconf 83' lang='lat' dir='ltr'><strong>nat,</strong></span> <span class='ocrx_word' id='word_1_99' title='bbox 446 1310 522 1362; x_wconf 55' lang='lat' dir='ltr'><strong>qua</strong></span> <span class='ocrx_word' id='word_1_100' title='bbox 534 1318 570 1348; x_wconf 88' lang='lat' dir='ltr'><strong>et</strong></span> <span class='ocrx_word' id='word_1_101' title='bbox 588 1312 799 1349; x_wconf 85' lang='lat' dir='ltr'><strong>Herodotus</strong></span> <span class='ocrx_word' id='word_1_102' title='bbox 815 1320 851 1349; x_wconf 89' lang='lat' dir='ltr'><strong>et</strong></span> <span class='ocrx_word' id='word_1_103' title='bbox 872 1312 986 1349; x_wconf 87' lang='lat' dir='ltr'><strong>Thu-</strong></span> 
     </span>
     <span class='ocr_line' id='line_1_20' title="bbox 338 1365 985 1418; baseline 0.006 -16"><span class='ocrx_word' id='word_1_104' title='bbox 338 1365 492 1417; x_wconf 86' lang='lat' dir='ltr'><strong>cydides</strong></span> <span class='ocrx_word' id='word_1_105' title='bbox 507 1369 567 1416; x_wconf 83' lang='lat' dir='ltr'><strong>VI,</strong></span> <span class='ocrx_word' id='word_1_106' title='bbox 579 1371 632 1409; x_wconf 86' lang='grc'><strong>22</strong></span> <span class='ocrx_word' id='word_1_107' title='bbox 644 1368 728 1417; x_wconf 81' lang='lat' dir='ltr'><strong>(ubi</strong></span> <span class='ocrx_word' id='word_1_108' title='bbox 738 1368 813 1406; x_wconf 83' lang='lat' dir='ltr'>vid.</span> <span class='ocrx_word' id='word_1_109' title='bbox 834 1369 985 1418; x_wconf 81' lang='lat' dir='ltr'>Duker)</span> 
     </span>
     <span class='ocr_line' id='line_1_21' title="bbox 338 1423 983 1477; baseline 0.011 -20"><span class='ocrx_word' id='word_1_110' title='bbox 338 1429 375 1458; x_wconf 89' lang='lat' dir='ltr'><strong>et</strong></span> <span class='ocrx_word' id='word_1_111' title='bbox 395 1423 571 1475; x_wconf 84' lang='lat' dir='ltr'><strong>Xenoph.</strong></span> <span class='ocrx_word' id='word_1_112' title='bbox 596 1424 791 1473; x_wconf 86' lang='lat' dir='ltr'><strong>(vid.Lex.</strong></span> <span class='ocrx_word' id='word_1_113' title='bbox 806 1425 983 1477; x_wconf 88' lang='lat' dir='ltr'><strong>Xenoph.</strong></span> 
     </span>
     <span class='ocr_line' id='line_1_22' title="bbox 337 1478 987 1532; baseline 0.008 -18"><span class='ocrx_word' id='word_1_114' title='bbox 337 1479 389 1515; x_wconf 92' lang='lat' dir='ltr'><strong>IV</strong></span> <span class='ocrx_word' id='word_1_115' title='bbox 401 1478 510 1530; x_wconf 81' lang='lat' dir='ltr'><strong>p.40)</strong></span> <span class='ocrx_word' id='word_1_116' title='bbox 526 1482 582 1518; x_wconf 85' lang='lat' dir='ltr'><strong>usi</strong></span> <span class='ocrx_word' id='word_1_117' title='bbox 594 1488 692 1518; x_wconf 86' lang='lat' dir='ltr'><strong>sunt.</strong></span> <span class='ocrx_word' id='word_1_118' title='bbox 719 1483 987 1532; x_wconf 83' lang='lat' dir='ltr'><strong>Intelliguutur</strong></span> 
     </span>
     <span class='ocr_line' id='line_1_23' title="bbox 337 1533 987 1589; baseline 0.009 -19"><span class='ocrx_word' id='word_1_119' title='bbox 337 1533 405 1574; x_wconf 87' lang='lat' dir='ltr'>h.l.</span> <span class='ocrx_word' id='word_1_120' title='bbox 419 1536 577 1574; x_wconf 79' lang='lat' dir='ltr'><strong>mulieres</strong></span> <span class='ocrx_word' id='word_1_121' title='bbox 583 1540 674 1587; x_wconf 78' lang='lat' dir='ltr'><strong>pani</strong></span> <span class='ocrx_word' id='word_1_122' title='bbox 688 1539 897 1588; x_wconf 78' lang='lat' dir='ltr'><strong>conficiendo</strong></span> <span class='ocrx_word' id='word_1_123' title='bbox 909 1552 987 1589; x_wconf 81' lang='lat' dir='ltr'><strong>ope-</strong></span> 
     </span>
     <span class='ocr_line' id='line_1_24' title="bbox 336 1595 986 1642; baseline 0.008 -15"><span class='ocrx_word' id='word_1_124' title='bbox 336 1595 465 1638; x_wconf 79' lang='lat' dir='ltr'><em>rantes,</em></span> <span class='ocrx_word' id='word_1_125' title='bbox 497 1606 580 1642; x_wconf 76' lang='lat' dir='ltr'><strong><em>01ms</em></strong></span> <span class='ocrx_word' id='word_1_126' title='bbox 602 1597 787 1640; x_wconf 75' lang='lat' dir='ltr'><strong>pistorium</strong></span> <span class='ocrx_word' id='word_1_127' title='bbox 812 1599 986 1642; x_wconf 75' lang='grc' dir='ltr'><em>οιιναηΐεε,</em></span> 
     </span>
     <span class='ocr_line' id='line_1_25' title="bbox 334 1647 986 1699; baseline 0.006 -16"><span class='ocrx_word' id='word_1_128' title='bbox 334 1648 366 1684; x_wconf 89' lang='lat' dir='ltr'><strong>si</strong></span> <span class='ocrx_word' id='word_1_129' title='bbox 403 1647 558 1699; x_wconf 86' lang='lat' dir='ltr'><strong>quidem</strong></span> <span class='ocrx_word' id='word_1_130' title='bbox 592 1649 693 1699; x_wconf 78' lang='lat' dir='ltr'><strong>apud</strong></span> <span class='ocrx_word' id='word_1_131' title='bbox 731 1657 873 1687; x_wconf 85' lang='lat' dir='ltr'><strong>veteres</strong></span> <span class='ocrx_word' id='word_1_132' title='bbox 912 1650 986 1688; x_wconf 85' lang='lat' dir='ltr'><strong>hoo</strong></span> 
     </span>
     <span class='ocr_line' id='line_1_26' title="bbox 337 1704 986 1757; baseline 0.008 -19"><span class='ocrx_word' id='word_1_133' title='bbox 337 1706 493 1741; x_wconf 83' lang='lat' dir='ltr'><strong>omnino</strong></span> <span class='ocrx_word' id='word_1_134' title='bbox 515 1704 562 1742; x_wconf 85' lang='lat' dir='ltr'><strong>ad</strong></span> <span class='ocrx_word' id='word_1_135' title='bbox 585 1705 815 1742; x_wconf 82' lang='lat' dir='ltr'><strong>feminarum</strong></span> <span class='ocrx_word' id='word_1_136' title='bbox 834 1708 986 1757; x_wconf 81' lang='lat' dir='ltr'><strong>negotia</strong></span> 
     </span>
     <span class='ocr_line' id='line_1_27' title="bbox 335 1761 985 1810; baseline 0.008 -15"><span class='ocrx_word' id='word_1_137' title='bbox 335 1761 557 1810; x_wconf 84' lang='lat' dir='ltr'><strong>pertinuisse</strong></span> <span class='ocrx_word' id='word_1_138' title='bbox 577 1761 738 1800; x_wconf 81' lang='lat' dir='ltr'><strong>videtur.</strong></span> <span class='ocrx_word' id='word_1_139' title='bbox 796 1763 854 1799; x_wconf 89' lang='lat' dir='ltr'><strong>Cf.</strong></span> <span class='ocrx_word' id='word_1_140' title='bbox 890 1770 985 1800; x_wconf 81' lang='lat' dir='ltr'><strong>nott.</strong></span> 
     </span>
     <span class='ocr_line' id='line_1_28' title="bbox 334 1815 986 1871; baseline 0.008 -20"><span class='ocrx_word' id='word_1_141' title='bbox 334 1815 382 1852; x_wconf 84' lang='lat' dir='ltr'><strong>ad</strong></span> <span class='ocrx_word' id='word_1_142' title='bbox 403 1818 468 1862; x_wconf 87' lang='lat'>111,</span> <span class='ocrx_word' id='word_1_143' title='bbox 486 1819 577 1858; x_wconf 91' lang='lat'>150.</span> <span class='ocrx_word' id='word_1_144' title='bbox 607 1819 656 1855; x_wconf 88' lang='lat' dir='ltr'><strong>Et</strong></span> <span class='ocrx_word' id='word_1_145' title='bbox 678 1819 808 1856; x_wconf 87' lang='lat' dir='ltr'><strong>confer</strong></span> <span class='ocrx_word' id='word_1_146' title='bbox 819 1819 866 1856; x_wconf 88' lang='lat' dir='ltr'><strong>sis</strong></span> <span class='ocrx_word' id='word_1_147' title='bbox 886 1832 986 1871; x_wconf 88' lang='lat' dir='ltr'><strong>quo-</strong></span> 
     </span>
     <span class='ocr_line' id='line_1_29' title="bbox 335 1874 987 1923; baseline 0.006 -15"><span class='ocrx_word' id='word_1_148' title='bbox 335 1885 410 1923; x_wconf 84' lang='lat' dir='ltr'><strong>que</strong></span> <span class='ocrx_word' id='word_1_149' title='bbox 430 1874 528 1921; x_wconf 83' lang='lat' dir='ltr'>VIII,</span> <span class='ocrx_word' id='word_1_150' title='bbox 554 1877 643 1915; x_wconf 87' lang='lat'>137.</span> <span class='ocrx_word' id='word_1_151' title='bbox 668 1897 719 1903; x_wconf 86' lang='lat'><strong>—·</strong></span> <span class='ocrx_word' id='word_1_152' title='bbox 753 1877 810 1912; x_wconf 84' lang='lat' dir='ltr'><strong>De</strong></span> <span class='ocrx_word' id='word_1_153' title='bbox 842 1877 987 1912; x_wconf 79' lang='lat' dir='ltr'><strong>canibus</strong></span> 
     </span>
     <span class='ocr_line' id='line_1_30' title="bbox 335 1927 985 1980; baseline 0.006 -16"><span class='ocrx_word' id='word_1_154' title='bbox 335 1927 470 1966; x_wconf 78' lang='lat' dir='ltr'><strong>Indicis</strong></span> <span class='ocrx_word' id='word_1_155' title='bbox 505 1929 582 1967; x_wconf 87' lang='lat' dir='ltr'><strong>vid.</strong></span> <span class='ocrx_word' id='word_1_156' title='bbox 618 1938 712 1968; x_wconf 85' lang='lat' dir='ltr'><strong>nott.</strong></span> <span class='ocrx_word' id='word_1_157' title='bbox 740 1931 788 1968; x_wconf 82' lang='lat' dir='ltr'><strong>ad</strong></span> <span class='ocrx_word' id='word_1_158' title='bbox 821 1931 850 1980; x_wconf 85' lang='lat' dir='ltr'><strong>I,</strong></span> <span class='ocrx_word' id='word_1_159' title='bbox 893 1934 985 1973; x_wconf 80' lang='grc'><strong>192.</strong></span> 
     </span>
     <span class='ocr_line' id='line_1_31' title="bbox 335 1985 900 2026; baseline 0.011 -6"><span class='ocrx_word' id='word_1_160' title='bbox 335 1986 410 2022; x_wconf 85' lang='lat' dir='ltr'><strong>Pro</strong></span> <span class='ocrx_word' id='word_1_161' title='bbox 431 1985 599 2025; x_wconf 85' lang='grc' dir='ltr'><em>τουτέων</em></span> <span class='ocrx_word' id='word_1_162' title='bbox 630 1987 718 2024; x_wconf 79' lang='lat' dir='ltr'><strong>dedi</strong></span> <span class='ocrx_word' id='word_1_163' title='bbox 737 1985 900 2026; x_wconf 84' lang='grc' dir='ltr'><em>τούτων.</em></span> 
     </span>
     <span class='ocr_line' id='line_1_32' title="bbox 389 2044 988 2095; baseline 0.005 -15"><span class='ocrx_word' id='word_1_164' title='bbox 389 2044 538 2093; x_wconf 79' lang='grc' dir='ltr'><em>θωῦμα</em></span> <span class='ocrx_word' id='word_1_165' title='bbox 558 2045 790 2095; x_wconf 84' lang='grc' dir='ltr'><em>παρίσταται</em></span> <span class='ocrx_word' id='word_1_166' title='bbox 811 2044 988 2095; x_wconf 79' lang='grc' dir='ltr'><em>προδοῦ-</em></span> 
     </span>
     <span class='ocr_line' id='line_1_33' title="bbox 335 2101 986 2151; baseline 0.002 -16"><span class='ocrx_word' id='word_1_167' title='bbox 335 2112 402 2136; x_wconf 89' lang='grc' dir='ltr'><strong>ναι</strong></span> <span class='ocrx_word' id='word_1_168' title='bbox 427 2113 463 2136; x_wconf 80' lang='grc' dir='ltr'><strong>κ.</strong></span> <span class='ocrx_word' id='word_1_169' title='bbox 482 2114 515 2137; x_wconf 92' lang='grc' dir='ltr'><em>τ.</em></span> <span class='ocrx_word' id='word_1_170' title='bbox 543 2101 595 2148; x_wconf 83' lang='grc' dir='ltr'><strong>λ.]</strong></span> <span class='ocrx_word' id='word_1_171' title='bbox 629 2103 779 2151; x_wconf 77' lang='grc' dir='ltr'><em>θωῦμα</em></span> <span class='ocrx_word' id='word_1_172' title='bbox 815 2101 986 2150; x_wconf 83' lang='lat' dir='ltr'><strong>rescripsi</strong></span> 
     </span>
     <span class='ocr_line' id='line_1_34' title="bbox 334 2157 986 2206; baseline 0.006 -16"><span class='ocrx_word' id='word_1_173' title='bbox 334 2167 402 2202; x_wconf 79' lang='lat' dir='ltr'><strong>pro</strong></span> <span class='ocrx_word' id='word_1_174' title='bbox 419 2157 550 2204; x_wconf 81' lang='grc' dir='ltr'><em>θῶμα.</em></span> <span class='ocrx_word' id='word_1_175' title='bbox 607 2157 669 2193; x_wconf 89' lang='lat' dir='ltr'><strong>Ad</strong></span> <span class='ocrx_word' id='word_1_176' title='bbox 689 2158 847 2193; x_wconf 79' lang='lat' dir='ltr'><strong>verbum</strong></span> <span class='ocrx_word' id='word_1_177' title='bbox 867 2157 986 2206; x_wconf 83' lang='grc' dir='ltr'><em>παρί-</em></span> 
     </span>
     <span class='ocr_line' id='line_1_35' title="bbox 334 2211 981 2263; baseline 0.002 -17"><span class='ocrx_word' id='word_1_178' title='bbox 334 2221 468 2247; x_wconf 82' lang='grc' dir='ltr'><em>σταται</em></span> <span class='ocrx_word' id='word_1_179' title='bbox 503 2211 589 2247; x_wconf 83' lang='lat' dir='ltr'><strong>vide</strong></span> <span class='ocrx_word' id='word_1_180' title='bbox 626 2214 674 2250; x_wconf 82' lang='lat' dir='ltr'><strong>sis</strong></span> <span class='ocrx_word' id='word_1_181' title='bbox 703 2226 799 2263; x_wconf 81' lang='lat' dir='ltr'><strong>quae</strong></span> <span class='ocrx_word' id='word_1_182' title='bbox 834 2211 881 2248; x_wconf 91' lang='lat' dir='ltr'><strong>ad</strong></span> <span class='ocrx_word' id='word_1_183' title='bbox 903 2213 981 2258; x_wconf 83' lang='lat' dir='ltr'>vll,</span> 
     </span>
     <span class='ocr_line' id='line_1_36' title="bbox 332 2262 982 2316; baseline 0.009 -17"><span class='ocrx_word' id='word_1_184' title='bbox 332 2262 384 2303; x_wconf 79' lang='grc'><strong>46</strong></span> <span class='ocrx_word' id='word_1_185' title='bbox 406 2264 626 2302; x_wconf 77' lang='lat' dir='ltr'><strong>afferuntur.</strong></span> <span class='ocrx_word' id='word_1_186' title='bbox 683 2269 850 2303; x_wconf 78' lang='lat' dir='ltr'><strong>Verbum</strong></span> <span class='ocrx_word' id='word_1_187' title='bbox 883 2282 982 2316; x_wconf 87' lang='grc' dir='ltr'><em>προ-</em></span> 
     </span>
     <span class='ocr_line' id='line_1_37' title="bbox 331 2319 981 2371; baseline 0 -13"><span class='ocrx_word' id='word_1_188' title='bbox 331 2319 475 2358; x_wconf 76' lang='grc' dir='ltr'><em>δοῦναι</em></span> <span class='ocrx_word' id='word_1_189' title='bbox 513 2323 634 2370; x_wconf 79' lang='lat' dir='ltr'>attigit</span> <span class='ocrx_word' id='word_1_190' title='bbox 664 2321 834 2359; x_wconf 84' lang='lat' dir='ltr'>Thomas</span> <span class='ocrx_word' id='word_1_191' title='bbox 878 2324 981 2371; x_wconf 82' lang='lat' dir='ltr'>Mag.</span> 
     </span>
     <span class='ocr_line' id='line_1_38' title="bbox 331 2375 981 2428; baseline 0.009 -16"><span class='ocrx_word' id='word_1_192' title='bbox 331 2389 420 2426; x_wconf 74' lang='lat' dir='ltr'><strong>pag.</strong></span> <span class='ocrx_word' id='word_1_193' title='bbox 456 2375 537 2416; x_wconf 85' lang='lat'><strong>740</strong></span> <span class='ocrx_word' id='word_1_194' title='bbox 566 2379 814 2428; x_wconf 78' lang='lat' dir='ltr'><strong>interpretans</strong></span> <span class='ocrx_word' id='word_1_195' title='bbox 840 2378 981 2417; x_wconf 79' lang='grc' dir='ltr'><em>ἐνδοῦ-</em></span> 
     </span>
     <span class='ocr_line' id='line_1_39' title="bbox 332 2433 980 2488; baseline 0.005 -18"><span class='ocrx_word' id='word_1_196' title='bbox 332 2447 396 2470; x_wconf 85' lang='grc' dir='ltr'><strong>ναι</strong></span> <span class='ocrx_word' id='word_1_197' title='bbox 431 2433 705 2472; x_wconf 81' lang='grc' dir='ltr'><em>καταποθέντα</em></span> <span class='ocrx_word' id='word_1_198' title='bbox 732 2437 784 2488; x_wconf 76' lang='grc' dir='ltr'><em>τῷ</em></span> <span class='ocrx_word' id='word_1_199' title='bbox 819 2447 980 2484; x_wconf 85' lang='grc' dir='ltr'><em>στρατο-</em></span> 
     </span>
     <span class='ocr_line' id='line_1_40' title="bbox 330 2487 980 2542; baseline 0 -15"><span class='ocrx_word' id='word_1_200' title='bbox 330 2487 450 2542; x_wconf 81' lang='grc' dir='ltr'><em>πέδῳ.</em></span> <span class='ocrx_word' id='word_1_201' title='bbox 508 2490 570 2525; x_wconf 92' lang='lat' dir='ltr'><strong>Tu</strong></span> <span class='ocrx_word' id='word_1_202' title='bbox 601 2498 730 2526; x_wconf 73' lang='lat' dir='ltr'><strong>mente</strong></span> <span class='ocrx_word' id='word_1_203' title='bbox 759 2489 872 2527; x_wconf 82' lang='lat' dir='ltr'>addas</span> <span class='ocrx_word' id='word_1_204' title='bbox 894 2492 980 2527; x_wconf 83' lang='lat' dir='ltr'><strong>licet</strong></span> 
     </span>
     <span class='ocr_line' id='line_1_41' title="bbox 332 2546 979 2598; baseline 0.005 -18"><span class='ocrx_word' id='word_1_205' title='bbox 332 2546 600 2594; x_wconf 74' lang='lat' dir='ltr'>accusativum,</span> <span class='ocrx_word' id='word_1_206' title='bbox 623 2560 736 2598; x_wconf 79' lang='lat' dir='ltr'><strong>quem</strong></span> <span class='ocrx_word' id='word_1_207' title='bbox 758 2547 885 2583; x_wconf 87' lang='lat' dir='ltr'><strong>dicunt</strong></span> <span class='ocrx_word' id='word_1_208' title='bbox 908 2547 979 2583; x_wconf 89' lang='lat' dir='ltr'><strong>ob-</strong></span> 
     </span>
     <span class='ocr_line' id='line_1_42' title="bbox 332 2597 978 2653; baseline 0.005 -15"><span class='ocrx_word' id='word_1_209' title='bbox 332 2601 417 2638; x_wconf 83' lang='lat' dir='ltr'><strong>iecti</strong></span> <span class='ocrx_word' id='word_1_210' title='bbox 431 2597 621 2648; x_wconf 82' lang='grc' dir='ltr'><em>τοσαύτας</em></span> <span class='ocrx_word' id='word_1_211' title='bbox 635 2601 841 2653; x_wconf 69' lang='grc' dir='ltr'><em>μυριᾶὃας.</em></span> <span class='ocrx_word' id='word_1_212' title='bbox 880 2605 978 2639; x_wconf 83' lang='lat' dir='ltr'><strong>Nam</strong></span> 
     </span>
     <span class='ocr_line' id='line_1_43' title="bbox 332 2657 978 2708; baseline 0.005 -16"><span class='ocrx_word' id='word_1_213' title='bbox 332 2657 532 2708; x_wconf 82' lang='lat' dir='ltr'><strong>respondet</strong></span> <span class='ocrx_word' id='word_1_214' title='bbox 594 2660 815 2695; x_wconf 78' lang='lat' dir='ltr'><strong>Latinorum</strong></span> <span class='ocrx_word' id='word_1_215' title='bbox 863 2660 978 2696; x_wconf 77' lang='lat' dir='ltr'><strong>verbo</strong></span> 
     </span>
     <span class='ocr_line' id='line_1_44' title="bbox 331 2713 978 2763; baseline 0.002 -13"><span class='ocrx_word' id='word_1_216' title='bbox 331 2713 505 2763; x_wconf 75' lang='lat' dir='ltr'><strong>defecisse,</strong></span> <span class='ocrx_word' id='word_1_217' title='bbox 528 2722 568 2751; x_wconf 89' lang='lat' dir='ltr'><strong>ut</strong></span> <span class='ocrx_word' id='word_1_218' title='bbox 588 2716 759 2752; x_wconf 82' lang='lat' dir='ltr'><strong>observat</strong></span> <span class='ocrx_word' id='word_1_219' title='bbox 779 2714 978 2763; x_wconf 59' lang='lat' dir='ltr'><strong>Valcken„</strong></span> 
     </span>
    </p>
   </div>
   <div class='ocr_carea' id='block_1_11' title="bbox 329 2770 977 2810">
    <p class='ocr_par' dir='ltr' id='par_1_11' title="bbox 329 2770 977 2810">
     <span class='ocr_line' id='line_1_45' title="bbox 329 2770 977 2810; baseline 0.006 -5"><span class='ocrx_word' id='word_1_220' title='bbox 329 2771 388 2806; x_wconf 87' lang='lat' dir='ltr'><strong>cui</strong></span> <span class='ocrx_word' id='word_1_221' title='bbox 409 2770 495 2808; x_wconf 84' lang='lat' dir='ltr'>add.</span> <span class='ocrx_word' id='word_1_222' title='bbox 509 2770 810 2810; x_wconf 81' lang='lat' dir='ltr'>Bach.in1almii</span> <span class='ocrx_word' id='word_1_223' title='bbox 824 2772 977 2809; x_wconf 85' lang='lat' dir='ltr'><strong>Annall.</strong></span> 
     </span>
    </p>
   </div>
   <div class='ocr_carea' id='block_1_12' title="bbox 693 1085 986 1139">
    <p class='ocr_par' dir='ltr' id='par_1_12' title="bbox 693 1085 986 1139">
     <span class='ocr_line' id='line_1_46' title="bbox 693 1085 986 1139; baseline 0.01 -16"><span class='ocrx_word' id='word_1_224' title='bbox 693 1085 756 1124; x_wconf 84' lang='lat' dir='ltr'><strong>Ad</strong></span> <span class='ocrx_word' id='word_1_225' title='bbox 783 1099 895 1125; x_wconf 85' lang='lat' dir='ltr'><strong>voces</strong></span> <span class='ocrx_word' id='word_1_226' title='bbox 915 1102 986 1139; x_wconf 83' lang='grc' dir='ltr'><strong>γυ-</strong></span> 
     </span>
    </p>
   </div>
   <div class='ocr_carea' id='block_1_13' title="bbox 1038 1086 1696 2820">
    <p class='ocr_par' dir='ltr' id='par_1_13' title="bbox 1041 1086 1695 1355">
     <span class='ocr_line' id='line_1_47' title="bbox 1041 1086 1692 1141; baseline 0.002 -16"><span class='ocrx_word' id='word_1_227' title='bbox 1041 1086 1188 1139; x_wconf 87' lang='lat' dir='ltr'><strong>philoll.</strong></span> <span class='ocrx_word' id='word_1_228' title='bbox 1209 1095 1246 1126; x_wconf 83' lang='lat' dir='ltr'><strong>et</strong></span> <span class='ocrx_word' id='word_1_229' title='bbox 1265 1088 1453 1141; x_wconf 84' lang='lat' dir='ltr'><strong>paedagg.</strong></span> <span class='ocrx_word' id='word_1_230' title='bbox 1469 1091 1538 1138; x_wconf 87' lang='lat' dir='ltr'><strong>IX,</strong></span> <span class='ocrx_word' id='word_1_231' title='bbox 1560 1092 1584 1131; x_wconf 80' lang='lat'><strong>3</strong></span> <span class='ocrx_word' id='word_1_232' title='bbox 1605 1102 1692 1141; x_wconf 84' lang='lat' dir='ltr'><strong>pag.</strong></span> 
     </span>
     <span class='ocr_line' id='line_1_48' title="bbox 1047 1145 1695 1198; baseline -0.005 -12"><span class='ocrx_word' id='word_1_233' title='bbox 1047 1147 1142 1186; x_wconf 84' lang='lat'><strong>317.</strong></span> <span class='ocrx_word' id='word_1_234' title='bbox 1181 1148 1259 1182; x_wconf 84' lang='lat' dir='ltr'><strong>Nec</strong></span> <span class='ocrx_word' id='word_1_235' title='bbox 1280 1148 1387 1183; x_wconf 85' lang='lat' dir='ltr'><strong>aliter</strong></span> <span class='ocrx_word' id='word_1_236' title='bbox 1401 1148 1478 1183; x_wconf 81' lang='lat' dir='ltr'><strong>fere</strong></span> <span class='ocrx_word' id='word_1_237' title='bbox 1500 1145 1601 1198; x_wconf 82' lang='lat' dir='ltr'><strong>apud</strong></span> <span class='ocrx_word' id='word_1_238' title='bbox 1614 1148 1695 1183; x_wconf 86' lang='lat' dir='ltr'><strong>He·-</strong></span> 
     </span>
     <span class='ocr_line' id='line_1_49' title="bbox 1045 1200 1690 1250; baseline 0.002 -13"><span class='ocrx_word' id='word_1_239' title='bbox 1045 1200 1169 1239; x_wconf 87' lang='lat' dir='ltr'><strong>rodot.</strong></span> <span class='ocrx_word' id='word_1_240' title='bbox 1207 1203 1304 1250; x_wconf 87' lang='lat' dir='ltr'>VIII,</span> <span class='ocrx_word' id='word_1_241' title='bbox 1347 1203 1414 1244; x_wconf 90' lang='grc'><strong>52.</strong></span> <span class='ocrx_word' id='word_1_242' title='bbox 1473 1204 1528 1239; x_wconf 86' lang='lat' dir='ltr'><strong>De</strong></span> <span class='ocrx_word' id='word_1_243' title='bbox 1567 1203 1690 1240; x_wconf 84' lang='lat' dir='ltr'><strong>fluviis</strong></span> 
     </span>
     <span class='ocr_line' id='line_1_50' title="bbox 1046 1258 1693 1307; baseline 0.006 -14"><span class='ocrx_word' id='word_1_244' title='bbox 1046 1259 1164 1307; x_wconf 76' lang='lat' dir='ltr'><strong>ep0t1s</strong></span> <span class='ocrx_word' id='word_1_245' title='bbox 1185 1259 1285 1297; x_wconf 87' lang='lat' dir='ltr'><strong>conf.</strong></span> <span class='ocrx_word' id='word_1_246' title='bbox 1305 1260 1385 1307; x_wconf 89' lang='lat' dir='ltr'><strong>VII,</strong></span> <span class='ocrx_word' id='word_1_247' title='bbox 1414 1258 1480 1300; x_wconf 80' lang='lat'><strong>43.</strong></span> <span class='ocrx_word' id='word_1_248' title='bbox 1511 1259 1578 1301; x_wconf 87' lang='lat'><strong>58.</strong></span> <span class='ocrx_word' id='word_1_249' title='bbox 1601 1261 1693 1300; x_wconf 90' lang='grc'>108.</span> 
     </span>
     <span class='ocr_line' id='line_1_51' title="bbox 1047 1316 1254 1355; baseline -0.01 -1"><span class='ocrx_word' id='word_1_250' title='bbox 1047 1316 1137 1354; x_wconf 81' lang='lat'><strong>127.</strong></span> <span class='ocrx_word' id='word_1_251' title='bbox 1164 1317 1254 1355; x_wconf 89' lang='grc'><strong>196.</strong></span> 
     </span>
    </p>

    <p class='ocr_par' dir='ltr' id='par_1_14' title="bbox 1041 1368 1696 2314">
     <span class='ocr_line' id='line_1_52' title="bbox 1103 1368 1695 1421; baseline -0.002 -13"><span class='ocrx_word' id='word_1_252' title='bbox 1103 1372 1181 1408; x_wconf 88' lang='grc' dir='ltr'><em>τῶν</em></span> <span class='ocrx_word' id='word_1_253' title='bbox 1199 1373 1386 1421; x_wconf 80' lang='grc' dir='ltr'><em>ποταμῶν</em></span> <span class='ocrx_word' id='word_1_254' title='bbox 1408 1368 1486 1409; x_wconf 71' lang='grc' dir='ltr'><em>ἔστι</em></span> <span class='ocrx_word' id='word_1_255' title='bbox 1506 1370 1607 1418; x_wconf 86' lang='grc' dir='ltr'><em>τῶν]</em></span> <span class='ocrx_word' id='word_1_256' title='bbox 1638 1371 1695 1407; x_wconf 87' lang='lat' dir='ltr'><strong>Ita</strong></span> 
     </span>
     <span class='ocr_line' id='line_1_53' title="bbox 1046 1425 1694 1464; baseline 0.003 -2"><span class='ocrx_word' id='word_1_257' title='bbox 1046 1433 1148 1463; x_wconf 82' lang='lat' dir='ltr'><strong>recte</strong></span> <span class='ocrx_word' id='word_1_258' title='bbox 1169 1440 1271 1463; x_wconf 87' lang='lat' dir='ltr'><strong>nuuc</strong></span> <span class='ocrx_word' id='word_1_259' title='bbox 1284 1440 1331 1463; x_wconf 88' lang='lat' dir='ltr'><strong>ex</strong></span> <span class='ocrx_word' id='word_1_260' title='bbox 1343 1439 1419 1464; x_wconf 92' lang='lat' dir='ltr'><strong>uno</strong></span> <span class='ocrx_word' id='word_1_261' title='bbox 1433 1426 1517 1464; x_wconf 87' lang='lat' dir='ltr'><strong>cod.</strong></span> <span class='ocrx_word' id='word_1_262' title='bbox 1537 1425 1694 1464; x_wconf 88' lang='lat' dir='ltr'><strong>editum.</strong></span> 
     </span>
     <span class='ocr_line' id='line_1_54' title="bbox 1045 1481 1695 1534; baseline 0.002 -16"><span class='ocrx_word' id='word_1_263' title='bbox 1045 1484 1089 1519; x_wconf 90' lang='lat' dir='ltr'><strong>In</strong></span> <span class='ocrx_word' id='word_1_264' title='bbox 1109 1483 1326 1520; x_wconf 84' lang='lat' dir='ltr'><strong>Florentino</strong></span> <span class='ocrx_word' id='word_1_265' title='bbox 1346 1483 1441 1520; x_wconf 87' lang='lat' dir='ltr'><strong>libro</strong></span> <span class='ocrx_word' id='word_1_266' title='bbox 1461 1490 1574 1534; x_wconf 82' lang='lat' dir='ltr'><strong>atque</strong></span> <span class='ocrx_word' id='word_1_267' title='bbox 1594 1481 1695 1533; x_wconf 86' lang='lat' dir='ltr'><strong>apud</strong></span> 
     </span>
     <span class='ocr_line' id='line_1_55' title="bbox 1045 1537 1696 1589; baseline 0 -14"><span class='ocrx_word' id='word_1_268' title='bbox 1045 1537 1190 1577; x_wconf 92' lang='lat' dir='ltr'><strong>Thom.</strong></span> <span class='ocrx_word' id='word_1_269' title='bbox 1240 1539 1405 1589; x_wconf 81' lang='lat' dir='ltr'><strong>Magistr.</strong></span> <span class='ocrx_word' id='word_1_270' title='bbox 1445 1539 1471 1576; x_wconf 94' lang='lat' dir='ltr'><strong>l.</strong></span> <span class='ocrx_word' id='word_1_271' title='bbox 1510 1540 1536 1576; x_wconf 93' lang='lat' dir='ltr'><strong>l.</strong></span> <span class='ocrx_word' id='word_1_272' title='bbox 1576 1546 1696 1576; x_wconf 83' lang='lat' dir='ltr'><strong>exstat</strong></span> 
     </span>
     <span class='ocr_line' id='line_1_56' title="bbox 1047 1589 1694 1646; baseline -0.003 -13"><span class='ocrx_word' id='word_1_273' title='bbox 1047 1593 1126 1633; x_wconf 70' lang='grc' dir='ltr'><em>ἔστι</em></span> <span class='ocrx_word' id='word_1_274' title='bbox 1147 1589 1227 1642; x_wconf 75' lang='grc' dir='ltr'><strong>ῶν,</strong></span> <span class='ocrx_word' id='word_1_275' title='bbox 1249 1594 1351 1646; x_wconf 88' lang='lat' dir='ltr'><strong>quod</strong></span> <span class='ocrx_word' id='word_1_276' title='bbox 1379 1595 1515 1645; x_wconf 70' lang='lat' dir='ltr'><strong>recepi?</strong></span> <span class='ocrx_word' id='word_1_277' title='bbox 1538 1594 1694 1642; x_wconf 80' lang='lat' dir='ltr'>Matth.;</span> 
     </span>
     <span class='ocr_line' id='line_1_57' title="bbox 1045 1650 1694 1702; baseline 0.003 -16"><span class='ocrx_word' id='word_1_278' title='bbox 1045 1651 1085 1686; x_wconf 88' lang='lat' dir='ltr'><strong>in</strong></span> <span class='ocrx_word' id='word_1_279' title='bbox 1107 1651 1295 1688; x_wconf 81' lang='lat' dir='ltr'><strong>Sancrofti</strong></span> <span class='ocrx_word' id='word_1_280' title='bbox 1315 1652 1409 1687; x_wconf 87' lang='lat' dir='ltr'><strong>libro</strong></span> <span class='ocrx_word' id='word_1_281' title='bbox 1429 1650 1568 1698; x_wconf 81' lang='grc' dir='ltr'><strong><em>ἐνίων,</em></strong></span> <span class='ocrx_word' id='word_1_282' title='bbox 1591 1650 1694 1702; x_wconf 89' lang='lat' dir='ltr'><strong>quod</strong></span> 
     </span>
     <span class='ocr_line' id='line_1_58' title="bbox 1045 1708 1694 1758; baseline 0 -14"><span class='ocrx_word' id='word_1_283' title='bbox 1045 1708 1166 1744; x_wconf 78' lang='lat' dir='ltr'><strong>tenuit</strong></span> <span class='ocrx_word' id='word_1_284' title='bbox 1208 1708 1502 1756; x_wconf 83' lang='lat' dir='ltr'><strong>VVesselingius,</strong></span> <span class='ocrx_word' id='word_1_285' title='bbox 1548 1708 1694 1758; x_wconf 88' lang='lat' dir='ltr'><strong>impro-</strong></span> 
     </span>
     <span class='ocr_line' id='line_1_59' title="bbox 1046 1762 1694 1814; baseline -0.002 -14"><span class='ocrx_word' id='word_1_286' title='bbox 1046 1764 1160 1800; x_wconf 85' lang='lat' dir='ltr'><strong>bante</strong></span> <span class='ocrx_word' id='word_1_287' title='bbox 1180 1762 1466 1810; x_wconf 83' lang='lat' dir='ltr'><strong>Valckenaerio‚</strong></span> <span class='ocrx_word' id='word_1_288' title='bbox 1488 1765 1553 1814; x_wconf 84' lang='lat' dir='ltr'><strong>qui</strong></span> <span class='ocrx_word' id='word_1_289' title='bbox 1573 1765 1694 1801; x_wconf 87' lang='lat' dir='ltr'><strong>Grae-</strong></span> 
     </span>
     <span class='ocr_line' id='line_1_60' title="bbox 1046 1818 1694 1871; baseline 0.005 -16"><span class='ocrx_word' id='word_1_290' title='bbox 1046 1833 1090 1856; x_wconf 81' lang='lat' dir='ltr'><strong>ce</strong></span> <span class='ocrx_word' id='word_1_291' title='bbox 1111 1818 1183 1856; x_wconf 84' lang='lat' dir='ltr'>dici</span> <span class='ocrx_word' id='word_1_292' title='bbox 1203 1833 1310 1871; x_wconf 88' lang='lat' dir='ltr'><strong>posse</strong></span> <span class='ocrx_word' id='word_1_293' title='bbox 1330 1826 1461 1856; x_wconf 87' lang='lat' dir='ltr'><strong>mouet</strong></span> <span class='ocrx_word' id='word_1_294' title='bbox 1490 1819 1589 1859; x_wconf 73' lang='grc' dir='ltr'><em>ἔνιοι</em></span> <span class='ocrx_word' id='word_1_295' title='bbox 1612 1822 1694 1858; x_wconf 86' lang='grc' dir='ltr'><em>τῶν</em></span> 
     </span>
     <span class='ocr_line' id='line_1_61' title="bbox 1047 1875 1695 1928; baseline 0.002 -13"><span class='ocrx_word' id='word_1_296' title='bbox 1047 1879 1248 1925; x_wconf 78' lang='grc' dir='ltr'><em>ποταμῶν,</em></span> <span class='ocrx_word' id='word_1_297' title='bbox 1275 1889 1401 1928; x_wconf 86' lang='lat' dir='ltr'><strong>neque</strong></span> <span class='ocrx_word' id='word_1_298' title='bbox 1431 1889 1521 1913; x_wconf 82' lang='lat' dir='ltr'><strong>vero</strong></span> <span class='ocrx_word' id='word_1_299' title='bbox 1551 1875 1593 1915; x_wconf 82' lang='grc' dir='ltr'><strong>οἷ</strong></span> <span class='ocrx_word' id='word_1_300' title='bbox 1619 1891 1695 1915; x_wconf 92' lang='grc' dir='ltr'><strong>πο-</strong></span> 
     </span>
     <span class='ocr_line' id='line_1_62' title="bbox 1045 1931 1694 1984; baseline -0.003 -13"><span class='ocrx_word' id='word_1_301' title='bbox 1045 1931 1161 1982; x_wconf 87' lang='grc' dir='ltr'><em>ταμοὶ</em></span> <span class='ocrx_word' id='word_1_302' title='bbox 1179 1931 1277 1972; x_wconf 76' lang='grc' dir='ltr'><em>ἔνιοι</em></span> <span class='ocrx_word' id='word_1_303' title='bbox 1307 1934 1447 1984; x_wconf 83' lang='lat' dir='ltr'><strong>quique</strong></span> <span class='ocrx_word' id='word_1_304' title='bbox 1468 1939 1504 1969; x_wconf 84' lang='lat' dir='ltr'><strong>et</strong></span> <span class='ocrx_word' id='word_1_305' title='bbox 1526 1933 1604 1983; x_wconf 91' lang='lat' dir='ltr'><strong>ipse</strong></span> <span class='ocrx_word' id='word_1_306' title='bbox 1624 1944 1694 1969; x_wconf 81' lang='lat' dir='ltr'><strong>vo-</strong></span> 
     </span>
     <span class='ocr_line' id='line_1_63' title="bbox 1048 1985 1692 2038; baseline -0.003 -13"><span class='ocrx_word' id='word_1_307' title='bbox 1048 2002 1108 2025; x_wconf 83' lang='lat' dir='ltr'><strong>ces</strong></span> <span class='ocrx_word' id='word_1_308' title='bbox 1129 1988 1208 2027; x_wconf 76' lang='grc' dir='ltr'><em>ἔστι</em></span> <span class='ocrx_word' id='word_1_309' title='bbox 1228 1991 1307 2027; x_wconf 86' lang='grc' dir='ltr'><em>τῶν</em></span> <span class='ocrx_word' id='word_1_310' title='bbox 1319 2003 1347 2025; x_wconf 89' lang='lat' dir='ltr'><strong>s.</strong></span> <span class='ocrx_word' id='word_1_311' title='bbox 1366 1985 1423 2027; x_wconf 78' lang='grc' dir='ltr'><strong><em>ὦν</em></strong></span> <span class='ocrx_word' id='word_1_312' title='bbox 1442 1989 1603 2038; x_wconf 81' lang='lat' dir='ltr'><strong>margini</strong></span> <span class='ocrx_word' id='word_1_313' title='bbox 1623 1986 1692 2024; x_wconf 87' lang='lat' dir='ltr'><strong>ad-</strong></span> 
     </span>
     <span class='ocr_line' id='line_1_64' title="bbox 1048 2042 1692 2082; baseline -0.003 -1"><span class='ocrx_word' id='word_1_314' title='bbox 1048 2044 1140 2082; x_wconf 82' lang='lat' dir='ltr'>ditas</span> <span class='ocrx_word' id='word_1_315' title='bbox 1163 2046 1253 2081; x_wconf 86' lang='lat' dir='ltr'><strong>olim</strong></span> <span class='ocrx_word' id='word_1_316' title='bbox 1264 2046 1374 2081; x_wconf 89' lang='lat' dir='ltr'><strong>fuisse</strong></span> <span class='ocrx_word' id='word_1_317' title='bbox 1395 2044 1544 2081; x_wconf 80' lang='lat' dir='ltr'><strong>iudicat.</strong></span> <span class='ocrx_word' id='word_1_318' title='bbox 1559 2065 1610 2070; x_wconf 93' lang='lat'>—</span> <span class='ocrx_word' id='word_1_319' title='bbox 1631 2042 1692 2080; x_wconf 88' lang='lat' dir='ltr'><strong>Ad</strong></span> 
     </span>
     <span class='ocr_line' id='line_1_65' title="bbox 1045 2097 1691 2149; baseline -0.003 -11"><span class='ocrx_word' id='word_1_320' title='bbox 1045 2102 1204 2138; x_wconf 83' lang='lat' dir='ltr'><strong>verbum</strong></span> <span class='ocrx_word' id='word_1_321' title='bbox 1227 2097 1433 2149; x_wconf 69' lang='grc' dir='ltr'><em>ἀντέχρησε</em></span> <span class='ocrx_word' id='word_1_322' title='bbox 1445 2098 1519 2135; x_wconf 86' lang='lat' dir='ltr'>vid.</span> <span class='ocrx_word' id='word_1_323' title='bbox 1536 2106 1631 2135; x_wconf 86' lang='lat' dir='ltr'><strong>nott.</strong></span> <span class='ocrx_word' id='word_1_324' title='bbox 1643 2098 1691 2136; x_wconf 85' lang='lat' dir='ltr'><strong>ad</strong></span> 
     </span>
     <span class='ocr_line' id='line_1_66' title="bbox 1045 2153 1691 2203; baseline 0.005 -11"><span class='ocrx_word' id='word_1_325' title='bbox 1045 2158 1125 2203; x_wconf 87' lang='lat' dir='ltr'>VII,</span> <span class='ocrx_word' id='word_1_326' title='bbox 1150 2159 1226 2196; x_wconf 77' lang='lat'><strong>127</strong></span> <span class='ocrx_word' id='word_1_327' title='bbox 1249 2162 1284 2192; x_wconf 77' lang='lat' dir='ltr'><strong>et</strong></span> <span class='ocrx_word' id='word_1_328' title='bbox 1304 2155 1351 2191; x_wconf 87' lang='lat' dir='ltr'><strong>ad</strong></span> <span class='ocrx_word' id='word_1_329' title='bbox 1371 2156 1604 2191; x_wconf 82' lang='lat' dir='ltr'><strong>locutionem</strong></span> <span class='ocrx_word' id='word_1_330' title='bbox 1625 2153 1691 2194; x_wconf 75' lang='grc' dir='ltr'><strong>εὖ-</strong></span> 
     </span>
     <span class='ocr_line' id='line_1_67' title="bbox 1046 2207 1692 2262; baseline 0.003 -13"><span class='ocrx_word' id='word_1_331' title='bbox 1046 2213 1169 2260; x_wconf 84' lang='grc' dir='ltr'><em>ρίσκω</em></span> <span class='ocrx_word' id='word_1_332' title='bbox 1216 2208 1290 2262; x_wconf 76' lang='grc' dir='ltr'><strong>γὰρ</strong></span> <span class='ocrx_word' id='word_1_333' title='bbox 1351 2207 1692 2262; x_wconf 80' lang='grc' dir='ltr'><em>συμβαλλεόμενος</em></span> 
     </span>
     <span class='ocr_line' id='line_1_68' title="bbox 1041 2264 1324 2314; baseline -0.004 -10"><span class='ocrx_word' id='word_1_334' title='bbox 1041 2268 1121 2314; x_wconf 69' lang='grc' dir='ltr'><strong>ηπ,</strong></span> <span class='ocrx_word' id='word_1_335' title='bbox 1144 2264 1208 2306; x_wconf 81' lang='lat'><strong>24.</strong></span> <span class='ocrx_word' id='word_1_336' title='bbox 1235 2266 1324 2307; x_wconf 83' lang='lat'><strong>184.</strong></span> 
     </span>
    </p>

    <p class='ocr_par' dir='ltr' id='par_1_15' title="bbox 1038 2321 1691 2820">
     <span class='ocr_line' id='line_1_69' title="bbox 1099 2321 1689 2374; baseline -0.002 -13"><span class='ocrx_word' id='word_1_337' title='bbox 1099 2322 1134 2362; x_wconf 79' lang='grc' dir='ltr'><strong>εἰ</strong></span> <span class='ocrx_word' id='word_1_338' title='bbox 1153 2323 1305 2371; x_wconf 83' lang='grc' dir='ltr'><em>χοίνικα</em></span> <span class='ocrx_word' id='word_1_339' title='bbox 1320 2324 1456 2374; x_wconf 86' lang='grc' dir='ltr'><em>πυρῶν</em></span> <span class='ocrx_word' id='word_1_340' title='bbox 1481 2321 1639 2369; x_wconf 72' lang='grc' dir='ltr'><em>ἕκαστος</em></span> <span class='ocrx_word' id='word_1_341' title='bbox 1652 2337 1689 2361; x_wconf 85' lang='grc' dir='ltr'><strong>κ.</strong></span> 
     </span>
     <span class='ocr_line' id='line_1_70' title="bbox 1040 2377 1691 2429; baseline 0 -13"><span class='ocrx_word' id='word_1_342' title='bbox 1040 2393 1073 2416; x_wconf 89' lang='grc' dir='ltr'><em>τ.</em></span> <span class='ocrx_word' id='word_1_343' title='bbox 1094 2379 1146 2426; x_wconf 63' lang='lat' dir='ltr'><strong>A]</strong></span> <span class='ocrx_word' id='word_1_344' title='bbox 1180 2380 1221 2414; x_wconf 87' lang='lat' dir='ltr'><strong>In</strong></span> <span class='ocrx_word' id='word_1_345' title='bbox 1252 2377 1352 2415; x_wconf 83' lang='lat' dir='ltr'><strong>hisce</strong></span> <span class='ocrx_word' id='word_1_346' title='bbox 1367 2380 1533 2415; x_wconf 84' lang='lat' dir='ltr'><strong>numeris</strong></span> <span class='ocrx_word' id='word_1_347' title='bbox 1554 2391 1691 2429; x_wconf 81' lang='lat' dir='ltr'><strong>pecca-</strong></span> 
     </span>
     <span class='ocr_line' id='line_1_71' title="bbox 1039 2433 1690 2487; baseline 0 -16"><span class='ocrx_word' id='word_1_348' title='bbox 1039 2441 1121 2471; x_wconf 83' lang='lat' dir='ltr'><strong>tum</strong></span> <span class='ocrx_word' id='word_1_349' title='bbox 1134 2448 1210 2471; x_wconf 78' lang='lat' dir='ltr'><strong>esse</strong></span> <span class='ocrx_word' id='word_1_350' title='bbox 1222 2433 1337 2471; x_wconf 88' lang='lat' dir='ltr'><strong>dubio</strong></span> <span class='ocrx_word' id='word_1_351' title='bbox 1357 2436 1421 2472; x_wconf 79' lang='lat' dir='ltr'><strong>vix</strong></span> <span class='ocrx_word' id='word_1_352' title='bbox 1430 2441 1541 2479; x_wconf 82' lang='lat' dir='ltr'><strong>caret,</strong></span> <span class='ocrx_word' id='word_1_353' title='bbox 1553 2448 1690 2487; x_wconf 86' lang='lat' dir='ltr'><strong>quam-</strong></span> 
     </span>
     <span class='ocr_line' id='line_1_72' title="bbox 1040 2491 1689 2542; baseline 0 -15"><span class='ocrx_word' id='word_1_354' title='bbox 1040 2492 1094 2528; x_wconf 77' lang='lat' dir='ltr'><strong>vis</strong></span> <span class='ocrx_word' id='word_1_355' title='bbox 1125 2492 1258 2528; x_wconf 86' lang='lat' dir='ltr'><strong>merito</strong></span> <span class='ocrx_word' id='word_1_356' title='bbox 1281 2491 1425 2528; x_wconf 83' lang='lat' dir='ltr'><strong>dubites</strong></span> <span class='ocrx_word' id='word_1_357' title='bbox 1441 2520 1450 2537; x_wconf 80' lang='lat'><em>‚</em></span> <span class='ocrx_word' id='word_1_358' title='bbox 1472 2498 1600 2528; x_wconf 87' lang='lat' dir='ltr'><strong>utrum</strong></span> <span class='ocrx_word' id='word_1_359' title='bbox 1619 2491 1689 2542; x_wconf 84' lang='lat' dir='ltr'><strong>ipsi</strong></span> 
     </span>
     <span class='ocr_line' id='line_1_73' title="bbox 1040 2547 1687 2584; baseline 0 -1"><span class='ocrx_word' id='word_1_360' title='bbox 1040 2547 1234 2584; x_wconf 87' lang='lat' dir='ltr'><strong>Herodoto</strong></span> <span class='ocrx_word' id='word_1_361' title='bbox 1273 2560 1321 2583; x_wconf 80' lang='lat' dir='ltr'><strong>an</strong></span> <span class='ocrx_word' id='word_1_362' title='bbox 1360 2548 1515 2584; x_wconf 81' lang='lat' dir='ltr'><strong>librariis</strong></span> <span class='ocrx_word' id='word_1_363' title='bbox 1554 2549 1687 2584; x_wconf 79' lang='lat' dir='ltr'><strong>erroris</strong></span> 
     </span>
     <span class='ocr_line' id='line_1_74' title="bbox 1039 2604 1686 2654; baseline 0 -15"><span class='ocrx_word' id='word_1_364' title='bbox 1039 2605 1189 2654; x_wconf 78' lang='lat' dir='ltr'><strong>culpam</strong></span> <span class='ocrx_word' id='word_1_365' title='bbox 1210 2604 1361 2640; x_wconf 79' lang='lat' dir='ltr'><strong>tribuas.</strong></span> <span class='ocrx_word' id='word_1_366' title='bbox 1400 2604 1509 2641; x_wconf 83' lang='lat' dir='ltr'><strong>Cous.</strong></span> <span class='ocrx_word' id='word_1_367' title='bbox 1530 2605 1686 2640; x_wconf 85' lang='lat' dir='ltr'><strong>Wurm.</strong></span> 
     </span>
     <span class='ocr_line' id='line_1_75' title="bbox 1038 2658 1686 2710; baseline 0.005 -14"><span class='ocrx_word' id='word_1_368' title='bbox 1038 2662 1096 2696; x_wconf 90' lang='lat' dir='ltr'><strong>De</strong></span> <span class='ocrx_word' id='word_1_369' title='bbox 1133 2659 1275 2710; x_wconf 88' lang='lat' dir='ltr'><strong>pondd.</strong></span> <span class='ocrx_word' id='word_1_370' title='bbox 1316 2661 1449 2698; x_wconf 83' lang='lat' dir='ltr'><strong>ration.</strong></span> <span class='ocrx_word' id='word_1_371' title='bbox 1486 2672 1573 2710; x_wconf 84' lang='lat' dir='ltr'><strong>pag.</strong></span> <span class='ocrx_word' id='word_1_372' title='bbox 1608 2658 1686 2699; x_wconf 82' lang='lat'><strong>142</strong></span> 
     </span>
     <span class='ocr_line' id='line_1_76' title="bbox 1040 2715 1685 2767; baseline -0.006 -13"><span class='ocrx_word' id='word_1_373' title='bbox 1040 2717 1126 2754; x_wconf 76' lang='lat'>0011.</span> <span class='ocrx_word' id='word_1_374' title='bbox 1150 2718 1229 2756; x_wconf 81' lang='lat'><strong>132</strong></span> <span class='ocrx_word' id='word_1_375' title='bbox 1251 2723 1309 2762; x_wconf 78' lang='lat' dir='ltr'><strong>et,</strong></span> <span class='ocrx_word' id='word_1_376' title='bbox 1343 2729 1458 2767; x_wconf 89' lang='lat' dir='ltr'><strong>quem</strong></span> <span class='ocrx_word' id='word_1_377' title='bbox 1489 2715 1558 2753; x_wconf 87' lang='lat' dir='ltr'><strong>Cr.</strong></span> <span class='ocrx_word' id='word_1_378' title='bbox 1589 2727 1685 2752; x_wconf 88' lang='lat' dir='ltr'><strong>con-</strong></span> 
     </span>
     <span class='ocr_line' id='line_1_77' title="bbox 1038 2771 1685 2820; baseline 0 -12"><span class='ocrx_word' id='word_1_379' title='bbox 1038 2773 1123 2809; x_wconf 86' lang='lat' dir='ltr'><strong>ferri</strong></span> <span class='ocrx_word' id='word_1_380' title='bbox 1145 2773 1326 2820; x_wconf 81' lang='lat' dir='ltr'><strong>voluerat,</strong></span> <span class='ocrx_word' id='word_1_381' title='bbox 1346 2771 1525 2810; x_wconf 78' lang='lat' dir='ltr'><strong>Matthiae</strong></span> <span class='ocrx_word' id='word_1_382' title='bbox 1540 2772 1685 2809; x_wconf 82' lang='lat' dir='ltr'><strong>Ueber-</strong></span> 
     </span>
    </p>
   </div>
   <div class='ocr_carea' id='block_1_14' title="bbox 1832 0 1897 2367">
    <p class='ocr_par' dir='ltr' id='par_1_16' title="bbox 1832 0 1897 2367">
     <span class='ocr_line' id='line_1_78' title="bbox 1832 0 1897 2367; baseline 0 0"><span class='ocrx_word' id='word_1_383' title='bbox 1832 0 1897 2367; x_wconf 95' lang='lat' dir='ltr'><strong> </strong></span> 
     </span>
    </p>
   </div>
  </div>
 </body>
</html>
