1897 3340
38 172 39 185 ⁴
26 0 43 152 zm

16 467 34 1187 —Q———Qh—*U—
31 449 34 459 ,
32 391 35 437 ἠέ.
34 363 35 369 ᾼ

61 728 156 773 131

532 206 1006 245 PoLYMNl-A.
1067 207 1164 245 v11.
1410 217 1494 256 633

228 320 352 373 ,,λίην
380 322 526 361 πᾶσαν
555 318 634 369 ἔξω
663 320 753 360 τῶν
781 312 951 370 οὐρέων
979 313 1209 370 ὑπόβρυχα
1247 317 1490 370 γενέσθαι.“

199 390 221 426 4
238 390 386 429 Ταῦτα
406 387 452 429 δὲ
482 386 630 441 ἔχοντα
661 385 774 439 ἔλεγε
802 382 844 433 ἐς
872 381 979 434 τούς
1007 382 1183 427 Ἀλεύεω
1215 385 1396 435 παῖδας,
1427 385 1494 430 ὅτι

226 457 393 508 πρῶτοι
417 452 646 508 Ἑλλήνων,
677 450 819 500 ἐόντες
851 451 1078 499 Θεσσαλοὶ,
1111 451 1272 494 ἔδοσαν
1304 451 1494 504 ἑωυτούς

227 521 413 575 βασιλέϊ·
470 520 634 564 δοκέων
673 517 697 562 ὁ
738 519 899 574 Ξέρξης
939 517 1028 562 ἀπὸ
1060 519 1225 570 παντός
1255 530 1391 575 σφεας
1413 525 1494 564 τοῦ

227 589 381 640 ἔθνεος
411 588 747 643 ἐπαγγέλλεσθαι
778 589 941 643 φιλίην.
999 589 1121 638 εἴπας
1162 587 1207 631 δὲ
1236 591 1386 640 ταῦτα,
1415 590 1520 632 null

227 656 509 713 θεησάμενος,
540 653 724 698 ἀπέπλεε
755 655 796 706 ἐς
827 654 907 712 τὴν
947 654 1133 712 Θέρμην.

307 724 358 767 Ὃ
384 723 463 778 μὲν
493 721 547 778 δὴ
576 723 672 777 περὶ
706 724 889 779 Πιερίην
918 724 1103 780 διέτριβε
1132 723 1294 779 ἡμέρας
1323 724 1494 781 συχνάς.
1551 751 1827 779 sinnurn'l‘m2r1nui-

1553 717 1630 743 num
1656 717 1770 745 Peme
1789 720 1825 746 ad

1551 793 1619 811 cnm
1639 783 1669 811 iu
1690 787 1796 812 castri-³

225 793 273 836 zo*
301 790 386 848 γάρ
410 789 463 846 δὴ
495 785 630 845 οὖρος
668 790 718 834 τό
749 793 1062 836 Μακεδονικὸν
1100 792 1235 846 ἔκειρε
1265 796 1341 848 τῆς
1371 805 1494 848 στρα-
1553 818 1793 851 sedent‚1e2r.2ti

1550 854 1580 880 in
1600 850 1760 880 Graeciai'n

223 863 316 915 τιῆς
345 859 607 915 τριτημορὶς,
636 860 709 902 ἵνα
737 859 874 916 ταύτῃ
905 861 1037 917 διεξίῃ
1069 859 1217 904 ἅπασα
1254 860 1280 916 ἡ
1313 860 1491 918 στρατιή
1550 887 1633 913 missi
1655 889 1693 920 [a
1712 888 1767 920 32]
1789 887 1825 913 ad

1498 935 1518 970 5
1550 929 1656 955 regem
1666 924 1827 949 revertun-

194 927 271 978 Ξές
305 925 600 983 Περραιβούς.
660 929 714 972 Οἱ
735 927 780 972 δὲ
811 928 863 985 δή
897 926 1086 984 κήρυκες
1118 931 1162 973 οἱ
1179 927 1488 986 ἀποπεμφθὲν-
1549 959 1608 982 mr„

172 1123 260 1163 add.
281 1126 331 1161 H.
353 1122 538 1176 Stephan.
558 1122 678 1162 Thes.
698 1126 744 1162 L.
765 1126 833 1163 Gr.

170 1194 260 1232 pag·
290 1183 400 1222 2837
421 1181 482 1221 ed.
504 1182 641 1233 Valpy.
698 1184 832 1234 Itaque

170 1237 259 1274 mea
287 1237 444 1290 quidem
474 1252 495 1275 e
522 1240 709 1276 sententia
736 1238 832 1276 nihil

170 1293 413 1342 mutandum,
434 1297 655 1346 praesertim
671 1310 759 1333 cum
776 1303 833 1333 tot

171 1352 245 1388 alia
258 1353 462 1389 Homerica
474 1354 520 1389 ab
532 1352 727 1390 Herodoto
744 1354 834 1389 imi-

171 1407 288 1446 tando
329 1422 501 1459 expressa
553 1423 632 1446 esse
673 1417 833 1447 constet.

171 1466 295 1502 Habet
323 1478 478 1518 quoque
514 1467 642 1511 Quint.
674 1467 833 1518 Smyrn.

171 1523 275 1569 XIII,
297 1520 391 1570 485,
421 1519 643 1574 ὖπόβρυχα.
681 1524 748 1564 Cr.
784 1523 833 1560 ad

171 1577 239 1618 h.l,
257 1581 487 1616 excitaverat
498 1579 679 1617 Matthiae
692 1581 833 1616 Anim-

172 1635 336 1673 adverss.
371 1637 411 1673 iu
440 1635 577 1689 hymn.
612 1639 771 1674 Homer.
792 1651 829 1689 p.

172 1695 268 1734 236.

234 1751 364 1788 Ταῦτα
395 1746 438 1788 δὲ
475 1749 613 1800 ἔχοντα
651 1749 754 1802 ἔλεγε
793 1750 832 1798 ἔς

170 1803 267 1852 τούς
313 1801 478 1844 Ἀλεύεω
518 1807 694 1854 παῖδας]
736 1808 762 1843 i.
796 1821 830 1844 e.

172 1862 259 1898 haec
289 1861 383 1899 dixit
404 1875 466 1898 rex
491 1865 688 1912 spectantia
708 1863 757 1900 ad
781 1864 831 1900 A-

173 1917 342 1965 leundas,
383 1917 430 1955 de
466 1920 600 1970 quibus
629 1919 704 1956 vid.
733 1927 829 1961 nott.

173 1974 223 2011 ad
256 1975 338 2022 Vll,
379 1977 418 2015 6.
493 1975 556 2012 Ad
597 1977 832 2013 locutionem

171 2026 338 2070 Ἀλεύεω
366 2031 511 2079 παῖδας
538 2031 616 2070 vid.
647 2039 741 2070 nott.
783 2032 832 2070 ad

173 2089 219 2136 V,
242 2087 309 2129 49.
342 2087 410 2125 Cr.
441 2088 489 2125 ad
516 2087 554 2126 h.
576 2090 602 2126 l.
635 2088 730 2127 haec
761 2090 831 2127 ad—

173 2146 343 2195 scripsit:
385 2145 524 2193 „Confi
553 2147 652 2182 infra
680 2148 830 2192 1325ss

176 2208 214 2238 et
224 2201 488 2240 vid.Gatte1·er.
502 2202 720 2254 Synchron.
734 2205 831 2239 Uni-

176 2271 273 2294 vers.
303 2257 439 2294 Gesch.
462 2261 498 2295 II
529 2274 566 2310 p.
597 2259 834 2300 442—445.

177 2312 333 2350 Pindari
352 2313 466 2364 Pyth.
495 2318 531 2352 X
552 2318 633 2353 init.
654 2318 746 2369 ibiq.
767 2319 835 2353 ln-

178 2377 312 2421 terprr.
332 2370 510 2407 Meiueke
536 2374 574 2408 in
602 2373 834 2411 Commeutt.

172 2427 409 2463 Miscellann.
438 2428 455 2462 Ι
481 2441 519 2477 p.
545 2428 597 2468 49
618 2443 697 2480 seq.
727 2438 763 2467 et
783 2430 832 2467 ad

172 2482 410 2534 Euphorion.
427 2497 464 2533 p.
493 2486 544 2523 39
557 2497 636 2535 seq.
657 2499 694 2535 p.
711 2489 764 2526 80
776 2500 832 2538 sq.

173 2554 211 2591 p.
234 2542 310 2580 187
322 2540 427 2590 seq.“
442 2561 497 2566 —-
528 2540 632 2584 Quae
653 2543 833 2579 contiuuo

174 2603 384 2648 sequuntur
425 2596 564 2632 verba:
627 2596 779 2636 δοκέων
813 2597 835 2637 ὁ

179 2653 325 2704 Ξέρξης
346 2648 424 2691 nino
448 2648 595 2698 παντός
618 2665 742 2702 σφεας
761 2656 834 2693 τοῦ

177 2708 318 2755 ἔθνεος
338 2707 645 2760 ἐπαγγέλλεσθαι
682 2711 833 2760 φιλίην,

179 2766 231 2801 sic
258 2766 450 2815 intelligo:
490 2767 698 2803 esistz'mans
717 2779 769 2802 eos
789 2768 834 2804 ab

179 2823 271 2858 omni
309 2821 552 2860 Thessalorum
580 2825 680 2871 genite
711 2821 758 2871 (s.
779 2830 834 2860 to-

890 1127 963 1163 tius
975 1127 1097 1176 gentis
1114 1125 1358 1164 Thessalicae
1371 1127 1550 1176 nomine)

889 1185 1010 1220 missos
1038 1185 1108 1234 ipsi
1133 1186 1329 1221 amicitiam
1360 1197 1403 1220 ac
1421 1183 1551 1234 foedus

889 1242 1073 1277 enuntiare
1092 1254 1121 1276 s.
1140 1241 1314 1290 polliceri.
1335 1240 1410 1276 Ubi
1430 1253 1551 1277 vocu-

888 1298 968 1333 lam
990 1293 1078 1343 οἷπὸ,
1107 1299 1212 1334 cuius
1233 1298 1317 1334 loco
1340 1296 1416 1334 duo
1437 1295 1550 1334 codd.

890 1351 993 1401 ὑπὸ,
1044 1355 1142 1390 bene
1186 1361 1315 1392 tuetur
1352 1353 1555 1405 Schweig-

889 1409 1110 1449 haeuserus.

1079 1500 1170 1552 cap.
1193 1501 1373 1538 CXXXI.

943 1578 993 1619 ‘O
1007 1578 1078 1630 μὲν
1099 1577 1148 1631 δὴ
1166 1579 1256 1631 περὶ
1274 1580 1442 1629 Πιερίην
1471 1579 1553 1619 διέ-

889 1636 1026 1688 τριβε]
1068 1638 1214 1684 Pieria‚
1248 1638 1353 1674 cuius
1374 1638 1454 1684 Vll,
1472 1640 1549 1677 177

890 1693 1016 1730 denuo
1037 1694 1079 1731 fit
1098 1695 1256 1741 mentio,
1278 1701 1449 1730 extrema
1468 1695 1552 1730 Ma-

889 1750 1072 1787 cedoniae
1111 1758 1165 1787 est
1204 1752 1308 1799 regio
1348 1750 1550 1786 meridiem

887 1821 1017 1844 versus
1047 1809 1145 1843 inter
1183 1808 1475 1844 Haliacmonem
1515 1814 1551 1843 et

888 1865 978 1900 Axii
999 1865 1093 1900 ostia
1124 1865 1230 1900 iuxta
1262 1877 1366 1900 mare
1397 1871 1552 1900 extensa

889 1920 937 1956 ad
957 1928 1105 1957 montes
1126 1934 1258 1972 usque,
1281 1922 1347 1972 qui
1367 1920 1550 1957 Macedo-

887 1978 991 2013 niam
1014 1990 1035 2013 a
1051 1976 1248 2014 Thessalia
1267 1984 1455 2028 separant.
1476 1978 1549 2014 Vix

888 2041 1016 2070 tamen
1049 2041 1223 2070 accurate
1259 2034 1354 2071 fines
1383 2035 1549 2084 regionis

889 2090 1046 2127 definire
1072 2091 1172 2128 licet.
1208 2090 1295 2127 Yid.
1318 2092 1360 2127 C.
1383 2092 1425 2128 O.
1446 2092 1550 2127 Mul-

887 2148 979 2184 ler.:
1011 2147 1136 2184 Ueber
1156 2146 1192 2183 d.
1210 2146 1418 2185 Makedon.
1438 2162 1477 2198 p.
1499 2152 1546 2188 11

891 2212 927 2240 et
938 2205 1127 2241 Mannert.
1137 2205 1207 2241 Vll
1219 2218 1256 2255 p.
1271 2203 1351 2246 504
1362 2219 1441 2256 seq.
1454 2205 1549 2245 510.

892 2260 1003 2306 Quod
1017 2263 1186 2313 sequitur
1201 2260 1337 2312 ἔκειρε,
1365 2259 1550 2311 Schwgh.

890 2319 929 2354 iu
944 2317 1226 2355 Lexicflerod.
1247 2325 1348 2355 recte
1371 2319 1548 2370 exponit;

891 2375 1060 2422 totondit,
1108 2375 1245 2422 cecidit,
1283 2376 1422 2413 arbores
1469 2376 1549 2413 scil.

889 2439 926 2468 et
948 2432 1088 2469 dumeta
1107 2432 1288 2479 excidens,
1312 2434 1436 2482 quibus
1455 2445 1551 2469 mons

883 2488 959 2538 suit
985 2490 1135 2536 obsitus,
1174 2491 1268 2526 viam
1288 2492 1460 2526 exercitui
1482 2502 1548 2539 pa-

889 2543 1019 2593 tefecit.
1059 2547 1153 2582 Mox
1176 2548 1352 2582 revocavi
1376 2545 1549 2594 Πεῤῥαι-

891 2597 1001 2650 βούς,
1050 2602 1116 2638 ubi
1153 2603 1270 2651 vulgo
1308 2597 1546 2652 Περαιβοός,

889 2655 1070 2708 idemque
1102 2658 1175 2694 feei
1204 2660 1284 2704 vll,
1319 2661 1411 2698 151.
1462 2655 1546 2692 vid.

890 2720 985 2750 nott.
1015 2713 1063 2750 ad
1089 2715 1169 2762 VH,
1205 2717 1296 2754 128.
1354 2712 1415 2749 Ad
1453 2707 1548 2751 α’πι-

888 2768 1028 2819 κέατο,
1051 2772 1155 2808 cuius
1176 2771 1259 2806 loco
1282 2776 1444 2820 quatuor
1464 2769 1546 2805 libri

891 2822 1062 2867 ἀπίκατο
1084 2828 1132 2866 cf.
1155 2828 1236 2873 Vll,
1262 2827 1353 2866 118.
