1897 3340
517 303 994 343 POLYMNIA.

1055 302 1086 339 V
1097 303 1114 338 1
1125 303 1154 338 1.
1384 306 1469 345 435

203 417 245 468 ἐς
289 415 342 459 τοὶ
377 416 617 459 Μουσαίου
647 411 864 468 χρησμὸν,
907 409 966 463 ὥς
997 411 1042 453 αἱ
1072 410 1140 454 ἐπὶ
1171 409 1357 466 Λήμνου
1387 412 1525 456 ἐπι-95

174 487 398 539 6κείμεναι
446 487 575 538 νῆσοι
627 479 916 534 ἀφανιζοίατο
961 479 1072 523 κατα
1112 483 1188 535 τῆς
1229 480 1466 537 θαλάσσης.

203 553 271 597 διὸ
313 551 485 608 ἐξήλασέ
529 565 605 605 μιν
635 547 932 603 ὁἽππαρχος,
978 546 1198 602 πρότερον
1226 550 1470 604 χρεώμενος

172 629 193 662 7
205 620 259 664 τὰ
298 619 493 676 μάλιστα.

556 615 661 660 Τότε
701 616 747 659 δὲ
790 615 1063 671 συναναβὰς,
1113 615 1227 667 ὅκως
1267 614 1468 662 ἀπίκοιτο

200 688 244 739 ἐς
284 686 388 738 ὄψιν
422 685 502 742 τὴν
541 682 763 738 βασιλέος,
806 681 1024 738 λεγόντων
1044 687 1132 730 τῶν
1163 688 1467 741 Πεισιστρατί-

199 756 311 799 ἃέων
347 755 444 808 περὶ
492 752 633 797 αὐτοῦ
683 750 868 805 σεμνούς
908 750 1087 806 λόγους,
1136 752 1334 808 κατέλεγε
1377 758 1468 797 τῶν

197 825 419 878 χρησμῶν·
459 822 496 865 εἰ
537 822 615 875 μέν
653 837 694 863 τι
731 819 847 862 ἐνέοι
886 819 1067 874 σφάλμα
1102 820 1241 874 φέρον
1269 826 1332 880 τῷ
1363 825 1466 878 βαρ-

197 889 345 947 βάρῳ,
384 892 473 932 τῶν
511 888 590 944 μὲν
631 889 745 942 ἔλεγε
776 885 929 930 οὐδέν·
973 886 997 931 ὁ
1021 889 1066 931 δὲ
1095 888 1147 931 τὰ
1178 887 1493 945 εὐτυχέσταται

197 958 491 1015 ἐκλεγόμενος,
533 956 649 1012 ἔλεγε
687 955 766 999 τόν
794 971 839 1000 τε
861 953 1178 1013 Ἑλλήσποντον
1207 955 1266 1009 ὥς
1297 961 1468 1014 ζευχθῆ·

142 1151 264 1201 ἆλοΰς
282 1153 360 1191 vid.
381 1161 477 1191 nott.
499 1152 547 1190 ad
568 1154 630 1200 VI,
644 1156 710 1195 62.
734 1153 804 1190 Cui

141 1210 294 1248 additur
331 1211 573 1262 participium
607 1209 804 1261 ἐμποιέων

141 1268 167 1304 i.
199 1281 233 1304 e.
264 1270 437 1316 inserens,
478 1267 613 1304 eadem
643 1269 802 1315 ratione,

140 1324 217 1376 qua
255 1325 374 1362 verbo
409 1323 646 1363 ἁλίσκεσθαι
671 1325 700 1370 I,
722 1326 803 1363 209

143 1382 228 1428 (ubi
247 1381 323 1418 vid.
343 1382 441 1431 citt.)
465 1389 501 1417 et
522 1382 602 1428 Vll,
623 1384 702 1421 102
721 1382 802 1419 init.

140 1439 199 1474 De
227 1438 326 1475 Laso
346 1438 590 1475 Hermionensz·
609 1445 645 1473 et
656 1439 803 1474 musico

142 1502 180 1532 et
198 1503 312 1545 poeta
342 1494 574 1547 Pindarique
602 1495 802 1544 magistro,

142 1553 208 1604 qui
239 1553 299 1589 vel
328 1560 475 1603 septem
519 1553 750 1602 sapientibus
781 1564 803 1587 a

139 1610 333 1646 nonnullis
366 1609 638 1646 adnumeratur
665 1614 701 1644 et
731 1621 802 1658 cy-

141 1667 253 1703 clicos
274 1664 408 1703 choros
438 1666 639 1702 instituisse
668 1665 800 1711 fertur,

143 1724 311 1774 primarii
325 1730 412 1760 sunt
432 1724 507 1759 loci
529 1721 672 1759 Suidae
702 1735 731 1758 s.
762 1735 800 1758 v.

142 1786 179 1817 et
209 1793 238 1817 s.
269 1794 307 1817 v.
337 1776 715 1825 κυκλιοδιδάσκαλος
749 1779 801 1816 Τ.

140 1838 176 1873 ΙΙ
208 1849 296 1888 pag.
329 1839 406 1878 391
441 1843 478 1872 et
508 1836 604 1876 417.
636 1837 801 1885 Diogen.

140 1895 266 1930 Laert.
283 1895 312 1940 Ι,
335 1894 390 1934 42
409 1894 539 1944 ibique
560 1894 714 1941 Menag.
752 1893 803 1928 Et

141 1950 274 1987 confer
303 1950 351 1987 sis
372 1951 518 1987 Fabric.
540 1949 638 1985 Bibl.
667 1949 803 1985 Graec.

141 2008 177 2044 Π
210 2020 297 2058 pag.
332 2008 425 2046 128.
468 2007 576 2043 Circa
604 2006 804 2056 Olympia—

142 2063 233 2101 dem
272 2064 432 2100 LXVIII
469 2063 639 2099 floruisse
667 2061 805 2098 dicitur

142 2120 309 2172 indeque
330 2122 466 2157 merito
487 2121 592 2159 Darii
609 2120 804 2170 Hystaspis

144 2176 304 2214 habetur
333 2178 514 2229 aequalis.
573 2175 691 2212 Addit
712 2176 804 2211 Val-

144 2233 384 2278 ekenaerius,
419 2233 522 2286 qnod
543 2232 739 2270 Herodoto
761 2245 804 2269 ac

144 2292 353 2328 Pausaniae
363 2292 398 2326 11
418 2293 471 2332 26
494 2292 530 2335 ξ.
553 2292 577 2330 6
598 2291 644 2327 sit
665 2289 806 2339 ἐμποι-

146 2351 225 2395 εῖν,
274 2347 314 2384 id
352 2349 392 2384 in
426 2348 618 2384 simillima
652 2347 805 2384 Solonis

144 2403 291 2452 fraude,
313 2405 378 2456 qui
397 2404 607 2440 Homericis
626 2404 806 2440 interser-

146 2467 185 2497 to
214 2473 325 2497 versu
351 2459 538 2507 effecerat,
567 2467 609 2496 ut
625 2459 673 2496 de
694 2461 807 2497 Sala-

146 2518 252 2553 mine
266 2515 538 2553 contendentes
566 2518 806 2566 Megarenses

149 2573 196 2609 ab
228 2571 522 2609 Atheniensibus
551 2573 804 2620 vincerentur,

147 2629 222 2666 dici
253 2629 335 2679 στίχ
362 2643 385 2667 ν
425 2624 623 2679 ἐγγράψαι
658 2628 713 2674 εἰς
737 2626 804 2668 τὸν

146 2681 368 2736 κατάλογον
377 2685 439 2722 vel
451 2684 634 2735 ἐμβαλεῖν
656 2685 715 2720 vel
727 2699 805 2722 πα·

148 2745 352 2790 ρενθεῖναι
393 2739 669 2790 πεπλασμένον
703 2739 805 2790 apud

147 2797 308 2846 Diogen.
324 2799 449 2838 Laert.
467 2799 497 2844 1,
508 2797 574 2836 48.
594 2796 744 2845 Ulpian.
758 2795 807 2833 ad

148 2852 395 2890 Demosthen.
415 2867 453 2904 p.
475 2853 555 2895 254
573 2859 609 2888 et
629 2851 802 2891 Eustath.

149 2907 196 2945 ad
215 2908 322 2947 Iliad.
352 2911 388 2945 11
410 2923 449 2959 p.
471 2911 564 2955 215,
586 2907 653 2948 42.
713 2909 807 2945 cer-

860 1159 1006 1190 nuntur
1036 1160 1164 1190 autem
1186 1154 1226 1190 in
1243 1154 1394 1201 talibus,
1426 1166 1525 1205 quae

860 1210 935 1247 hoc
954 1211 1039 1247 loco
1061 1212 1108 1247 ab
1132 1209 1328 1247 Herodoto
1349 1210 1525 1261 produn-

860 1273 935 1315 tur,
964 1275 1115 1304 matura
1137 1269 1222 1304 artis
1237 1268 1387 1304 criticae
1408 1270 1525 1304 semi-

860 1337 910 1360 na
957 1323 1114 1374 posthac
1164 1325 1286 1374 magis
1325 1326 1526 1377 magisque

862 1380 963 1432 apud
986 1382 1149 1418 Graecos
1170 1382 1356 1418 excultae.

919 1436 972 1484 ὥς
1004 1438 1048 1476 αἱ
1080 1438 1145 1477 ἐπὶ
1170 1434 1343 1488 Λήμνου
1375 1437 1524 1477 {muel-

861 1509 977 1545 μεναι
997 1497 1117 1544 νῆσοι
1138 1491 1400 1543 ἀφανιζοίατο
1424 1493 1524 1534 κατα

858 1553 931 1601 τῆς
966 1548 1204 1600 θαλάσσης]
1246 1553 1305 1588 De
1331 1553 1528 1603 praeposi-

859 1609 965 1644 tione
995 1607 1059 1647 ἐπὶ
1099 1610 1298 1645 citavimus
1337 1610 1526 1646 nonnulla

858 1663 907 1701 ad
937 1665 982 1712 V,
1005 1667 1059 1705 92
1081 1667 1119 1711 ξ.
1141 1668 1189 1714 33
1221 1665 1269 1702 de
1289 1667 1327 1702 vi
1346 1678 1529 1717 praesen-

859 1723 906 1758 tis
928 1715 1190 1771 ἀφανιζοίατο
1210 1721 1288 1760 vid.
1310 1722 1525 1762 Marthfir.

859 1780 927 1815 Gr.
955 1791 1045 1829 pag.
1077 1780 1198 1819 1029.
1246 1781 1528 1830 Wesselingius

859 1836 1024 1872 similem
1070 1837 1198 1872 Nostri
1247 1835 1356 1873 affert
1394 1838 1526 1874 locum

858 1893 941 1939 Vll,
964 1892 1059 1939 235,
1075 1893 1141 1929 ubi
1160 1889 1260 1931 κατὰ
1283 1896 1354 1943 τῆς
1370 1890 1526 1932 θαλάσ-

861 1961 933 1998 σης
961 1948 1273 1988 καταδεδυκέναι
1307 1957 1344 1987 et
1372 1951 1524 1990 Platon.

859 2006 966 2042 Tim.
985 2019 1023 2055 p.
1045 2005 1098 2045 25
1120 2006 1168 2041 D.

918 2058 1022 2108 ὅκως
1070 2058 1254 2102 ἀπίκοιτο
1273 2063 1290 2111 ]
1368 2062 1526 2101 Consul.

859 2117 996 2155 Matth.
1018 2119 1084 2155 Gr.
1106 2120 1172 2156 Gr.
1195 2120 1321 2165 §.521
1346 2133 1385 2170 p.
1405 2120 1527 2168 1005,

861 2177 928 2228 qni
957 2174 1062 2211 idem
1083 2189 1172 2226 pag.
1195 2178 1274 2217 323
1297 2174 1345 2212 de
1364 2177 1524 2227 genitivi

860 2246 931 2269 usu
947 2234 985 2269 in
997 2233 1121 2270 verbis
1141 2232 1319 2284 κατέλεγε
1334 2236 1414 2272 τῶν
1430 2248 1528 2284 χρη-

862 2291 974 2339 σμῶν
996 2291 1146 2326 monuit
1161 2290 1266 2339 (coll.
1278 2290 1360 2326 Ast.
1375 2289 1423 2327 ad
1433 2292 1526 2327 Pla-

860 2353 942 2383 ton.
973 2347 1178 2397 Rempubl.
1205 2347 1268 2392 VI,
1297 2349 1323 2387 2
1352 2361 1391 2398 p.
1423 2346 1526 2393 534,

862 2416 980 2455 quem
1009 2406 1148 2440 excitat
1177 2403 1387 2451 Creuzerus)
1419 2410 1456 2440 et
1484 2418 1524 2455 p.

860 2459 943 2500 414
983 2461 1020 2505 ξ.
1059 2463 1140 2501 217
1178 2459 1226 2496 de
1253 2460 1377 2497 forma
1408 2459 1526 2500 ἐνέοι.

863 2515 974 2562 Quod
994 2518 1164 2569 sequitur
1181 2513 1356 2568 σφάλμα,
1377 2518 1526 2555 calami-

861 2577 986 2621 tatem,
1008 2574 1138 2611 malum
1158 2573 1314 2620 indicat,
1334 2575 1414 2622 utI,
1428 2576 1524 2615 207.

861 2630 944 2676 Vll,
977 2633 1027 2670 10
1055 2632 1094 2676 §.
1123 2632 1160 2670 6.
1190 2632 1260 2677 ΙΧ,
1292 2632 1318 2671 9
1348 2630 1428 2678 fin.‚
1457 2631 1524 2667 ubi

861 2685 999 2722 eadem
1017 2700 1167 2737 prorsus
1187 2687 1342 2724 locutio.

916 2743 997 2780 τῶν
1015 2741 1103 2793 μὲν
1123 2742 1228 2795 ἔλεγε
1249 2738 1391 2782 ου’δέν·
1427 2740 1451 2781 o‘
1469 2739 1522 2780 δὲ

861 2797 1059 2850 -ἕλεγε]
1110 2801 1167 2835 De
1197 2813 1269 2836 usu
1297 2798 1521 2835 vocularum

863 2850 935 2902 μὲν
944 2876 1000 2883 -
1012 2853 1054 2894 δὲ
1074 2855 1175 2892 conf.
1187 2857 1299 2892 citata
1310 2853 1359 2890 ad
1370 2854 1415 2900 V,
1431 2856 1524 2894 120.

860 2911 955 2947 Mox
992 2923 1062 2962 pro
1100 2912 1206 2960 vulg.
1221 2907 1374 2988 ἐρεῶν,
1419 2908 1525 2961 quod
