1897 3340
481 164 1129 204 TERPSICHORE.
1188 167 1232 202 V.

1406 171 1487 209 103

223 275 313 316 πᾶν
342 272 408 316 ἐπὶ
436 278 548 316 τοῖσι
593 274 974 329 Πεισιστρατίδῃσι
1013 272 1339 328 μηχανώμενοι,
1378 275 1486 329 παρ’

220 340 545 396 Ἀμφικτυόνων
574 338 651 382 τὸν
669 339 781 394 νηὸν
807 344 1069 393 μισθοῦνται
1091 340 1171 383 τόν
1195 341 1241 384 ἐν
1262 346 1486 395 Δελφοῖσι,

227 409 305 453 τὸν
334 413 417 451 νῦν
446 406 599 454 ἐόντα,
639 407 735 449 τότε
766 406 811 449 δὲ
843 406 984 459 οὔκω,
1023 411 1180 450 τοῦτον
1211 408 1487 464 ἐξοικοδομῆ-

193 484 316 529 3σαι,
357 473 429 518 οἷα
469 475 514 518 δὲ
552 474 784 530 χρημάτων
814 471 862 518 εὖ
891 475 1093 531 ἥκοντες,
1135 477 1207 519 καὶ
1237 476 1378 526 ἐόντες
1409 477 1486 518 ἄν-

221 546 317 598 δρες
349 541 524 597 δόκιμοι
545 541 762 587 ἀνέκαθεν
790 543 871 594 ἔτι,
895 541 972 587 τόν
991 559 1036 586 τε
1065 543 1175 598 νηὸν
1201 542 1487 599 ἐξεργάσαντο
1500 551 1543 585 55

161 742 280 776 Kruse
301 740 428 776 Hellas
448 740 496 787 II,
531 743 545 780 1
574 753 661 791 pag.
684 743 723 787 7,
754 740 819 776 ubi

160 795 237 836 vid.
269 797 391 846 plura.
458 798 509 832 At
542 798 580 832 in
622 795 818 833 Herodoto

158 853 335 903 vulgatae
365 854 520 889 lectioni
550 852 727 890 codicum
748 866 819 889 au-

160 911 333 947 ctoritate
365 911 546 960 probatae
577 913 659 946 i'ure
687 917 820 961 patro-

158 967 276 1003 cinari
306 965 455 1004 videtur
483 966 716 1014 Larcherus,
748 968 819 1003 ob-

158 1036 310 1060 servans
355 1024 578 1070 Παιονίὸας
622 1038 651 1061 s.
693 1026 819 1062 Παιο-

157 1081 250 1119 νίαν
280 1082 440 1116 inveniri
472 1079 629 1116 demum
650 1081 820 1117 Atticum

157 1135 206 1173 ad
245 1136 444 1173 Parnethis
484 1139 625 1174 montis
674 1136 818 1174 radices

154 1194 290 1241 situm,
321 1207 399 1230 uon
427 1195 561 1243 procul
592 1195 638 1230 ab
668 1192 818 1230 Achar—

154 1251 212 1286 uis
232 1264 277 1286 eo
298 1251 376 1286 fere
396 1251 481 1286 loco
495 1280 504 1297 ,
537 1263 613 1302 quo
635 1264 737 1287 nunc
755 1252 818 1287 'vi-

154 1319 245 1343 cum
266 1306 418 1353 Bsem‘dz',
440 1320 557 1357 quem
578 1307 703 1356 ipsum
724 1308 817 1343 Gel-

156 1363 226 1399 lius
246 1376 315 1414 pro
347 1370 520 1400 veterum
538 1362 724 1400 Acharnis
744 1363 816 1400 ha-

157 1421 236 1456 beri
266 1420 405 1467 voluit,
442 1421 649 1467 coltocant3
690 1421 741 1456 ita
773 1428 815 1456 ut

154 1489 266 1526 supra
291 1475 396 1513 hunc
432 1476 715 1512 Paeonidarum
745 1475 815 1512 de-

154 1545 262 1569 mum
271 1531 518 1584 Lipsydrium
534 1532 730 1569 castellum
743 1546 814 1569 ex-

152 1596 339 1626 structum
376 1590 514 1636 fuerit,
554 1591 699 1641 optime
740 1589 812 1626 do-

152 1653 262 1683 cente
275 1648 395 1682 Kruse
416 1646 441 1682 l.
465 1646 490 1683 l.
511 1647 558 1693 ΙΙ,
585 1649 602 1686 1
628 1659 716 1697 pag.
730 1648 811 1687 288

152 1703 239 1740 coll.
271 1705 365 1744 287.
424 1703 550 1748 Quare
581 1701 677 1739 nihil
710 1709 810 1739 certe

150 1761 190 1796 in
219 1759 403 1796 Herodoti
438 1760 560 1797 verbis
598 1760 810 1796 immutan-

151 1815 257 1864 dum,
286 1829 358 1853 nec
383 1817 506 1866 magis
538 1828 692 1853 necesse
722 1829 812 1853 cum

151 1871 461 1924 Schweighaeus.
483 1873 685 1909 rescribere
709 1870 810 1924 ’ὑπὲρ

153 1931 352 1976 Παιονίας
393 1930 472 1977 [vel
511 1931 633 1980 potins
681 1932 810 1968 Παιο-

149 1987 256 2035 νίης]
299 1985 363 2025 ἐπὶ
398 1981 635 2037 Πάρνηθος.
695 1985 808 2023 Paeo-

149 2043 252 2080 nz'das
280 2044 319 2080 in
347 2044 473 2079 Attica
492 2049 681 2079 memorat
707 2044 807 2079 Har-

148 2106 291 2151 pocrat.
312 2114 341 2137 s.
361 2114 397 2136 v.
420 2102 629 2146 Παιανιεῑς
646 2113 688 2136 ac
700 2101 806 2136 Pau—

148 2169 228 2194 san.
248 2158 297 2203 II,
322 2158 372 2196 18
395 2157 432 2201 ξ.
453 2158 491 2203 7,
514 2157 581 2207 qui
600 2155 705 2192 idem
725 2158 754 2204 Ι,
779 2159 806 2196 2

148 2215 186 2259 §.
207 2212 245 2260 4,
267 2214 333 2249 ubi
354 2213 401 2249 cf.
415 2213 574 2250 Siebelis
596 2227 634 2263 p.
660 2215 725 2260 11,
750 2212 803 2253 34

147 2271 186 2315 §.
208 2273 234 2310 2
254 2271 340 2307 coll.
359 2268 553 2310 Plutarch.
569 2270 604 2305 Π
624 2282 712 2320 pag.
725 2268 806 2309 842

147 2328 189 2364 F.
219 2325 411 2364 Paeoniam
439 2333 628 2363 memorat
658 2327 804 2362 Miner—

147 2395 236 2421 vam
276 2385 316 2420 iu
353 2383 479 2419 Attica
516 2384 671 2420 cultam.
736 2383 804 2419 Est

147 2453 259 2487 vero,
299 2447 342 2476 ut
372 2440 414 2476 C.
446 2440 489 2476 Ο.
521 2440 670 2476 Miiller.
704 2437 803 2488 (Zur

148 2497 261 2533 Karte
282 2496 346 2534 des
366 2495 489 2533 norell.
503 2495 801 2533 Griechenlands

148 2565 233 2602 pag.
275 2554 353 2602 36)
403 2553 594 2599 observat,
644 2551 802 2589 Paeonia

148 2620 288 2645 nomen
307 2610 481 2660 regionis,
513 2608 713 2646 Paeonidae
732 2607 802 2645 de-

150 2665 204 2700 mi
249 2679 404 2703 nomen.
499 2665 615 2717 Apud
662 2667 802 2702 Grote-

148 2719 251 2757 fend.
298 2722 373 2771 (De
407 2721 526 2760 demis
547 2730 583 2759 et
602 2723 709 2773 pagis
728 2723 802 2759 At-

149 2778 233 2813 tico.
253 2790 339 2828 pag.
366 2781 415 2820 31
451 2786 488 2816 et
508 2780 580 2829 32)
602 2777 801 2816 exhibetur

880 737 1112 778 Παιανία
1141 738 1276 776 demus
1297 741 1414 776 tribus
1436 741 1540 776 Pan-

877 794 1039 832 dionidis
1068 797 1196 833 multis
1218 810 1266 832 ex
1285 798 1541 847 inscriptioni-

878 853 958 899 bus,
980 853 1150 904 itemque
1172 854 1391 892 Παιονίδαι
1411 855 1539 890 Leon—

877 908 975 950 tidis.
1009 932 1065 936 —
1112 909 1174 946 Ad
1205 911 1319 946 verba
1350 913 1432 948 πᾶν
1475 910 1540 949 ἐπὶ

878 969 982 1004 τοῖσι
1021 967 1369 1018 Πεισιστρατίδῃσι
1412 983 1538 1017 μηχα-

881 1018 1054 1073 νώμενοι
1074 1023 1174 1059 conf.
1191 1030 1287 1060 nott.
1300 1022 1348 1059 ad
1357 1024 1420 1067 1V‚
1446 1024 1538 1064 154.

935 1080 1206 1129 μισθοῦνται]
1239 1082 1265 1117 i.
1290 1093 1322 1115 e.
1344 1080 1539 1130 aedifican-

877 1136 960 1173 dum
995 1136 1197 1173 conducunt·
1224 1137 1406 1186 templum,
1449 1150 1536 1172 omn

876 1195 1055 1240 μισθοῦν
1072 1191 1119 1229 de
1139 1206 1183 1230 eo
1201 1192 1358 1239 dicatur,
1382 1195 1447 1244 qui
1465 1194 1535 1230 elo-

875 1252 946 1295 cat,
966 1256 1007 1285 ut
1027 1250 1080 1295 Π,
1116 1252 1209 1290 180.
1268 1250 1333 1285 Tu
1354 1249 1429 1286 vicl.
1454 1252 1536 1285 Ku—

872 1312 959 1341 ster.
983 1305 1030 1341 de
1050 1305 1180 1343 verbb.
1210 1307 1368 1342 Graeco.
1402 1306 1536 1343 mediis

872 1363 959 1407 11§.
986 1364 1036 1402 16
1055 1375 1144 1412 pag.
1180 1360 1271 1402 146.
1331 1362 1392 1399 Ad
1420 1376 1536 1414 argu-

871 1425 1047 1454 mentum
1078 1419 1152 1454 loci
1189 1420 1380 1469 pertinent
1410 1422 1535 1457 Hero-

872 1473 950 1511 dot.
972 1475 1001 1522 Ι,
1033 1474 1086 1515 50
1107 1474 1187 1522 fm.,
1210 1476 1339 1527 ibique
1366 1484 1462 1516 nott,
1485 1478 1532 1524 ΙΙ,

874 1533 965 1571 180.
1024 1530 1208 1578 Incendii,
1241 1545 1317 1583 quo
1344 1533 1532 1583 templum

868 1585 1099 1638 Delphicum
1110 1588 1181 1624 fuit
1196 1589 1426 1637 absumtum,
1448 1590 1532 1627 cu]-

867 1657 958 1695 pam
978 1645 1017 1680 in
1039 1644 1288 1682 Pisistratidas
1316 1646 1430 1683 fuisse
1450 1647 1531 1683 col-

867 1701 996 1749 latam,
1017 1708 1212 1748 testantur,
1233 1709 1391 1739 notante
1411 1704 1531 1740 Wes-

867 1759 1014 1809 seling.,
1049 1765 1195 1795 veteres
1217 1761 1337 1795 critici
1366 1758 1414 1795 ad
1434 1761 1530 1796 Pin—

867 1813 945 1853 dar.
993 1813 1109 1866 Pyth.
1148 1816 1230 1852 VII.
1301 1817 1374 1860 Qui
1412 1815 1530 1853 iidem

865 1871 1120 1908 Pisistratidae
1143 1872 1296 1922 Olymp.
1318 1874 1455 1919 LXIII,
1487 1876 1526 1920 2,

867 1941 943 1979 quo
965 1941 1066 1964 anno
1087 1929 1278 1979 templum
1299 1928 1524 1980 deflagrasse

865 1986 1002 2032 fertur,
1033 1986 1129 2035 patri
1148 1988 1367 2022 successisse
1390 1986 1526 2023 dicun-

864 2048 937 2078 tur.
997 2041 1058 2078 Ad
1079 2042 1240 2078 verbum
1267 2041 1527 2093 ἐξοικοδομῆ-

864 2110 930 2137 σαι
951 2099 1052 2134 conf.
1074 2106 1166 2135 nott.
1190 2098 1238 2135 ad
1253 2100 1300 2145 II,
1327 2099 1418 2140 175.
1437 2102 1524 2140 176.

866 2158 944 2196 180
966 2162 1002 2191 et
1023 2154 1072 2191 ad
1106 2156 1340 2192 locutionem
1371 2152 1522 2206 χρημά-

861 2227 939 2250 των
975 2205 1020 2250 εῧ
1040 2207 1204 2262 ἥκοντες
1237 2214 1279 2261 (ἰ.
1302 2226 1335 2248 e.
1364 2215 1524 2263 pecuniis

861 2267 1103 2316 abundantes,
1139 2270 1328 2319 florentes)
1359 2270 1460 2306 conf.
1490 2271 1519 2316 Ι,

861 2328 927 2365 30.
947 2325 1037 2365 149.
1096 2325 1181 2361 Alia
1202 2325 1306 2362 dabit
1317 2328 1448 2363 Iacobs
1469 2325 1517 2362 ad

859 2382 1008 2418 Aelian.
1029 2382 1076 2418 N.
1095 2383 1143 2418 A.
1170 2383 1199 2429 I,
1225 2385 1275 2423 12
1304 2397 1342 2433 p.
1380 2381 1443 2422 14.
1464 2405 1519 2409 —

859 2437 922 2474 Ad
954 2433 1156 2477 οἷνὲκαθεν
1189 2439 1290 2475 conf.
1319 2439 1364 2487 V,
1397 2439 1450 2480 59
1481 2446 1518 2476 et

848 2494 906 2531 =de
927 2495 1064 2532 vocula
1083 2493 1138 2534 ἔτι
1157 2496 1209 2532 sic
1229 2495 1433 2546 postposita
1456 2496 1518 2531 Ia-

858 2552 961 2588 cobs.
993 2550 1043 2588 ad
1079 2552 1226 2589 Aelian.
1265 2554 1311 2590 N.
1343 2553 1390 2588 A.
1429 2550 1523 2602 pag.'

857 2607 954 2649 659·
983 2631 1033 2637 -—-
1083 2609 1229 2645 Vocem
1266 2607 1517 2659 παράδειγμα

857 2664 961 2701 idem
978 2665 1109 2702 Iacobs
1129 2666 1169 2701 iu
1186 2665 1313 2701 Attica
1331 2677 1417 2715 pag.
1432 2665 1511 2703 333

856 2723 907 2758 sic
929 2723 1106 2771 exponit:
1130 2720 1223 2769 „der
1243 2723 1337 2767 Riss,
1358 2720 1431 2756 den
1451 2717 1511 2754 die

857 2775 1138 2814 Unternehmer
1167 2779 1270 2813 eines
1299 2776 1413 2812 Bau's
1443 2775 1511 2811 be-
