1897 3340
513 181 1144 228 PoLYMNlA.V11.
1379 196 1458 235 581

174 297 417 355 Ξᾶνδρηῖης
467 297 764 353 ἐστρατεύετο,
816 292 1022 351 οὐδεμιῆς
1077 294 1232 351 ἐούσης
1272 298 1316 339 οἱ
1365 296 1465 342 α’να-

200 367 362 422 γκαίης.
422 364 591 421 οὕνομα
609 365 687 421 μὲν
717 363 768 420 δὴ
798 358 856 418 ἦν
886 362 997 419 αὐτῇ
1024 361 1281 419 Ἀρτεμισίη,
1310 365 1464 419 θυγά-

202 451 281 490 τηρ
318 434 364 477 δὲ
401 437 458 490 ἦν
496 431 764 488 Λυγδάμιος·
802 430 944 487 γένος·
959 431 1005 474 δὲ
1043 430 1086 483 ἐξ
1119 429 1518 488 Ἀλικαρνησσοῦ45

174 501 259 544 3τα
288 501 399 556 πρὸς
427 499 610 554 πατρὸς,
640 498 693 542 τοὶ
725 499 947 555 μητρόθεν
977 498 1023 542 δὲ
1052 501 1246 554 Κρῆσσα.
1305 499 1462 555 ἡγεμό-

201 584 298 612 νευε
332 569 377 612 δὲ
403 558 769 623 Ἁλικαρνησσέων
796 583 841 610 τε
863 567 937 610 καὶ
966 565 1111 610 Κώων
1139 567 1213 610 καὶ
1233 568 1462 622 Νισυρίων

201 652 246 680 τε
273 636 342 680 καὶ
374 636 648 687 Καλυδνίων,
675 633 802 677 πέντε
830 634 930 685 νέας
949 635 1234 690 παρεχομένη.
1260 635 1334 679 καὶ
1362 647 1461 679 συν·

203 702 372 759 απάσης
412 705 485 758 τῆς
531 705 749 758 στρατιῆς,
779 701 886 757 μετά
915 718 962 756 γε
991 702 1069 754 τοὶς
1091 704 1331 758 Σιδωνίων,
1366 704 1520 755 νέας5ο

201 769 488 822 εὐδοξοτάτας
526 771 772 825 παρείχετο,
811 769 987 814 πάντων
1025 787 1069 814 τε
1105 775 1195 814 τῶν
1226 771 1463 826 συμμάχων

172 835 378 893 4γνώμας
405 837 583 891 ἀρίστας
623 837 792 894 βασιλέϊ
831 837 1073 890 ἀπεδέξατο.
1133 841 1218 881 τῶν
1258 839 1303 882 δὲ
1342 837 1463 882 κατέ-

198 906 296 957 λεξα
325 906 491 949 πολίων
519 905 796 963 ἡγεμονεύειν
819 904 968 964 αὐτήν,
999 904 1048 950 τὸ
1072 905 1203 957 ἔθνος
1225 905 1460 963 ἀποφαίνω

139 1110 202 1141 tur
226 1103 516 1153 Wesselingius.
575 1100 736 1138 Suidam
770 1104 801 1139 si

139 1172 345 1212 sequamur
363 1173 392 1196 s.
412 1173 449 1197 v.
469 1155 685 1208 ‘'Hpodovog
706 1160 740 1194 II
760 1173 797 1209 p.

141 1219 194 1257 76
238 1217 482 1253 Artemisiam
512 1216 551 1250 iu
579 1227 697 1265 regno
729 1229 800 1251 ex-

140 1274 241 1324 cepit
261 1272 470 1320 Pisindelis,
501 1271 611 1318 filius,
642 1284 684 1308 ac
709 1270 797 1308 dein

140 1329 538 1380 Lygdamz's‚uepos,ob
551 1341 666 1380 quem
676 1329 801 1378 ipsum

141 1385 355 1423 Herodotus
385 1386 645 1422 Halicarnasso
672 1386 800 1422 relicta

142 1444 305 1480 Samum
325 1456 364 1479 se
375 1443 575 1479 contulisse
586 1441 715 1478 fertur.
737 1441 799 1478 Ad

140 1500 375 1537 locutionem
403 1495 483 1537 ὑπὸ
504 1494 677 1548 λήματος
696 1500 797 1535 conf.

139 1563 233 1593 nott.
247 1555 296 1592 ad
306 1557 350 1603 V,
361 1559 415 1596 72
425 1555 579 1607 (quibus
591 1567 694 1591 nunc
707 1554 797 1592 add.

139 1613 264 1663 Kluge
296 1611 344 1649 ad
373 1610 570 1650 Theodor.
601 1610 798 1648 Metochit.

141 1668 189 1706 ad
210 1670 303 1706 calc.
322 1669 475 1707 Aristot.
507 1667 554 1705 de
580 1668 687 1718 polit.
706 1668 801 1704 Car-

140 1724 244 1776 theg.
276 1739 363 1776 pag.
392 1725 501 1774 208)
553 1731 589 1760 et
609 1723 658 1760 ad
685 1726 801 1761 verba

139 1779 187 1820 τοὶ
229 1780 328 1833 πρός
365 1778 514 1832 πατρός
547 1779 711 1819 Fischer.
753 1780 801 1818 ad

139 1839 385 1877 Weller.111
411 1849 499 1888 pag.
521 1836 614 1883 251,
657 1836 705 1873 ad
726 1852 800 1888 μη-

139 1891 285 1946 τρόθεν
314 1893 498 1931 Herodot.
535 1895 565 1941 Ι,
601 1896 704 1942 173,
735 1895 801 1946 qui

140 1952 238 2000 VIII,
258 1954 312 1992 90
335 1950 449 1987 habet
469 1945 685 2002 πατρόθεν.

195 2008 264 2047 καί
285 2007 497 2060 Νισυρίων
515 2021 555 2045 τε
575 2005 642 2045 καὶ
664 2008 801 2045 Καλυ-

139 2065 288 2113 δνίων]
310 2065 410 2101 Male
430 2064 514 2116 quis
530 2063 622 2100 olim
634 2063 681 2099 ob
700 2064 733 2100 V
735 2065 801 2111 111,

144 2124 199 2162 87
220 2120 282 2159 hic
310 2121 447 2172 refingi
477 2121 597 2158 voluit
637 2122 802 2159 Καλυν-

144 2177 264 2225 δέων,
316 2191 414 2230 quae
445 2177 575 2214 Cariae
601 2183 655 2213 est
676 2177 804 2214 civitas

143 2234 183 2270 in
202 2234 342 2285 Lyciae
362 2233 561 2275 confiniis„
596 2232 798 2283 Calydniae

140 2290 286 2327 insulae
323 2291 402 2326 iam
435 2289 536 2340 apud
562 2291 720 2327 Homer.
752 2291 798 2328 Π.

142 2347 189 2393 Π,
212 2349 293 2386 676
314 2359 402 2382 cum
422 2344 556 2396 Nisyro
576 2353 689 2397 atque
719 2345 799 2384 Cois

140 2403 372 2452 iuuguntur3
430 2400 478 2438 ad
516 2414 633 2453 quem
669 2403 800 2440 locum

143 2459 252 2510 plura
272 2457 458 2495 dederunt
488 2459 623 2508 Heyne
651 2470 694 2495 ac
722 2459 801 2495 Bo-

142 2514 220 2554 the.
278 2515 383 2560 Quae
402 2526 480 2550 non
499 2514 614 2563 louge
634 2521 802 2551 remotae

146 2584 168 2608 a
197 2571 406 2609 continenti
424 2570 514 2606 Asia
541 2570 648 2605 iuxta
674 2571 803 2606 Tene-

148 2626 240 2664 dum
253 2635 289 2664 et
304 2626 351 2664 ad
364 2625 564 2664 meridiem
585 2626 690 2675 Sigei
711 2639 804 2677 pro-

148 2685 326 2721 montorii
346 2681 580 2735 Sporadibus
599 2682 715 2732 vulgo
736 2695 804 2719 ac-

148 2747 359 2777 censentur.
401 2741 446 2775 In
462 2740 543 2789 ipso
562 2738 706 2774 insulae
729 2751 804 2775 no-

148 2795 251 2832 mine
283 2797 448 2834 multum
485 2794 669 2832 fluctuant
705 2795 804 2833 libri.

854 1105 1031 1155 Namque
1064 1104 1110 1140 ab
1145 1103 1223 1140 aliis
1253 1108 1410 1140 vocatur
1434 1102 1519 1139 Κα-

855 1162 1000 1210 λυμνία
1038 1161 1116 1197 sive
1157 1160 1358 1210 Calymnia.
1433 1156 1519 1195 Vid.

856 1215 1085 1254 Tzscliucke
1101 1215 1149 1252 ad
1163 1219 1353 1267 Pompon.
1365 1215 1456 1251 Mel.
1469 1215 1516 1261 Π,

857 1276 882 1314 7
904 1275 940 1319 §-
967 1277 1013 1314 11
1033 1287 1070 1323 p.
1094 1272 1176 1314 754
1195 1285 1300 1324 seqq.
1332 1278 1428 1308 nott.
1450 1283 1519 1307 ex-

858 1343 944 1380 egg.
992 1329 1078 1366 Vid.
1111 1330 1288 1366 strabon.
1317 1329 1410 1365 XIII
1429 1340 1519 1378 pag.

856 1388 937 1426 900
958 1387 1006 1423 D.
1035 1400 1064 1424 s.
1086 1399 1124 1436 p.
1147 1385 1240 1426 604.
1270 1383 1444 1422 Eustath.
1469 1383 1517 1420 ad

855 1443 1013 1494 Dionys.
1034 1444 1222 1492 Perieget·
1252 1442 1344 1482 530.
1403 1438 1517 1491 Nisy-

854 1511 916 1535 τας
955 1501 1130 1549 proxima
1162 1499 1328 1535 Coorum
1358 1498 1518 1544 insulae,

856 1568 1020 1607 quacum
1053 1557 1144 1592 olim
1164 1556 1367 1592 coniuncta
1397 1561 1519 1590 terrae

855 1619 963 1649 motu
985 1613 1145 1649 abscissa
1167 1611 1326 1659 dicitur,
1360 1609 1518 1648 thermis

857 1669 1035 1706 excelluit
1055 1670 1230 1719 saxisque
1248 1669 1329 1704 altis
1347 1681 1389 1704 ac
1406 1679 1519 1718 prae-

857 1726 987 1775 ruptis.
1035 1726 1146 1762 Conf.
1169 1724 1303 1775 Steph.
1323 1726 1418 1776 Byz.
1439 1738 1468 1760 s.
1482 1737 1519 1760 v.

856 1795 943 1832 pag.
968 1780 1063 1822 594.
1083 1782 1174 1818 Mel.
1195 1783 1242 1828 II,
1265 1785 1291 1821 2
1313 1781 1349 1825 ξ.
1370 1782 1432 1826 11,
1455 1780 1520 1815 ubi

856 1839 1020 1888 plurima
1041 1839 1165 1874 attulit
1185 1834 1413 1873 Tzsohudm
1424 1842 1518 1872 nott

855 1907 992 1944 exegg.
1026 1907 1062 1944 p.
1093 1893 1176 1934 752
1195 1907 1275 1945 seq.
1295 1894 1328 1930 V
1330 1894 1378 1930 ol.
1400 1893 1453 1928 III
1471 1893 1518 1928 P.

854 1952 904 1987 Π.
962 1951 1185 1986 Etiamnum
1201 1956 1359 1987 vocatur
1380 1947 1515 1986 Νιεῑᾛνο

859 2006 1261 2044 CeleberrimaCoorum
1271 2006 1394 2043 insula
1401 2018 1518 2053 nunc,

859 2062 964 2115 quod
983 2076 1098 2100 nemo
1111 2063 1189 2099 fere
1207 2064 1337 2111 nescit,
1369 2062 1520 2112 cognita

858 2121 1042 2157 Italorum
1061 2121 1219 2156 nomine
1236 2119 1418 2166 Stanclcz'o,
1439 2131 1519 2155 non

860 2176 1070 2215 admodum
1091 2176 1230 2214 distans
1241 2177 1518 2213 Halicarnasso.

910 2288 1026 2329 πέντε
1038 2287 1131 2336 νέας
1140 2285 1409 2341 παρεχομένη]
1439 2288 1516 2324 Has

856 2347 1026 2399 quinque
1044 2359 1160 2384 naves
1179 2358 1341 2382 numero
1367 2350 1517 2395 septua-

855 2405 960 2454 ginta
980 2404 1148 2450 navium,
1171 2415 1263 2455 quas
1284 2402 1395 2438 Cares
1405 2413 1518 2451 prae-

855 2460 1017 2508 buerint,
1037 2460 1151 2497 simul
1164 2456 1437 2510 comprehendi
1449 2469 1519 2493 ex·-

856 2516 1036 2553 istimem.
1101 2517 1196 2552 Mox
1233 2528 1323 2552 cum
1360 2519 1518 2551 recentt.

860 2571 947 2608 edd.
968 2571 1057 2608 dedi
1077 2567 1240 2611 πάντων
1271 2586 1312 2610 τε
1342 2583 1409 2620 pro
1430 2569 1518 2605 vul-

857 2634 945 2678 gata
980 2627 1122 2680 (quam
1150 2629 1303 2665 retinuit
1329 2623 1517 2673 Bekker.)

858 2698 1022 2722 παντων
1053 2682 1116 2732 δὲτ,
1175 2697 1266 2721 nam
1295 2683 1408 2719 totius
1443 2679 1516 2715 loci

857 2740 1064 2777 sententiae
1083 2741 1217 2777 melius
1237 2737 1331 2775 illud
1350 2748 1517 2786 congru-

859 2809 922 2832 ere
940 2795 1150 2835 videbatur.
1199 2794 1261 2832 Ad
1286 2793 1517 2831 locutionem
