1897 3340
514 169 1164 213 TERPSICHORE.

1223 170 1268 205 V.
1496 173 1524 209 9

266 290 345 330 τοῦ
377 281 653 339 οἰκηϊοτοῖτου
684 281 864 335 ἑωυτῆς·
905 283 1152 334 σφαχθεῖσα
1183 278 1250 329 δὲ,
1281 275 1525 320 συνθάπτε-

238 363 343 398 3ται
390 356 450 408 τῷ
494 349 633 401 ἀνδρί.
689 350 734 391 αἱ
780 348 825 391 δὲ
871 346 999 391 ἄλλαι
1056 345 1291 400 συμφορήν
1337 344 1528 399 μεγάλην

266 425 510 465 ποιεῦνται·
543 416 711 467 ὄνειδος
739 415 822 471 γάρ
855 427 934 471 σφι
962 419 1093 458 τοῦτο
1123 412 1325 467 μέγιστον
1353 415 1528 467 γίνεται.

176 482 208 526 6
271 492 369 532 Τῶν
405 487 449 530 δὲ
482 484 534 541 δὴ
565 484 709 527 ἄλλων
742 486 945 539 Θρηΐκων
975 483 1059 526 ἐστὶ
1094 481 1166 524 ὅδε
1196 479 1219 523 ὁ
1250 480 1397 535 νόμος.
1436 496 1526 523 πω·
1539 487 1582 519 60

263 558 382 598 λεῦσι
411 552 463 596 τοὶ
492 553 621 596 τέκνα
652 549 719 594 ἐπ’
752 551 956 608 ἐξαγωγῇ.
1010 551 1084 601 τὰς
1115 550 1160 592 δὲ
1189 547 1442 599 παρθένους
1472 545 1527 589 ου’

691 617 702 634 2
755 619 766 634 5
789 623 805 631 ⁵·-

262 620 562 675 φυλάσσουσι,
605 619 683 663 ἄλλ,

749 631 853 663 εωσι
892 617 980 663 οἷσι
1018 617 1143 661 αὐταὶ
1185 615 1425 673 βούλονται
1451 613 1524 656 ἄν·

233 690 396 742 Ξόράσι
424 691 666 745 μίσγεσθαι.
716 686 793 738 τὰς
822 688 868 731 δὲ
897 692 1109 743 γυναῖκας
1139 688 1327 740 ἰσχυρῶς
1359 681 1524 738 φυλάσ-

263 768 415 801 σουσι·
464 758 537 801 καὶ
567 755 775 801 ὠνέονται
814 757 890 807 τὰς
919 759 1130 812 γυναῖκας
1170 751 1289 807 παρὰ
1325 755 1416 795 τῶν
1451 766 1524 806 γο-

205 935 278 982 ξαν
299 947 320 970 e
351 935 515 974 Pausau.
543 932 608 982 IV,
631 934 656 972 2
687 933 723 977 ξ.
747 931 771 972 5
793 931 860 967 fin.

204 991 328 1028 attulit
361 989 545 1030 Valcken.
624 990 703 1026 Nec
739 989 862 1024 aliena

203 1055 313 1095 sunt,
344 1060 443 1099 quae
465 1046 511 1083 de
531 1046 667 1083 talibus
687 1047 862 1096 gentium

203 1103 446 1157 quarundam
489 1104 668 1140 institutis
709 1103 863 1139 notavi-

202 1175 289 1198 mus
309 1159 359 1198 ad
377 1161 441 1208 IV,
463 1162 529 1201 71.
549 1181 607 1187 —-
630 1159 697 1197 Cr.
720 1159 768 1196 ad
788 1158 864 1196 hu-

203 1219 261 1255 ius
292 1231 376 1269 cap.
407 1223 679 1267 argumentum
700 1217 864 1253 conferri

202 1276 285 1312 vult
305 1277 477 1325 Zcegam
496 1275 553 1309 De
575 1274 750 1311 obelisco.
773 1286 862 1323 pag.

204 1334 286 1372 276
308 1337 387 1369 not.
411 1333 451 1377 2,
472 1330 539 1366 ubi
569 1331 733 1380 plurima
755 1330 864 1366 colli—

205 1394 347 1438 guntur
368 1387 415 1424 de
427 1385 499 1423 hoc
517 1399 637 1432 more,
662 1400 737 1437 quo
760 1385 861 1436 apud

204 1443 316 1481 rudes
356 1442 540 1495 quasdam
592 1450 724 1492 gentes
763 1455 863 1480 uxor

204 1514 293 1537 cum
312 1501 394 1538 viro
412 1501 513 1536 mori
537 1499 700 1536 iubetur.

442 1625 536 1676 cap.
557 1625 622 1662 VI.

257 1716 433 1755 πωλεῦσι
459 1712 507 1755 τοὶ
534 1713 652 1754 τέκνα
681 1709 738 1753 ἐπ’
769 1711 861 1761 ἔξα-

201 1772 336 1824 γωγῇ]
366 1773 391 1813 i.
413 1786 446 1809 e.
478 1773 631 1810 vendunt
659 1775 762 1809 natos
781 1783 861 1807 suos

202 1830 239 1880 in
257 1828 351 1866 alias
361 1833 472 1867 terras
484 1829 716 1867 abducendos.
746 1826 860 1864 Haud

201 1886 308 1922 aJiter
335 1886 414 1923 fere
444 1885 508 1926 ἐπὶ
530 1900 620 1924 cum
651 1885 777 1923 dativo
798 1898 862 1920 re-

201 1944 345 1993 peritur
364 1945 445 1991 VII,
470 1943 563 1985 156.
585 1945 614 1991 I,
637 1946 703 1984 60.
725 1943 789 1989 111,
805 1941 859 1983 48

201 2000 267 2035 ubi
295 1999 376 2041 vid.
399 2000 429 2038 C
437 2014 467 2038 r.
488 1999 537 2037 ad
566 1999 662 2037 haec
695 2000 859 2037 conferri

201 2057 283 2093 vult
319 2059 468 2109 Heyne.
511 2058 671 2108 Opuscc.
710 2055 858 2096 Acadd.

200 2114 252 2149 IV
281 2127 319 2164 p.
351 2115 429 2155 125
456 2128 537 2167 seq.
577 2122 658 2152 not.
681 2113 728 2151 de
748 2127 858 2150 more

202 2170 304 2220 apud
324 2178 455 2221 gentes
476 2170 589 2209 rudes
618 2173 858 2223 incultasque

201 2226 417 2265 introducto
456 2229 593 2266 liberos
616 2259 625 2276 ‚
686 2229 858 2280 inprimis

204 2285 348 2334 puellas
358 2284 550 2323 vendendi
560 2285 860 2338 indequequae-

202 2347 304 2377 stum
323 2342 393 2379 sibi
413 2342 572 2393 parandi
593 2342 859 2390 disserentem3

203 2410 320 2449 quem
337 2411 486 2436 morem
506 2399 596 2436 inde
628 2401 746 2451 repeti
767 2401 860 2448 vult,

204 2453 308 2505 quod
337 2456 446 2492 liberi
477 2458 568 2493 olim
588 2458 688 2494 inter
713 2470 769 2494 res
792 2455 863 2493 ha-

202 2511 388 2549 bebantur
409 2542 419 2560 ‚
481 2527 572 2565 quas
631 2527 863 2566 quocunque

203 2567 318 2605 modo
339 2570 503 2606 alienare
512 2571 631 2612 licuit.
653 2572 758 2617 Quae
770 2584 863 2608 mox

205 2622 251 2659 de
280 2626 413 2675 puellis
442 2635 684 2676 enarrantur,
727 2642 861 2665 eorum

205 2692 352 2718 memor
369 2683 441 2719 fuit
453 2684 675 2736 Cousinery,
696 2685 860 2722 similem

207 2737 399 2786 quendam
419 2738 544 2777 adhuc
575 2742 614 2777 in
634 2743 711 2779 istis
732 2743 860 2792 regio-

207 2793 316 2829 nibus
336 2795 505 2833 obtinere
536 2810 686 2834 morem
705 2805 858 2836 testans.

917 932 1094 983 Namque
1122 943 1143 966 e
1171 929 1263 966 locis
1299 926 1491 964 montanis
1534 924 1582 962 ad

918 989 1013 1025 fines
1051 987 1187 1025 veteris
1226 983 1476 1022 Macedoniae
1505 983 1583 1019 sitis

921 1044 1044 1095 (nunc
1074 1051 1233 1081 vocatur
1276 1042 1382 1092 regio
1420 1040 1582 1087 Doz'ran)

921 1103 1124 1155 quotannis
1163 1102 1203 1136 in
1237 1100 1368 1150 planas
1407 1098 1582 1147 regiones

924 1158 973 1196 ad
993 1159 1131 1195 urbem
1145 1154 1345 1195 Salonichi
1365 1153 1491 1191 adhuc
1512 1152 1582 1189 de-

920 1215 1108 1253 scendunt
1138 1215 1304 1264 virgines
1337 1224 1501 1249 messem
1522 1211 1582 1246 fa-

921 1280 1049 1309 cturae
1069 1273 1198 1323 ibique
1219 1272 1337 1307 libere
1367 1282 1456 1305 cum
1476 1269 1513 1304 T
1517 1280 1583 1303 ur-

920 1331 973 1366 cis
1002 1334 1290 1366 consuescentes
1320 1324 1458 1362 honori
1486 1323 1582 1360 adeo

919 1387 990 1423 sibi
1011 1385 1168 1431 ducunt,
1190 1386 1222 1421 si
1240 1396 1360 1420 messe
1382 1383 1481 1418 facta
1492 1393 1582 1431 gra-

917 1441 1029 1479 vidae
1051 1441 1211 1478 domum
1230 1441 1417 1477 venerint.
1448 1440 1582 1489 Neque

919 1500 1023 1535 enim
1044 1511 1088 1535 eo
1104 1496 1282 1548 impediri
1299 1502 1436 1547 putant
1447 1495 1583 1531 matri-

918 1556 1096 1592 monium
1128 1556 1273 1591 iustum
1304 1559 1341 1589 et
1370 1553 1457 1588 illae
1478 1553 1582 1602 ipsae

917 1614 1082 1663 virgines
1095 1642 1104 1659 ‚
1127 1610 1280 1663 quando
1301 1609 1419 1646 semel
1439 1615 1581 1659 nuptae

917 1670 1070 1717 fuerint,
1092 1668 1209 1705 fidem
1229 1668 1371 1704 maritis
1392 1672 1582 1716 praestare

919 1726 1098 1764 dicuntur
1117 1727 1344 1762 maximam.
1388 1721 1475 1760 Vid.
1495 1722 1582 1758 An-

917 1785 993 1821 nal.
1024 1783 1061 1820 d.
1091 1795 1259 1834 voyages
1290 1794 1359 1833 par
1377 1778 1577 1831 Klaproth.

921 1843 1029 1882 1832
1047 1841 1142 1877 Juin
1161 1854 1201 1890 p.
1231 1841 1313 1879 367
1333 1850 1412 1889 seq.
1432 1859 1489 1864 ——
1518 1835 1582 1873 Ad

917 1897 1166 1934 indicativum
1196 1891 1410 1947 βούλονται
1429 1894 1470 1929 in
1489 1906 1583 1946 pro-

917 1955 1022 1991 xime
1052 1968 1158 2006 seqq.
1198 1952 1299 1989 conf.
1328 1951 1498 1988 VVerfer.
1539 1951 1579 1986 iu

917 2013 1020 2049 Actt.
1041 2010 1149 2062 phill.
1168 2011 1343 2047 Monacc.
1355 2010 1471 2059 Ipag.
1483 2005 1579 2049 274.

973 2113 1041 2154 καὶ
1076 2110 1266 2154 ω’νὲονται
1294 2109 1366 2159 τοὶς
1387 2114 1579 2165 γυναῖκας

915 2193 972 2200 -
993 2167 1204 2223 χρημάτων
1226 2166 1424 2222 μεγάλων]
1459 2169 1580 2204 Geni-

915 2230 983 2266 tivi
1009 2243 1123 2266 usum
1152 2228 1274 2278 attigit
1300 2225 1484 2263 Matthiae
1512 2226 1579 2265 Gr.

918 2288 984 2324 Gr.
1007 2288 1043 2332 ᾗ.
1071 2285 1165 2333 364,
1195 2287 1234 2326 b.
1292 2285 1391 2321 Satis
1421 2289 1578 2328 constat,

917 2357 986 2395 per
1003 2357 1160 2381 omnem
1179 2343 1258 2379 fere
1273 2342 1461 2378 orientem
1479 2338 1579 2376 hanc

922 2402 1014 2438 olim
1042 2401 1207 2451 viguisse
1246 2396 1578 2443 consuetudinem,

921 2465 963 2495 ut
1001 2470 1182 2509 sponsam
1227 2469 1386 2507 sponsus
1436 2461 1577 2490 emeret

919 2514 1087 2567 indeque
1126 2513 1188 2551 hic
1228 2514 1282 2550 illi
1315 2512 1445 2550 dotem
1484 2524 1579 2547 con-

919 2574 1111 2620 stitueret,
1143 2578 1255 2623 prout
1293 2569 1341 2607 de
1380 2569 1580 2606 Germanis

920 2642 1075 2681 quoque
1095 2629 1222 2666 scribit
1243 2629 1401 2664 Tacitus
1421 2627 1459 2662 in
1481 2626 1579 2662 Ger—

916 2699 1021 2723 man.
1046 2689 1110 2733 18,
1139 2685 1206 2722 ubi
1226 2684 1370 2724 consul,
1393 2685 1578 2731 interpre-

916 2750 985 2784 tes.
1043 2742 1146 2780 Add.
1172 2743 1349 2778 Pei'izon.
1372 2740 1411 2775 in
1432 2739 1579 2773 Disser-

918 2806 983 2837 tat.
1004 2798 1138 2837 Triad.
1159 2812 1247 2850 pag.
1269 2800 1349 2838 277
1379 2795 1575 2843 (Daventr.

1583 483 1591 491 v

1592 483 1858 512 rranscrestonaei

1587 517 1747 552 polygami.
1778 519 1840 545 viri

1588 551 1651 577 vita
1677 552 1810 578 delum-ti
1829 552 1860 578 in

1587 585 1700 611 tumulo
1725 585 1858 611 diiectis-

1585 619 1661 644 -ima
1685 627 1809 645 uxorum

1580 652 1762 679 inunolatur.
1784 653 1859 679 Cae*

1582 690 1717 712 teu-orum
1743 686 1843 713 ‘shra-

1583 728 1647 746 cum
1671 720 1811 747 instituta

1583 752 1712 780 maxime
1731 763 1840 781 memo-

1584 786 1706 814 rabilia.
