1897 3340
411 231 495 270 (358

415 335 726 392 Θεμιστοκλέης
761 332 977 390 ἀνέγνωσε
1015 335 1299 391 Ἀθηναίους,
1327 338 1403 390 τῆς
1432 334 1665 387 διαιρέσιος
1723 338 1805 391 570
1875 339 1897 388 Η,

812 227 1272 266 HERODOTI

412 403 567 459 ταύτης
605 403 936 457 παυσαμένους,
973 404 1075 454 νέας
1116 403 1283 446 τούτων
1323 405 1411 444 τῶν
1439 400 1668 457 χρημάτων

411 470 679 526 ποιήσασθαι
709 472 944 525 διηκοσίας,
973 470 1014 521 ἐς
1045 469 1122 513 τόν
1151 469 1341 523 πόλεμον
1369 467 1447 512 τὸν
1476 469 1584 524 πρὸς
1598 469 1725 510 Αἰ-45

381 546 401 579 3
418 538 593 594 γινήτας
621 536 769 592 λέγων.
830 532 958 587 οὗτος
986 537 1068 592 γὰρ
1090 538 1113 579 ὁ
1139 538 1325 593 πόλεμος
1357 537 1517 587 συστὰς
1537 536 1668 580 ἔσωσε

409 605 503 648 τότε
531 604 610 659 τὴν
635 603 848 650 Ἑλλάδα,
888 603 1138 657 ἀναγκάσας
1166 609 1437 656 θαλασσίους
1465 604 1667 659 γενέσθαι

384 671 681 727 4Ἀθηναίους.
713 672 759 713 αἱ
788 671 845 721 δὲ,
877 671 919 720 ἐς
947 669 996 712 τὸ
1027 671 1105 725 μὲν
1125 671 1405 728 ἐποιήθησαν,
1437 670 1519 715 οὐκ
1547 668 1666 726 ἐχρή-

409 744 598 792 σθησαν·
630 739 672 789 ἒς
703 737 803 781 δέον
834 737 880 780 δὲ
910 736 1025 780 οὕτω
1056 741 1110 793 τῇ
1134 736 1305 783 Ἑλλάδι
1326 740 1535 795 ἐγένοντο.
1580 734 1684 783 Af»,

408 807 479 849 ταί
515 822 558 848 τε
597 805 649 860 δὴ
694 807 740 848 αἱ
778 806 870 856 νέες
899 810 1011 848 τοῖσι
1036 804 1306 860 Ἀθηναίοισι
1335 811 1670 862 προποιηθεῖσαι

408 873 628 929 ὑπῆρχον,
671 872 817 925 ἑτέρας
854 890 897 916 τε
926 873 1014 915 ἔδεε
1043 875 1492 930 προσναυπηγέεσθαι.
1550 873 1667 925 ἔδοξέ
1681 881 1725 913 50

380 949 455 983 5τε
481 951 573 995 σφι,
603 940 707 995 μετὰ
737 940 786 984 τὸ
817 940 1079 996 χρηστήριον
1107 943 1491 997 βουλευομένοισι,
1529 941 1670 986 ἐπιόν-

407 1024 459 1050 τα
503 1008 571 1051 {nt
621 1008 702 1063 τήν
734 1006 927 1051 Ἑλλάδα
956 1007 1034 1050 τὸν
1072 1006 1300 1063 βάρβαρον
1337 1009 1538 1052 δέκεσθαι
1570 1013 1668 1065 τῇσι

407 1075 536 1130 νηυσὶ
565 1077 803 1132 πανδημεὶ,
840 1080 900 1134 τῷ
921 1079 1009 1130 θεῷ
1040 1075 1354 1131 πειθομένους,
1395 1075 1484 1132 ἅμα
1509 1076 1668 1133 τΕλλήω

407 1159 498 1185 νων
525 1147 639 1186 τοῖσι
668 1143 990 1198 βουλομένοισι.
1019 1142 1072 1185 τὰ
1089 1143 1168 1199 μὲν
1193 1143 1244 1200 δὴ
1263 1145 1503 1201 χρηστήρια
1530 1148 1668 1188 ταῦτα
1681 1151 1724 1186 55

406 1215 518 1255 τοῖσι
545 1209 813 1266 Ἀθηναίοισι
841 1210 1042 1267 ἐγεγόνεε.

351 1405 491 1444 indicat
519 1405 624 1443 idem
653 1404 826 1447 Boeo-kh.
856 1403 894 1444 h.
917 1406 943 1446 l,
964 1420 1003 1457 p.

407 1515 633 1570 ἀνέγνωσε]
676 1518 703 1555 i.
738 1532 771 1557 e.
809 1520 1005 1569 persuasit.

351 1576 462 1614 Conf.
482 1577 513 1623 Ι,
535 1577 602 1616 68.
662 1576 746 1620 Quo
774 1574 892 1611 modo
913 1575 1008 1611 civi-

350 1633 420 1669 bus
440 1631 514 1668 hoc
539 1632 762 1682 persuaserit
783 1630 1008 1668 Themisto-

350 1689 437 1736 cles,
460 1695 608 1724 enarrat
626 1689 812 1739 Polyaen.
842 1689 872 1735 Ι,
895 1690 947 1728 30
970 1689 1007 1732 ξ.

349 1744 388 1786 5.
447 1743 686 1781 Herodotum
715 1745 755 1780 in
784 1742 855 1780 hac
875 1756 1010 1780 narra—

348 1802 453 1837 tione
481 1802 650 1853 sequltur
681 1799 876 1837 Plutarch.
897 1799 1009 1837 The-

349 1857 511 1895 mistocl.
543 1855 569 1896 4
604 1858 686 1893 init.
718 1856 873 1894 Aristid.
905 1857 1008 1894 Orat.

350 1913 398 1950 de
419 1914 658 1959 Quatuorvir.
687 1927 723 1964 p.
748 1916 825 1954 187
847 1914 951 1950 Iebb.
972 1920 1008 1950 et

349 1969 481 2008 Schol.
498 1969 653 2007 Aristid.
690 1968 758 2018 (ad
778 1984 816 2021 p.
838 1971 920 2010 309
938 1968 1005 2022 A.)

348 2040 436 2077 pag.
457 2029 540 2066 230
559 2040 637 2079 seq.
659 2027 830 2063 Fromm.
850 2027 1008 2064 Dissen-

348 2084 393 2120 tlt
422 2082 598 2119 nonnihil
629 2083 781 2120 Cornel.
809 2084 936 2133 Nepos
968 2084 1008 2119 in

349 2137 538 2176 Themist.
560 2142 586 2179 2
609 2137 690 2190 (ubi
715 2138 792 2176 vid.
813 2152 888 2176 van
920 2140 1010 2176 Sta-

349 2195 518 2245 veren),
559 2197 623 2246 qui
660 2194 764 2232 idem
795 2209 884 2231 cum
911 2197 1007 2232 Plu-

348 2249 479 2286 tarcho
501 2258 537 2287 et
552 2252 745 2302 Polyaeno
766 2255 900 2288 centum
919 2264 1009 2288 mo-

350 2305 399 2343 do
420 2307 661 2356 ponitnaves‚
683 2307 748 2343 ubi
769 2307 936 2343 ducentas
949 2307 1008 2343 af-

348 2362 422 2398 fert
440 2361 667 2398 Herodotus.
689 2384 741 2389 --
761 2364 818 2398 De
837 2364 1004 2412 genitivo

349 2414 498 2457 τούτων
517 2418 586 2466 (sic
608 2416 708 2454 edidi
729 2432 796 2468 pro
818 2417 1003 2470 τουτέων)

351 2476 431 2513 τῶν
452 2471 661 2525 χρημάτων
677 2475 777 2511 conf.
792 2474 926 2512 Matth.
939 2477 1005 2513 Gr.

352 2531 419 2568 Gr.
440 2532 478 2575 ξ.
499 2529 593 2571 364.
613 2532 651 2567 b.
672 2544 708 2581 p.
739 2533 834 2572 678.

407 2583 477 2626 τόν
496 2584 596 2637 πρὸς
619 2583 835 2639 Αἰγινήτας
859 2586 1003 2642 λέγων]

350 2643 378 2680 ἰ.
390 2656 424 2680 e.
441 2642 565 2680 bellum
584 2644 785 2692 intelligens
805 2647 818 2692 (
833 2645 936 2696 quod
953 2659 1004 2683 sc.

351 2699 537 2750 instabat)
572 2712 648 2737 cum
661 2700 855 2749 Aeginetis.
905 2704 1005 2753 Apte

351 2754 536 2793 Valcken.
573 2755 680 2793 affert
699 2758 851 2794 Isocrat.
871 2758 909 2794 in
929 2760 1008 2795 Pa-

353 2810 460 2850 nath.
489 2827 527 2864 p.
556 2815 638 2854 277
663 2814 712 2851 D.
742 2814 854 2866 [cap.
882 2814 936 2856 85
967 2817 1006 2861 §-

1064 1406 1179 1456 215J,
1200 1405 1266 1443 ubi
1293 1406 1463 1444 similiter
1481 1409 1643 1446 verbum
1661 1407 1725 1449 λε’-

1063 1479 1146 1514 ywv
1168 1470 1380 1514 usurpatur.
1401 1465 1458 1501 Ac
1480 1465 1622 1503 (licendi
1636 1479 1725 1503 ver-

1064 1521 1158 1556 bum
1178 1520 1228 1556 ita
1249 1518 1402 1558 adhibet
1413 1522 1545 1559 Cicero
1559 1523 1618 1558 De
1630 1522 1725 1561 finn.

1063 1577 1108 1623 V,
1131 1579 1235 1617 3.-
1253 1579 1312 1613 De
1332 1578 1413 1628 ipso
1434 1578 1534 1615 bello
1554 1580 1724 1630 Aegine-

1063 1634 1137 1670 tico
1157 1631 1235 1669 vid.
1259 1633 1401 1670 Herod.
1423 1635 1468 1682 V,
1485 1637 1539 1675 82
1558 1649 1637 1688 seq.
1658 1637 1722 1684 VI,

1065 1691 1118 1729 87
1139 1702 1246 1740 seqq.
1267 1691 1354 1727 coll.
1375 1690 1568 1730 Plutarch.
1590 1693 1616 1728 l.
1638 1693 1666 1729 l.

1123 1739 1240 1791 οὗτος
1258 1743 1333 1798 γοῖρ
1354 1744 1378 1786 o‘
1396 1743 1564 1798 πόλεμος
1577 1744 1723 1796 συστὰς

1065 1817 1102 1840 κ.
1121 1817 1155 1840 τ.
1177 1803 1231 1851 λ.]
1260 1802 1324 1840 Ad
1343 1804 1577 1841 locutionem
1598 1803 1638 1855 (ό
1647 1800 1724 1844 πό-

1065 1861 1181 1909 λεμος
1201 1856 1374 1909 συστοῖς)
1397 1860 1447 1900 cf.
1466 1860 1722 1911 Herod.V111,

1069 1916 1162 1955 142.
1181 1915 1340 1954 D10dor.
1361 1917 1440 1954 Sic.
1459 1919 1489 1966 Ι,
1509 1916 1550 1958 4.
1567 1917 1719 1967 XV,·61

1063 1972 1151 2008 coll.
1177 1972 1320 2010 Herod.
1347 1974 1429 2022 VII,
1463 1973 1543 2015 152
1562 1974 1627 2013 sm.
1647 1976 1723 2011 Le-

1063 2028 1138 2066 xic.
1149 2029 1287 2081 Polyb.
1305 2043 1344 2080 p.
1365 2029 1461 2071 597.
1499 2031 1596 2067 Vere
1625 2029 1721 2067 haec

1065 2083 1164 2122 tradi
1219 2087 1393 2123 observat
1446 2085 1721 2126 Wachsmuth.

1066 2142 1216 2178 Hellen.
1235 2140 1514 2178 Altertlmmsk.
1536 2143 1564 2189 Ι,
1585 2145 1612 2182 2
1631 2156 1721 2194 pag.

1067 2199 1120 2237 26
1141 2210 1230 2247 seq„
1253 2199 1360 2248 plura
1380 2196 1522 2235 addens
1534 2198 1581 2236 de
1596 2198 1721 2236 Athe-

1062 2253 1275 2300 niensibus,
1308 2255 1372 2305 qui
1399 2266 1489 2290 sane
1518 2257 1662 2293 mirum
1679 2257 1721 2293 in

1062 2308 1224 2345 modum
1250 2308 1339 2347 hinc
1359 2311 1565 2361 creverint,
1600 2325 1721 2365 quum

1063 2365 1174 2402 rebus
1213 2368 1470 2416 praesentibus
1501 2370 1644 2420 optime
1670 2368 1720 2408 ad

1062 2434 1130 2457 sua
1151 2423 1354 2460 commoda
1375 2425 1430 2460 uti
1448 2427 1720 2476 potuerint.—

1063 2477 1232 2515 Verbum
1259 2476 1515 2531 ἐχρήσθησαν
1553 2484 1601 2520 ob
1629 2496 1719 2534 pas-

1063 2535 1133 2571 sivi
1160 2549 1274 2573 usum
1294 2538 1383 2574 citat
1410 2537 1545 2579 Matth.
1567 2541 1635 2577 Gr.
1650 2542 1718 2579 Gr.

1060 2592 1097 2635 ξ.
1126 2589 1208 2633 490
1230 2606 1265 2643 p.
1286 2595 1368 2635 922
1392 2600 1429 2630 et
1448 2596 1485 2640 §.
1509 2594 1603 2644 495,
1624 2609 1657 2635 a.
1677 2611 1717 2648 p.

1061 2649 1156 2687 929.
1214 2647 1317 2690 Add.
1358 2650 1501 2690 Herod.
1537 2653 1617 2700 IX,
1648 2653 1715 2694 94.

1060 2702 1170 2740 Idem
1184 2704 1366 2743 Matthiae
1387 2708 1425 2752 §.
1446 2707 1527 2748 559
1546 2722 1585 2759 p·
1609 2708 1715 2750 1104

1062 2761 1205 2798 confer.
1233 2761 1282 2799 ad
1315 2764 1429 2800 verba
1449 2768 1717 2816 προποιηθεῖ-

1062 2827 1128 2857 σαι
1152 2815 1358 2872 ὕπῆρχον,
1397 2818 1484 2858 add.
1521 2819 1665 2860 Herod.
1683 2822 1715 2871 1,
