1897 3340
33 525 36 572 f

33 598 36 669 ἰ

32 705 35 770 i

523 193 1154 236 POLYMNIA.V11.
1382 196 1465 235 485

205 326 287 353 νου
328 309 374 353 δὲ
409 308 604 364 χρήματα
642 304 846 353 Πυθίου,
892 302 1030 355 εἴρετο
1067 299 1229 355 Ξέρξης
1260 300 1466 354 Περσέων

202 378 302 428 τοὺς
339 375 603 431 παρεόντας,
641 373 703 422 τίς
741 386 786 414 τε
817 369 902 413 ἐῶν
931 368 1110 422 ανδρων
1141 366 1338 419 Πύθιος,
1393 369 1467 411 καὶ

205 444 518 500 κόσαχρήματα
538 439 805 495 κεκτημένος,
837 437 1303 493 ἐπαγγέλλοιτοταῦτα.
1337 437 1380 478 οἷ
1410 437 1457 479 δὲ

175 519 196 553 3
209 511 358 556 εἶπαν·

417 505 489 561 ,,Ὼ
509 511 701 565 βασιλεῦ,
735 506 865 557 οὐτός
896 506 998 555 ἐστι,
1030 504 1080 556 ὅς
1108 521 1176 547 τοι
1196 503 1275 547 τὸν
1304 502 1467 557 πατέρα
1479 511 1523 544 10

205 583 422 634 ,,Δαρεῖον
451 575 696 631 ἐδωρήσατο
732 592 782 632 τη
814 575 1085 629 πλατανίστῳ
1113 576 1165 630 τῆ
1185 573 1361 630 χρυσέη,
1391 573 1465 616 καὶ

203 651 283 703 ,,τῆ
323 645 524 701 αμπὲλῳ·

574 642 623 694 ὃς
651 644 724 686 καὶ
764 646 848 686 νῦν
886 643 973 685 ἐστι
1003 646 1175 696 πρῶτος
1207 638 1462 694 ἀνθρώπων
1519 641 1600 685 524-

82 721 148 766 28
203 711 416 768 ,,πλου’τῳ,
446 715 534 755 τῶν
554 710 672 768 ἡμεῖς
692 713 828 766 ἴδμεν,
859 727 965 766 μετα
995 711 1055 754 σέ.
1063 717 1086 735 “
1150 708 1396 764 Θωυμάσας
1417 708 1464 751 δὲ
1522 717 1630 745 Xerxi
1650 726 1716 745 cum
1736 727 1771 746 oo

199 785 286 825 τῶν
325 780 463 823 ἐπέων
500 779 549 824 τὸ
592 784 840 823 τελευταῖον

197 851 332 902 εἴρετο
369 848 544 892 Πύθιον
575 847 714 892 ὁκόσα
753 849 796 891 οῖ
824 848 888 902 εἴη
924 847 1132 902 χρήματα.

888 780 1074 834 Ξέρξης,
1117 778 1250 829 αὐτὸς
1281 776 1463 831 δεύτερα

1192 845 1215 889 ὁ
1247 846 1292 889 δὲ
1324 843 1490 888 εἶπε·15

195 913 271 968 „³521
301 919 492 973 βασιλεῦ,
525 914 625 959 οὕτε
655 927 702 959 σε
733 914 998 970 ἀποκρύψω,
1030 915 1131 959 οὔτε
1161 912 1382 970 σκήψομαι
1411 912 1461 956 τό

195 985 277 1041 ,,μὴ
323 985 486 1028 εἰδέναι
528 983 609 1040 τὴν
648 984 870 1039 ἐμεωυτοῦ
901 982 1079 1039 οὐσίην,
1120 981 1207 1026 ἀλλ’
1242 979 1462 1036 ἐπιστάμε-

165 1053 300 1107 2,,νός
341 1069 410 1096 τοι
439 1051 651 1107 ἀτρεκέως
691 1052 920 1103 καταλέξω.

979 1051 1070 1095 ἐπεί
1099 1067 1142 1094 τε
1172 1050 1255 1106 γὰρ
1285 1049 1462 1105 τάχιστά

194 1132 267 1173 ,,σε
299 1119 529 1177 ἐπυθόμην
557 1121 625 1163 ἐπὶ
654 1119 885 1164 θάλασσαν
914 1121 1240 1175 καταβαίνοντα
1268 1117 1458 1174 τὴνἙλ-

195 1190 394 1245 ,,ληνίδα,
447 1188 716 1246 βουλόμενός
759 1205 828 1232 τοι
869 1190 1025 1232 δοῦναι
1069 1187 1111 1238 ἐς
1152 1186 1230 1230 τὸν
1269 1187 1460 1241 πόλεμον

194 1255 439 1312 ,,χρήματα,
481 1258 707 1312 ἐξέμαθον,
737 1257 809 1300 καὶ
840 1251 972 1310 εὗρον
1010 1254 1299 1312 λογιζόμενος,
1329 1253 1516 1310 dopo-20

194 1326 320 1379 ,,ρίου
368 1325 448 1380 μὲν
502 1326 583 1369 δύο
636 1324 830 1381 χιλιάδας
883 1323 1042 1375 ἐθίσας
1095 1340 1170 1379 μοι
1221 1322 1460 1372 ταλάντων,

193 1394 405 1448 ,,χρυσίου
425 1392 472 1437 δὲ
500 1394 781 1448 τετρακοσίας
810 1391 1027 1449 μυριάδας
1048 1390 1275 1447 στατήρων
1304 1397 1459 1447 Δαρει-

190 1557 243 1610 τῇ
281 1554 529 1608 πλατανίστῳ
567 1557 618 1609 τῇ
650 1553 793 1609 χρυσέῃ

135 1611 201 1651 καὶ
221 1614 271 1665 τῇ
291 1609 480 1665 α’μπέλω]
514 1613 634 1648 Huius
654 1625 795 1648 mune-

135 1671 182 1706 ris
202 1669 385 1720 plerique,
408 1681 503 1721 quos
523 1668 670 1705 modo
660 1682 700 1705 ln
713 1670 795 1720 Py-

134 1724 203 1762 thii
223 1727 378 1761 nomine
411 1726 630 1772 citavimus,
681 1739 796 1762 men-

136 1784 281 1819 tionem
307 1783 472 1829 faciunt‚
516 1783 619 1818 allati
639 1794 661 1817 a
690 1784 795 1818 Bris-

135 1852 217 1876 son.
248 1840 306 1874 De
339 1851 418 1887 reg.
440 1840 561 1874 Perss.
582 1839 743 1888 princip,
764 1840 793 1886 I,

135 1899 188 1935 77
210 1896 296 1931 coll.
318 1894 503 1931 Hal-duin.
532 1893 579 1930 ad
600 1895 698 1932 Plin.
719 1896 745 1931 l.
767 1896 793 1931 l.

136 1959 172 1988 et
203 1953 434 2001 Wesseling.
467 1950 514 1988 ad
535 1950 690 1990 Diodor.
717 1952 794 1988 Sic.

135 2009 242 2056 XIX,
280 2010 347 2049 48.
406 2009 548 2053 Quibus
578 2007 677 2044 addo
705 2008 796 2044 Ari-

134 2064 219 2102 stid.
248 2066 288 2101 in
315 2063 478 2102 Panath.
516 2077 605 2115 pag.
641 2066 722 2105 223
754 2065 796 2102 C.

137 2129 172 2158 et
200 2123 230 2159 Ι.
262 2121 308 2158 de
342 2123 538 2158 Hammer.
569 2123 608 2157 iu
640 2122 793 2160 Annali.

137 2179 270 2215 Vienn.
292 2179 348 2214 IX
381 2191 468 2228 pag.
490 2180 555 2225 63,
586 2178 659 2214 'ubi
685 2182 796 2214 aurea'

136 2235 338 2271 Persarum
358 2248 492 2285 regum
511 2235 672 2284 insignia
681 2234 794 2271 fuisse

136 2297 291 2336 notans,
320 2289 393 2327 hoc
413 2292 554 2328 arboris
575 2303 710 2327 aureae
736 2293 793 2327 ci-

137 2346 296 2381 melium
324 2359 476 2397 quoque
503 2355 791 2395 commemorat,

141 2399 243 2451 quod
278 2401 461 2438 imitando
494 2416 713 2453 expressum
732 2405 793 2440 vel

140 2455 294 2507 posthac
309 2464 499 2493 servatum
510 2459 546 2493 iu
563 2460 702 2508 palatio
724 2474 795 2496 ex-

139 2514 251 2549 tremi
266 2511 446 2563 Calipliae
468 2526 488 2549 e
508 2521 620 2562 gente
640 2516 794 2552 Abassi—

140 2569 275 2606 darum
298 2570 458 2618 (nomen
485 2570 518 2604 ei
538 2570 608 2606 fuit
628 2572 795 2608 Moteas-

139 2639 217 2662 sem
231 2626 262 2671 ),
293 2624 426 2662 additis
446 2625 566 2661 aureis
596 2627 726 2663 avibus
751 2640 794 2663 ac

140 2683 322 2732 frugibus,
345 2680 627 2733 exsplenduisse
648 2681 796 2720 dicitur.

327 2738 420 2802 cap
441 2738 620 2774 xxvm

850 1555 908 1592 ius
927 1556 1012 1594 loco
1033 1555 1151 1594 Gaisf.
1182 1554 1407 1592 exhibuerat
1426 1549 1515 1593 θαί-

852 1625 993 1664 μασας.
1013 1635 1070 1640 —
1120 1615 1165 1649 In
1204 1626 1310 1665 seqq.
1352 1604 1516 1664 δεύτερα

851 1670 952 1706 valet
980 1674 1075 1716 tum,
1109 1669 1251 1716 deinde,
1280 1676 1321 1705 ut
1341 1669 1421 1715 Vll,
1448 1671 1514 1709 18.

851 1727 927 1762 Pro
973 1722 1093 1772 αὐτός
1149 1723 1514 1776 Schweighaeusero

851 1783 972 1832 magis
992 1783 1158 1833 placeret
1178 1778 1314 1821 αὐτόν.

909 1836 998 1878 οὕτε
1012 1850 1054 1877 σε
1067 1835 1307 1890 αποκρύψω,
1313 1833 1403 1876 ου’τε
1415 1832 1515 1888 σκή-

851 1903 983 1945 ψομαι
1004 1909 1046 1933 το
1079 1911 1133 1945 μη
1162 1893 1308 1933 εἰδέναι
1334 1908 1409 1945 την
1430 1892 1514 1944 ἐμε-

854 1954 984 1990 ωυτοῦ
1005 1947 1177 2001 ου’σίην]
1209 1952 1234 1988 i.
1256 1964 1288 1988 e.
1310 1963 1378 1987 non
1398 1953 1431 1986 te
1456 1962 1515 1986 ce-

853 2007 933 2045 labo
960 2007 1172 2058 (facultates
1191 2008 1270 2044 scil.
1291 2006 1422 2055 meas)
1445 2019 1511 2043 ne-

855 2077 918 2114 que
936 2066 1157 2102 excusatione
1175 2069 1282 2111 utar,
1311 2065 1441 2100 nescire
1462 2075 1512 2099 me

852 2134 947 2158 meas
959 2120 1169 2171 facultates.
1229 2121 1304 2157 Ubi
1325 2120 1511 2156 accusati-

851 2191 919 2215 vus
949 2174 1091 2228 ου’σίην
1114 2176 1161 2214 ad
1179 2176 1511 2227 εἰδέναιρεηὶιιεῖ,

851 2247 967 2285 quem
987 2233 1121 2271 Matth.
1142 2235 1207 2273 Gr.
1230 2235 1295 2271 Gr.
1317 2235 1354 2278 ξ.
1371 2231 1448 2272 421
1472 2246 1511 2282 p.

849 2294 926 2331 771
951 2290 999 2328 ad
1020 2287 1250 2342 ἀποκρύψω
1271 2290 1411 2327 retuJit.
1435 2290 1511 2325 Pro

847 2346 1052 2398 ἐμεωυτοῦ
1085 2361 1184 2384 unus
1222 2347 1318 2384 liber
1345 2345 1511 2394 ἑωυτοῦ,

847 2411 891 2440 ut
909 2405 975 2453 ΙΙΙ,
997 2404 1064 2445 52.
1083 2405 1147 2451 lv,
1169 2405 1236 2445 57.
1258 2427 1309 2432 —-
1342 2405 1386 2439 In
1406 2414 1512 2453 seqq.

849 2459 898 2497 ad
916 2473 1030 2499 usum
1050 2462 1155 2497 verbi
1173 2459 1428 2511 καταβαίνειν
1460 2458 1510 2496 cf.

847 2523 944 2554 nott.
984 2516 1032 2553 ad
1060 2517 1105 2564 V,
1141 2520 1220 2565 223
1266 2523 1302 2553 et
1322 2515 1370 2553 ad
1398 2527 1511 2552 voces

850 2568 1045 2624 ἄργυρίου
1084 2571 1156 2625 μὲν
1195 2569 1270 2613 δύο
1304 2573 1439 2609 Tzetz.
1462 2569 1510 2606 ad

850 2627 1094 2679 Lycophron.
1129 2643 1185 2670 vs.
1216 2628 1337 2670 1432.
1368 2628 1452 2665 vol.
1473 2627 1510 2662 II

852 2697 890 2734 p-
913 2687 1019 2726 1037
1034 2686 1142 2725 Miill.

908 2741 1071 2791 χρυσίου
1094 2739 1136 2780 δὲ
1161 2737 1412 2791 τετρακοσίας
1439 2750 1510 2786 μυ-

198 2790 436 2845 θωυμάσας]
449 2794 607 2832 Restitui
621 2792 708 2842 hoc,
729 2807 799 2831 cu·
855 2792 995 2847 ριαδας
1039 2793 1242 2848 στατήρων
1289 2795 1508 2844 Δαρεικῶν,

1521 752 1714 788 colloquium.
