1897 3340
413 166 497 206 716

832 166 1289 204 HERODOTI

437 278 519 317 σθε
556 272 730 326 ἐόντας,
761 273 894 316 ἐοῦσα
931 273 1135 330 ἁμαξιτὸς
1160 273 1325 330 μούνη·
1365 274 1440 318 καὶ
1470 274 1738 330 ἔμπροσθε25

436 340 543 385 κατὰ
558 342 740 384 Φοίνικα
760 340 971 396 ποταμὸν,
1001 339 1135 397 ἀγχοῦ
1153 340 1358 396 Ἀνθηλῆς
1375 341 1542 396 πόλιος,
1571 341 1685 398 ἆμα-

412 407 560 461 cignos
598 407 704 464 ἄλλη
742 406 897 463 μούνη.
950 413 1038 452 τῶν
1079 409 1125 453 δὲ
1165 409 1480 464 Θερμοπυλέων
1517 409 1567 454 τὸ
1603 410 1684 466 μὲν

381 631 457 667 σθε
487 627 706 665 Thessaliam
729 637 846 663 versus
873 626 1029 677 accipio,

378 681 524 724 ὄπισθε
542 683 718 720 Boeotiam
736 696 877 720 versus.
915 682 1030 720 Ther-

377 740 534 789 mopylas
564 739 610 775 ab
633 737 745 776 liuius
774 740 937 789 regionis
967 740 1030 775 in-

377 797 467 832 colis
499 795 614 831 etiam
641 790 781 841 Πύλας
810 796 1030 846 simpliciter

377 851 505 890 vocari
512 851 672 901 legimus
682 852 762 898 vll,
776 854 852 892 201
879 859 915 888 et
926 850 1028 901 apud

377 907 557 945 Strabou.
587 909 643 944 IX
664 922 701 957 p.
723 907 804 948 428
831 921 859 945 s.
883 908 961 948 655
983 909 1028 944 Β-

377 964 464 1003 coll.
484 964 567 1002 Liv.
589 963 769 1011 XXXVI,
794 963 867 1002 15:
910 962 1028 1011 „Ideo

378 1018 494 1070 Pylae
514 1026 550 1056 et
579 1020 625 1056 ab
647 1020 746 1066 aliis,
776 1020 864 1070 quia
885 1019 1029 1056 calidae

376 1087 500 1126 aquae
533 1077 572 1111 in
610 1077 698 1126 ipsis
729 1076 899 1112 faucibus
928 1083 1027 1125 sunt,

379 1130 631 1182 Thermopylae
662 1133 767 1169 locus
800 1132 1024 1182 appellatur.

324 1202 326 1206 ³
375 1186 477 1224 Add.
505 1189 652 1226 Aelian.
684 1188 731 1225 V.
752 1189 800 1224 H.
829 1190 894 1236 111,
914 1188 967 1228 25
990 1195 1026 1225 et

375 1245 442 1295 qui
461 1244 570 1294 plura
586 1245 737 1295 collegit
747 1243 965 1283 Tzscliuck.
976 1244 1025 1281 ad

372 1300 530 1348 Me1.11‚
552 1303 576 1341 3
599 1302 636 1346 ξ.
665 1274 705 1341 6ὶ3
710 1313 798 1351 pag.
827 1303 909 1341 267
929 1308 1024 1338 nott.

373 1369 511 1406 exegg.
531 1357 692 1394 Exstant
721 1364 849 1393 autem
879 1358 1023 1407 prima—

372 1413 418 1449 rii
432 1420 606 1450 veterum
625 1414 698 1450 loci
715 1412 762 1449 de
773 1411 1023 1464 Thermopy-

371 1469 416 1506 lis
438 1482 526 1505 cum
555 1469 748 1506 Herodoto
778 1469 1024 1520 comparandi

372 1524 474 1575 apud
494 1526 646 1562 Livium
665 1526 844 1573 XXXVI,
869 1525 918 1566 15
934 1527 1022 1565 coll.

375 1583 440 1622 18.
462 1582 639 1618 Strabon.
660 1584 686 1618 l.
707 1583 730 1619 l.
760 1582 1021 1633 Appian.Syr.

374 1639 440 1677 17.
496 1639 599 1674 Inter
623 1640 846 1675 recentiores
875 1645 1022 1688 praeter

368 1692 557 1732 Mannert.
579 1694 647 1730 VH
666 1708 704 1745 p.
725 1697 805 1734 622
827 1694 1018 1746 seqq.vid.

368 1750 608 1799 potissimum
637 1753 756 1788 Kruse
776 1751 902 1787 Hellas
922 1752 970 1798 Π,
991 1753 1018 1791 2

368 1818 458 1855 pag.
491 1806 567 1846 124
597 1819 702 1858 seqq.
735 1805 1021 1844 Vaudoncourt.

367 1861 393 1898 l.
415 1863 440 1898 1.
465 1874 546 1912 cap.
569 1865 593 1902 6
614 1876 653 1913 p.
675 1865 756 1903 279
777 1875 883 1914 seqq.
916 1862 1021 1900 Dod-

367 1918 466 1954 well.
487 1919 512 1954 1.
534 1919 557 1954 l.
579 1932 616 1968 p.
643 1920 719 1959 138
747 1932 828 1970 seq.
885 1920 1022 1956 Tabu-

368 1974 447 2010 lam
467 1975 580 2010 totius
593 1976 768 2025 regionis,
789 1976 909 2026 qualis
930 1977 1021 2012 olim

368 2029 482 2066 fuisse
503 2031 642 2078 fertur,
677 2033 753 2067 aeri
774 2032 929 2068 incisam
950 2046 1021 2068 ex-

368 2083 490 2122 hibuit
526 2087 645 2135 (alios
665 2094 706 2124 ut
727 2089 890 2135 taceam)
922 2089 1020 2130 Gail,

370 2142 409 2176 in
439 2143 543 2179 Atlas
585 2142 649 2180 des
671 2151 787 2180 cartes
809 2145 978 2181 relatives
997 2143 1018 2180 a

368 2197 405 2233 la
430 2197 668 2248 Geographie
701 2198 931 2236 d’Herodote
960 2213 1018 2237 nr.

369 2254 436 2291 20.
491 2254 541 2290 Et
557 2253 642 2290 vide
660 2255 707 2290 sis
733 2267 885 2305 quoque
906 2256 1018 2291 tabu-

369 2307 447 2344 lam
467 2308 637 2359 Kriegkii
664 2310 791 2346 libello
813 2322 1016 2350 annexam.

424 2421 505 2458 τῶν
525 2417 567 2458 δὲ
590 2415 874 2471 Θερμοπύλὲων
894 2417 934 2459 τό
944 2419 1015 2470 μὲν

370 2472 465 2526 πρὸς
485 2474 649 2525 ἑσπέρης
664 2504 674 2522 ‚
703 2473 795 2524 ὄρος
815 2473 965 2526 ἄβατόν
977 2491 1016 2515 τε

368 2530 434 2570 καὶ
455 2527 901 2583 ἅπόκρημνοι’,ὖψηλόν,
923 2529 1017 2571 α’να-

368 2591 499 2626 τεῖνον
525 2587 565 2634 ἐς
583 2585 655 2638 τήν
681 2587 830 2638 Οἴτην]
871 2588 933 2625 Ad
955 2588 1014 2625 di-

369 2643 478 2680 cendi
499 2642 658 2681 modum
669 2645 898 2694 VVesseling.
920 2658 1014 2681 con-

367 2699 439 2736 fert
460 2699 599 2739 Herod.
614 2700 694 2747 Vll,
717 2703 795 2741 198
827 2701 918 2747 (ubi
940 2699 1012 2739 οὕ-

365 2769 436 2805 ρεα
460 2753 600 2807 ὑψηλοὶ
625 2755 692 2796 καὶ
711 2754 857 2808 ἄβατα)
890 2763 926 2794 et
945 2759 1009 2806 ΠΙ,

1089 629 1167 668 111
1203 629 1288 676 (ubi
1315 629 1496 678 legimus:
1557 624 1738 695 ἀποκρή-

1086 696 1220 733 μνοισι
1237 682 1381 737 οὔρεσι,
1403 684 1504 724 ἔνθα
1515 680 1737 737 πρόσβασιν

1087 734 1292 794 ἀνθρώπῳ
1333 737 1532 805 οὐδεμίαν
1589 738 1691 780 εἶναι
1705 743 1735 791 ),

1083 795 1255 845 itemque
1295 796 1408 833 etiam
1446 795 1662 847 Sophoclea
1695 799 1736 835 in

1085 849 1270 888 Trachin.
1293 850 1373 891 634
1394 851 1496 901 (602
1515 852 1627 890 Both.
1631 853 1670 902 ):
1703 856 1735 893 ὠ

1085 905 1260 956 ναύλοχα
1292 905 1361 945 καὶ
1397 912 1561 958 πετραῖοι
1604 907 1736 961 θερμα

1084 960 1230 1014 λουτρα
1261 961 1329 1001 καὶ
1353 959 1510 1014 ποῖγους
1530 964 1735 1012 Οἴταςπα-

1084 1015 1391 1069 ραναιετάοντες,
1401 1019 1625 1070 quibuscum
1641 1035 1735 1058 con-

1084 1074 1245 1112 tendunt
1273 1076 1430 1115 Homer.
1461 1074 1533 1113 Od.
1563 1077 1608 1124 V,
1638 1075 1734 1118 405.

1082 1133 1177 1170 411.
1233 1132 1291 1168 Ac
1317 1137 1474 1168 testatur
1502 1131 1687 1171 Dodwell.
1708 1133 1733 1170 l.

1080 1187 1105 1224 l.
1131 1200 1170 1237 p.
1195 1185 1274 1228 142
1294 1188 1421 1224 statim
1440 1200 1462 1224 a
1481 1188 1645 1226 fontibus
1666 1201 1734 1226 ca·
1781 1232 1786 1241 ἡ

1079 1242 1164 1280 lidis
1211 1244 1326 1280 Oetae
1363 1245 1502 1281 montis
1532 1258 1645 1296 rupes
1687 1257 1733 1282 ac

1079 1311 1170 1336 saxa
1198 1300 1237 1335 in
1267 1300 1386 1336 altum
1415 1302 1582 1337 maxime
1609 1308 1733 1339 erecta

1081 1362 1118 1392 et
1137 1357 1306 1392 maxime
1318 1358 1537 1407 praecipitia
1552 1359 1730 1409 conspici.

1079 1411 1319 1449 Herodotum
1336 1414 1451 1462 igitur
1469 1414 1500 1450 si
1512 1426 1729 1465 sequamur,

1080 1469 1128 1505 ab
1158 1468 1353 1505 occidente
1380 1468 1730 1522 Thermopylarum

1079 1532 1288 1575 exsurgunt
1338 1532 1487 1562 montes
1536 1527 1727 1574 inaccessi,

1077 1582 1311 1631 praecipites,
1328 1582 1403 1629 alti,
1424 1580 1470 1618 ad
1493 1582 1626 1619 Oetam
1635 1595 1728 1633 por-

1077 1638 1190 1685 recti3
1238 1638 1279 1673 in
1318 1650 1393 1688 quo
1433 1640 1609 1676 convenit
1639 1651 1728 1675 cum

1078 1693 1265 1731 Strabone
1295 1706 1338 1730 ac
1367 1694 1474 1730 Livio
1494 1695 1517 1731 l.
1538 1695 1563 1731 l.
1606 1696 1728 1731 Nam-

1078 1762 1152 1801 que
1172 1751 1351 1787 continua
1368 1750 1445 1786 sere
1467 1757 1520 1787 est
1537 1752 1728 1787 montium

1077 1807 1201 1854 series,
1223 1819 1320 1857 quae
1340 1808 1536 1843 aLeucate
1565 1808 1728 1859 sinuque

1077 1863 1282 1899 Ambracio
1295 1864 1479 1899 orientem
1493 1876 1622 1901 versus
1637 1876 1729 1914 por-
1751 1880 1753 1883 ·

1078 1926 1179 1956 recta
1201 1918 1247 1955 ad
1269 1919 1467 1969 Aegaeum
1487 1932 1606 1971 usque
1621 1932 1726 1956 mare

1077 1989 1196 2026 prope
1217 1973 1494 2026 Thermopylas
1519 1976 1559 2012 in
1578 1975 1727 2025 praeci-

1076 2033 1172 2082 pites
1201 2033 1371 2068 maxime
1400 2044 1511 2081 rupes
1541 2038 1726 2082 acuteque

1076 2089 1177 2137 iuga,
1200 2088 1335 2139 quibus
1357 2087 1467 2123 Oetae
1485 2099 1639 2134 nomen,
1658 2086 1724 2123 de-

1074 2145 1179 2190 sinit3
1201 2155 1433 2193 quamquam
1462 2142 1584 2179 latiori
1611 2156 1725 2180 sensu

1074 2200 1188 2235 etiam
1219 2197 1265 2234 de
1293 2199 1396 2234 omni
1429 2196 1502 2234 hoc
1533 2199 1724 2236 montium

1073 2260 1193 2291 tractu
1243 2253 1368 2291 Oetam
1418 2253 1491 2290 dici
1551 2256 1725 2293 observat

1073 2308 1291 2347 Tzschuck.
1330 2308 1375 2347 ad
1404 2311 1494 2347 Mel.
1522 2312 1569 2357 11,
1591 2313 1614 2351 3
1637 2313 1675 2356 §.
1695 2315 1723 2353 2

1071 2373 1168 2402 nott.
1190 2379 1325 2416 exegg.
1348 2380 1385 2416 p.
1412 2369 1489 2407 177
1512 2368 1598 2404 coll.
1609 2369 1722 2404 Man-

1071 2428 1167 2458 nert.
1186 2423 1255 2459 Vll
1277 2436 1312 2472 p.
1337 2423 1416 2462 626
1439 2430 1474 2459 et
1488 2424 1606 2460 Kruse
1627 2424 1721 2460 Hel-

1071 2479 1123 2515 las
1144 2480 1160 2513 I
1182 2492 1218 2528 p.
1245 2477 1337 2518 234.
1379 2477 1567 2515 Dodwell.
1587 2480 1613 2516 l.
1634 2480 1660 2520 1,
1680 2493 1718 2530 p.

1074 2534 1151 2573 144
1163 2547 1257 2585 sqq„
1277 2534 1341 2585 qui
1362 2533 1655 2584 pulcherrimam
1675 2548 1719 2572 ac

1070 2591 1314 2627 laetissimam
1369 2593 1508 2629 montis
1554 2593 1718 2642 speciem

1072 2660 1151 2684 esse
1190 2647 1328 2684 asserit.
1385 2645 1486 2687 Add.
1514 2647 1606 2686 ibid.
1634 2660 1718 2697 cap.

1072 2704 1122 2742 19
1151 2715 1187 2752 p.
1215 2702 1295 2742 214
1324 2715 1404 2754 seq.
1460 2705 1570 2742 Nunc
1607 2703 1718 2741 Oetae

1067 2771 1209 2795 nomen
1231 2757 1470 2798 Katavollaera.
