1897 3340
421 186 506 226 760
820 184 1275 222 HERODOTI

421 292 519 340 ἑειν,
538 290 828 346 μετεπέμψατο
858 291 1122 349 Δημάρητον
1160 291 1238 336 τόν
1263 291 1513 347 Ἀρίστωνος
1543 292 1671 337 ἐόντα

392 358 471 403 Ξέν
506 360 566 414 τῷ
605 359 888 415 στρατοπέδῳ.
921 358 1187 415 ἀπικόμενον
1216 358 1261 402 δέ
1280 375 1355 415 μιν
1385 357 1540 415 εἰρώτα
1568 359 1671 416 Ξέρ-

418 428 492 482 ξης
529 424 684 470 ἕκαστα
713 425 893 478 τούτων,
928 426 1090 471 ἐθέλων
1109 426 1287 482 μαθὲειν
1325 426 1373 469 τὸ
1411 424 1669 482 ποιεύμενον

391 491 537 547 3πρὸς
565 496 653 536 τῶν
681 495 1052 547 Λακεδαιμονίων.
1103 494 1157 538 Ὃ
1195 493 1239 538 δὲ
1267 491 1376 536 εἶπε·
1425 492 1723 546 ,,’Ήκουσας85

419 560 524 615 ,,μέν
552 576 632 617 μευ
660 560 733 603 καὶ
761 560 997 614 πρότερον,
1027 556 1121 604 εὖτε
1159 560 1359 616 ὁρμῶμεν
1389 560 1456 604 ἐπὶ
1485 561 1561 616 τὴν
1583 560 1670 605 Ἑλ-

415 626 576 679 „nomm
607 625 703 679 περὶ
732 629 819 669 τῶν
849 624 1025 681 ἀνδρῶν
1053 627 1242 670 τούτων·
1280 627 1468 678 ἀκούσας
1495 627 1564 678 δὲ,
1592 628 1667 683 γέ-

417 691 558 746 ,,λωτοὲ
597 708 648 748 με
677 693 803 744 ἔθευ,
841 695 1022 748 λέγοντα
1050 694 1104 736 τά
1132 709 1212 748 περ
1244 693 1371 748 ὥρων
1402 696 1670 750 ἐκβησόμενα
1714 712 1717 714 ·

390 758 681 815 4,,πρήγματα
710 763 858 803 ταῦτα.
915 759 1010 814 ἐμοὶ
1036 759 1120 815 γὰρ
1150 760 1229 815 τήν
1259 760 1474 822 ἀληθιηίήν
1504 761 1726 806 ἅσκέεινθο

420 825 573 878 ,,ἆντία
603 830 692 880 σεῦ,
722 821 756 869 ὦ
786 829 975 883 βασιλεῦ,
1008 824 1126 882 ἄγων
1153 827 1350 883 μέγιστός
1387 828 1486 872 ἐστι.
1545 829 1671 905 c’z‘xgv-

417 905 526 945 „60v
567 893 612 937 δὲ
650 894 723 937 καὶ
766 897 860 938 νῦν.
926 895 978 937 Οἱ
1018 893 1173 948 ἄνδρες
1213 889 1336 938 οὗτοι
1365 892 1564 940 ἀπίκαται
1592 915 1671 953 μα-

417 958 674 1016 ,,χησόμενοι
702 958 805 1015 ἡμῖν
832 961 932 1015 περὶ
959 965 1035 1017 τῆς
1063 962 1240 1016 ἐσόδου,
1270 962 1343 1006 καὶ
1371 965 1506 1006 ταῦτα
1533 979 1670 1019 παρα-

389 1027 739 1081 5,,σκευα’ζονται.
809 1026 948 1083 νόμος
996 1028 1077 1084 γάρ
1125 1040 1206 1084 σφι
1242 1029 1356 1073 οὕτω
1400 1030 1509 1086 ἔχων
1566 1031 1670 1076 ἐστί.

417 1093 574 1146 ,ἐπεὰν
613 1094 798 1151 μέλλωσι
837 1095 1110 1142 κινδυνεύειν
1141 1100 1193 1152 τῇ
1217 1101 1349 1155 ψυχῇ,
1377 1096 1473 1142 τότε
1501 1097 1577 1150 τοὶς
1605 1105 1727 1143 ace-95

361 1307 494 1353 terque
507 1301 602 1339 liber
614 1301 656 1342 οἷ
664 1295 876 1353 ἐφαίνοντο
889 1316 900 1354 ;
922 1317 1019 1357 quae

361 1358 391 1394 si
412 1370 638 1409 componas,
660 1362 841 1409 exoritur,
862 1369 1019 1399 notante

361 1412 724 1465 Schweighaeuser„
736 1415 828 1454 haec
840 1418 917 1455 fere
926 1419 1019 1456 scri-

361 1477 491 1520 ptura:
525 1466 663 1522 αὕτὸς,
712 1475 845 1525 γελοῖα
875 1471 950 1527 γάρ
978 1474 1021 1514 οἱ

360 1524 590 1575 ἐφαίνοντο.
623 1549 678 1557 -
717 1531 907 1568 Particula
941 1527 1016 1583 γαρ

362 1584 516 1619 tertium
536 1582 598 1621 hic
629 1593 789 1636 occupat
807 1587 949 1626 locum.
972 1588 1018 1623 111

361 1650 467 1702 seq'q.
506 1652 575 1690 pro
624 1641 794 1681 τουτέων
832 1643 889 1681 bis
929 1642 1017 1681 dedi

362 1708 529 1734 τουτων.

415 1758 593 1812 ’ἥκοι-σας
611 1760 682 1813 μέν
696 1779 768 1815 μευ
790 1763 857 1804 καὶ
877 1765 1019 1819 πρότε-

362 1819 460 1869 ρον]
483 1817 660 1867 Vid.V11‚
675 1823 749 1860 101
767 1844 816 1849 -—
835 1821 927 1862 104.
956 1820 1018 1859 Ad

362 1886 406 1910 ea
420 1886 517 1925 quae
537 1883 771 1927 sequuntur:
801 1874 949 1929 γέλωτά
972 1892 1018 1929 με

361 1928 457 1968 ἔθευ
479 1930 589 1979 (risui
613 1944 664 1969 me
691 1933 876 1983 habuisti)
916 1934 1018 1972 conf.

360 1986 428 2032 111,
447 1988 500 2026 29
522 1994 558 2024 et
580 2001 677 2040 quae
697 1988 745 2026 ad
767 1988 804 2026 h.
825 1991 849 2028 l.
880 1992 1018 2027 excitat

361 2043 590 2094 Wesseling.
602 2045 681 2081 Iob.
695 2047 814 2092 XVII,
826 2049 863 2087 6.
876 2045 1018 2084 Athen.

361 2098 447 2134 VIII
467 2112 504 2149 p.
519 2099 598 2140 335
621 2101 662 2137 C.
695 2101 758 2139 Cr.
779 2101 883 2138 addit
896 2104 1018 2139 Hein-

362 2151 458 2191 dorf.
489 2154 537 2191 ad
564 2156 714 2195 Platon.
749 2157 909 2195 Theaet.
930 2171 1016 2209 pag.

362 2210 456 2248 362.
511 2212 554 2246 In
588 2215 771 2261 proximis
797 2215 918 2251 verbis
947 2227 1017 2264 pro

362 2259 484 2314 τάπερ
521 2266 649 2305 Reisk.
688 2270 849 2305 coniecit
878 2272 1014 2321 τῇπερ,

363 2319 467 2369 quod
510 2321 647 2358 arridet
685 2325 939 2373 VVesselingio
978 2330 1015 2360 et

363 2373 726 2426 Schweighaeusero
757 2378 935 2430 quodque
976 2380 1015 2416 ἰιι

361 2437 510 2468 textum
531 2434 669 2484 recepit
699 2434 911 2472 Bekkerus.
950 2437 1017 2472 Li-

362 2487 420 2523 bri
455 2489 581 2539 scripti
619 2502 696 2526 non
750 2491 1016 2542 suffragantur.

364 2543 530 2581 Verbum
553 2544 747 2597 ἐκβαίνειν
765 2548 932 2596 accidere,
943 2561 1017 2586 eve-

364 2601 438 2636 nire
465 2607 585 2639 exstat
614 2603 694 2651 Vn,
715 2606 807 2644 221.
831 2605 928 2654 vlu,
949 2607 1015 2646 60.

367 2657 435 2703 IX,
462 2657 523 2698 15.

421 2709 509 2762 ἐμοὶ
541 2710 614 2764 γὰρ
636 2711 709 2765 τήν
742 2710 944 2765 α’ληθηΐην
969 2711 1018 2754 α’-

368 2766 495 2807 σκὲειν
527 2765 642 2809 οἷντία
674 2766 925 2823 σεῦ-ἁγών
952 2770 1020 2822 μέ-

1075 1300 1210 1357 γιστός
1248 1303 1353 1353 ἔστι]
1394 1303 1422 1342 i.
1452 1318 1485 1342 e.
1523 1316 1627 1355 quam
1652 1316 1730 1343 ma-

1073 1364 1166 1399 xime
1197 1363 1286 1398 enim
1313 1361 1401 1399 mila·
1425 1365 1475 1398 est
1499 1363 1727 1412 propositum,

1073 1419 1229 1455 maxima
1250 1417 1338 1454 mihi
1356 1420 1406 1454 est
1425 1420 1594 1455 contentio
1609 1430 1729 1456 verum

1074 1474 1199 1511 dicere.
1257 1474 1340 1519 Quo
1371 1474 1484 1510 etiam
1513 1475 1728 1525 respiciunt,

1073 1543 1171 1582 quae
1199 1530 1377 1580 leguntur
1394 1531 1435 1566 in
1465 1537 1634 1568 extremo
1654 1529 1729 1568 hoo

1073 1587 1218 1637 capite:
1269 1584 1356 1636 ἐμοὶ
1380 1588 1554 1638 χρᾶσθαι
1582 1584 1635 1633 ὥς
1655 1582 1730 1625 οἷν-

1075 1642 1138 1694 δρὶ
1150 1636 1305 1692 ψεύστῃ
1319 1656 1355 1679 κ.
1367 1657 1400 1680 τ.
1411 1644 1444 1680 λ.
1474 1644 1596 1680 Persis
1609 1644 1730 1692 enim,

1075 1697 1179 1750 quod
1198 1698 1357 1734 minime
1377 1696 1439 1734 hic
1458 1697 1556 1749 sugit
1564 1698 1730 1736 Valcke-

1074 1768 1190 1802 naer.,
1212 1753 1409 1805 αἴσχιστον
1435 1751 1479 1793 τό
1500 1751 1730 1804 ψεύδεσθαι

1074 1818 1167 1848 teste
1186 1811 1266 1862 ipso
1296 1808 1489 1847 Herodoto
1508 1812 1538 1859 1,
1563 1814 1655 1853 138.

1131 1872 1417 1928 μαχησόμενοι]
1441 1878 1505 1915 Sic
1525 1879 1638 1929 plane
1649 1876 1726 1916 duo

1074 1933 1186 1971 codd.
1216 1935 1475 1972 Florentinus:
1505 1949 1729 1985 καταμαχη·

1075 1988 1245 2041 σόμενοι.
1302 1990 1426 2040 Vulgo
1456 1988 1725 2041 μαχεσόμενοι.

1075 2049 1174 2083 Hinc
1195 2047 1308 2083 etiam
1324 2046 1420 2082 infra
1433 2059 1481 2082 ex
1493 2045 1627 2083 eodem
1636 2046 1726 2081 Flo-

1073 2105 1222 2140 rentino
1243 2101 1465 2152 duobusque
1481 2103 1559 2138 aliis
1571 2099 1727 2137 exhibui

1074 2156 1354 2209 μαχήσονται,
1402 2158 1467 2193 ubi
1503 2157 1565 2193 alii
1593 2156 1726 2208 μαχέ-

1074 2226 1231 2258 σονται,
1279 2213 1431 2261 vulgata
1466 2211 1727 2262 μαχέσασθαι.

1072 2267 1157 2305 vid.
1182 2274 1275 2304 nott.
1297 2267 1344 2304 ad
1367 2269 1444 2315 Vn,
1470 2271 1560 2308 102.
1588 2290 1644 2296 —
1681 2270 1726 2306 In

1071 2337 1177 2375 seqq.
1216 2320 1290 2374 τὴν
1328 2321 1466 2375 ψυχὴν
1500 2325 1724 2377 interpretor

1071 2383 1190 2428 vitam,
1213 2387 1253 2416 ut
1274 2380 1353 2427 Vll,
1376 2383 1443 2421 39.

1127 2432 1214 2475 τότε
1244 2432 1313 2483 τας
1331 2432 1505 2486 κεφαλοῖς
1525 2434 1724 2487 κοσμέον-

1072 2493 1163 2540 ται]
1207 2493 1264 2528 De
1285 2505 1373 2529 cura
1399 2493 1621 2543 capillorum
1645 2492 1723 2534 vid.

1074 2555 1165 2586 nott.
1187 2547 1234 2585 ad
1259 2547 1338 2596 Vll,
1359 2551 1454 2590 208.
1485 2550 1541 2585 Ac
1562 2550 1722 2599 pertinet

1073 2603 1148 2641 huc
1178 2617 1292 2656 quam
1328 2606 1498 2641 maxime
1530 2604 1723 2642 Plutarchi

1074 2662 1177 2698 locus
1197 2663 1235 2697 iu
1256 2662 1420 2711 Lycurg.
1447 2663 1500 2701 22
1530 2662 1611 2698 init.
1634 2674 1722 2711 pag.

1075 2717 1126 2758 53
1147 2718 1195 2753 D.
1252 2716 1362 2762 Quod
1386 2729 1474 2754 vero
1496 2730 1562 2767 pro
1582 2716 1722 2767 κοσμέ-

1078 2787 1187 2812 ονται
1207 2772 1390 2811 Valcken.
1417 2774 1568 2811 coniicit
1581 2770 1722 2824 σμὲον-
