1897 3340
87 879 154 897 cum
174 871 346 906 lugentibus

86 904 179 943 copiis
195 909 262 939 *per
280 913 364 932 mare

86 938 214 965 lem-uun
246 942 331 966 recta

86 972 116 998 in
148 971 311 999 Graeciam

86 1004 222 1032 tendunt.

414 284 498 324 358

811 285 1270 324 HERODOTl

415 407 503 446 ρως
531 391 753 448 πρήξαντα
779 396 839 450 τῷ
863 393 1019 452 στόλῳ,
1052 392 1268 447 παραλύει
1299 397 1372 449 τῆς
1399 396 1734 449 στρατηγίης-60

414 459 570 511 ἄλλους
581 460 626 503 δὲ
638 460 905 516 στρατηγούς
914 460 1353 514 ἀποδέξας,ἀπέστει»λε
1368 461 1437 504 ἐπί
1446 478 1490 504 τε
1501 460 1678 516 Ἐρέτρι-

416 544 471 571 αν
499 528 572 571 καὶ
595 527 797 584 Ἀθήνας,
830 530 968 572 Δᾶτίν
996 544 1060 582 τε,
1099 527 1227 572 ἐόντα
1256 531 1414 584 Μῆδον
1442 529 1586 584 γένος,
1607 530 1680 573 καὶ

412 593 702 650 Ἀρταφέρνεα
713 594 790 638 τὸν
806 592 1116 651 Ἀρταφέρνεος
1136 598 1282 646 παῖδα,
1299 596 1557 651 ἀδελφιδέον
1577 596 1677 640 ἑωυ-

414 667 495 706 τοῦ
507 677 516 688 ·
539 660 833 717 ἐντειλάμενος
844 663 889 706 δὲ
901 661 1592 718 ἀπέπεμπεςέξανδραποδίσαντας
1619 662 1680 707 'A-

415 730 555 786 θήνας
582 729 657 772 καὶ
682 727 918 783 Ἐρέτριαν,
949 729 1069 784 ἄγειν
1088 729 1237 787 ἑωυτῷ
1265 731 1307 782 ές
1327 731 1431 782 ὄψιν
1451 731 1504 776 τὰ
1523 730 1680 787 ἄνδρά·
1691 739 1734 774 65

289 795 356 845 95
412 800 538 841 ποδα.
592 795 668 848 Ὡς
698 797 744 840 δὲ
789 799 834 840 οἱ
863 797 1095 853 στρατηγοὶ
1126 792 1248 842 οὗτοι
1286 800 1331 856 οἱ
1361 797 1679 856 ἀποδεχθέντες,

421 863 710 919 πορευόμενοι
739 865 857 919 παρὰ
887 865 1107 921 βασιλέος,
1138 864 1346 910 ἀπίκοντο
1375 871 1453 922 τῆς
1483 869 1678 923 Κιλικίης

423 934 464 984 ές
484 933 532 975 τὸ
557 930 730 988 Ἀλήϊον
759 933 933 984 πεδίον,
975 932 1064 986 ἅμα
1095 930 1301 988 ἀγόμενοι
1331 935 1461 987 πεζὸν
1493 934 1705 987 στρατόν

420 998 584 1044 πολλόν
614 1016 657 1043 τε
685 1000 756 1043 καὶ
787 996 836 1043 εὖ
861 1000 1198 1056 ἐσκευασμένον,
1231 1002 1424 1045 ἐνθαῦτα
1453 1013 1682 1055 στρατοπε-
1739 1008 1819 1051 482
1860 1011 1870 1063 j¹

419 1066 696 1122 δευομένοισι
728 1068 884 1125 ἐπῆλθε
913 1067 991 1123 μὲν
1018 1067 1042 1111 ὁ
1081 1067 1287 1120 ναυτικὸς
1323 1073 1407 1120 πᾶς
1436 1068 1618 1123 στρατὸς
1654 1067 1737 1113 670

416 1134 664 1189 ἐπιταχθεὶς
692 1135 934 1180 ἑκάστοισι·
979 1136 1270 1192 παρεγένοντο
1301 1137 1348 1179 δὲ
1377 1138 1452 1180 καὶ
1481 1139 1527 1180 αἱ
1556 1138 1680 1180 ἱππα-

422 1203 556 1258 γωγοὶ
574 1201 687 1255 νέες,
717 1201 794 1254 τοὶς
821 1207 882 1260 τῷ
902 1203 1097 1259 προτέρῳ
1127 1203 1210 1247 ἔτεϊ
1233 1208 1412 1257 προεῖπε
1433 1209 1547 1248 τοῖσι
1577 1204 1681 1248 ἑωυ-

391 1275 506 1314 Ξτοῦ
546 1269 869 1326 δασμοφόροισι
916 1277 1107 1325 Δαρεῖος
1155 1271 1404 1327 ἑτοιμάζειν.

1482 1270 1684 1328 Έσβαλό-

421 1353 547 1392 μενοι
596 1337 643 1381 δὲ
678 1337 785 1389 τούς
824 1339 987 1390 ἵππους
1025 1339 1067 1390 ἐς
1103 1337 1287 1391 ταύτας,
1329 1338 1516 1383 καὶ”τὸν
1551 1339 1737 1392 πεζόν75

422 1405 607 1464 στρατὸν
637 1405 944 1461 ἐσβιβάσαντες
967 1407 1009 1458 ἐς
1038 1407 1114 1458 τοὶς
1133 1407 1256 1459 νέας,
1289 1407 1441 1450 ἔπλεον
1464 1407 1684 1464 ἑξακοσίῃ-

390 1480 468 1516 3σι
506 1471 696 1528 τριήρεσι
735 1474 780 1524 ἐς
808 1473 887 1531 τὴν
919 1473 1099 1531 Ἰωνίην.
1159 1475 1365 1518 ἐνθεῦτεν
1405 1475 1451 1519 δὲ
1481 1473 1534 1518 οὐ
1563 1474 1683 1529 παρά

418 1542 498 1597 τήν
524 1539 709 1596 ἤπειρον
739 1538 856 1597 εἶχον
885 1543 959 1594 τὰς
995 1543 1096 1594 νέας
1133 1542 1212 1586 ἰθύ
1241 1547 1321 1587 τοῦ
1350 1560 1394 1586 τε
1430 1540 1683 1600 Ἑλλησπόν·

364 1704 390 1741 7
421 1697 612 1751 φλαύρως
633 1697 818 1750 ἀκούειν,
848 1701 938 1739 male
955 1715 1020 1738 au-

364 1758 453 1795 dire.
510 1758 621 1804 Quod
641 1760 811 1811 sequitur
828 1754 1023 1807 παραλύει

362 1817 435 1864 τῆς
458 1816 692 1867 στρατηγίης
720 1816 947 1852 illustratum
968 1821 1023 1852 est

363 1871 402 1906 in
420 1878 498 1910 not.
519 1870 569 1908 ad
592 1872 672 1919 Vll,
695 1873 820 1912 38.—
853 1871 915 1908 Ad
936 1884 1023 1908 ver-

364 1927 458 1964 bum
487 1923 679 1975 ἀποδέξαι
713 1927 815 1969 conf.
844 1928 891 1976 V,
913 1927 964 1968 25
988 1934 1025 1964 et

365 1979 685 2035 ειᾶἈρταφέρνεα
702 1991 797 2022 nott.
821 1982 869 2021 ad
889 1985 933 2031 V,
956 1983 1022 2024 25.

365 2038 424 2075 Ad
447 2041 800 2090 argumentumloci
820 2042 1021 2091 pertinent,

367 2109 464 2146 quae
483 2098 522 2132 in
542 2096 700 2134 Diodori
723 2098 918 2147 Excerptt.
939 2096 1023 2132 libri

367 2152 435 2188 VII
464 2154 501 2198 §.
532 2154 586 2194 48
615 2151 717 2203 apud
743 2154 890 2188 Majum
931 2152 1022 2188 Col-

368 2209 467 2246 lectt.
491 2209 619 2246 Auctt.
640 2210 676 2245 11
695 2222 733 2259 p.
756 2210 808 2250 38
829 2209 1020 2258 leguntur.

584 2310 678 2359 Cap.
700 2309 816 2346 XCV.

425 2376 464 2423 ἐς
484 2374 526 2415 τὸ
541 2372 708 2426 Ἀλήϊον
732 2375 898 2423 πεδίον]
950 2377 1022 2420 Quj

369 2445 523 2483 campus
551 2434 718 2469 Homero
749 2431 809 2479 (11.
838 2432 901 2478 vl,
922 2434 1023 2479 200)

371 2490 447 2525 iam
467 2490 639 2539 cognitus
659 2487 795 2524 eodem
811 2488 966 2524 nomine
978 2489 1025 2524 ab

371 2545 578 2582 Atexandri
599 2545 798 2582 comitibus
818 2545 1027 2594 appellatur

371 2602 538 2649 (Arrian.
568 2603 668 2652 Exp.
702 2602 812 2640 Alex.
841 2602 891 2647 11,
909 2601 965 2649 5),
1006 2614 1027 2637 a

371 2659 494 2695 Tarso
514 2658 607 2694 urbe
636 2671 704 2708 per
722 2657 916 2694 interiores
937 2658 1028 2693 Cili-

373 2715 452 2751 ciae
492 2720 631 2751 tractus
662 2727 781 2765 usque
811 2712 859 2750 ad
894 2714 1024 2764 Mops-

373 2778 516 2808 vestam
536 2777 649 2822 atque
668 2771 822 2820 Pyrami
844 2771 934 2806 ostia
956 2784 1026 2806 ex-

373 2834 512 2864 tensus.
567 2825 653 2865 vid.
693 2827 879 2862 Maunert.
910 2827 972 2873 vl,
1001 2830 1026 2866 2

373 2896 460 2933 pag.
484 2882 562 2924 104
582 2896 661 2935 seq.
683 2889 719 2920 et
751 2895 847 2934 quae
877 2881 924 2919 ud
946 2885 1026 2920 Ho-

1077 1704 1174 1739 meri
1208 1703 1336 1740 locum
1373 1701 1571 1739 laudatum
1598 1702 1737 1739 attule-

1077 1766 1167 1795 runt
1194 1761 1330 1811 Heyne
1358 1766 1396 1795 et
1425 1757 1562 1796 Bothe.
1595 1780 1651 1785 —
1691 1759 1736 1794 Iu

1079 1829 1185 1867 seqq.
1207 1829 1274 1866 pro
1296 1813 1738 1866 στρατοπεδιυομένοισι

1079 1873 1163 1910 libri
1202 1873 1347 1923 aliquot
1395 1870 1737 1922 στρατευομένοισι

1081 1925 1285 1966 accedente
1306 1925 1504 1965 Eustathio
1519 1957 1528 1975 ‚
1557 1929 1624 1979 qui
1643 1925 1737 1964 haec

1079 1987 1168 2022 citat
1199 1984 1248 2022 ad
1274 1985 1317 2026 11.
1352 1984 1404 2020 VI
1430 1997 1470 2035 p.
1499 1986 1603 2032 636,
1634 1982 1688 2025 54
1707 1996 1737 2021 S-

1078 2039 1173 2088 494,
1195 2043 1262 2082 36.
1318 2039 1381 2077 Ad
1412 2053 1524 2078 voces
1545 2039 1589 2078 αἱ
1611 2039 1736 2078 ἱππα-

1078 2095 1199 2149 γωγοὶ
1221 2095 1305 2143 νέες
1327 2095 1375 2133 cf.
1395 2103 1492 2133 nott.
1510 2094 1558 2132 ad
1576 2097 1639 2144 VI,
1671 2095 1738 2137 48.

1134 2151 1273 2191 ἔπλεον
1291 2150 1518 2205 ἑξακοσίῃσι
1529 2147 1736 2204 τριήρεσι]

1079 2208 1364 2258 Quingentarum
1391 2210 1549 2245 navium
1581 2209 1737 2245 classem

1079 2271 1338 2315 comparatam
1357 2265 1468 2301 fuisse
1496 2265 1621 2301 scribit
1642 2264 1736 2301 Cor-

1078 2321 1153 2357 nel.
1175 2322 1299 2372 Nepos
1319 2319 1530 2368 Miltiad.4‚
1553 2321 1617 2373 qui
1632 2320 1737 2358 locus

1078 2379 1236 2414 omnino
1266 2390 1355 2413 cum
1403 2378 1539 2414 Nostro
1577 2389 1738 2428 compa-

1079 2433 1240 2482 randus3
1271 2436 1441 2471 trecentas
1467 2433 1579 2470 fuisse
1611 2439 1738 2470 narrat

1084 2491 1208 2526 Plato.
1237 2489 1352 2540 Apud
1362 2490 1534 2529 ciceron.
1557 2490 1735 2539 (InVerr.

1081 2547 1129 2590 11,
1156 2549 1171 2585 1
1197 2559 1279 2596 cap.
1305 2546 1383 2595 18)
1414 2553 1451 2583 et
1480 2546 1605 2584 valer.
1632 2546 1737 2583 Max.

1082 2604 1111 2648 1,
1146 2605 1163 2641 1
1199 2609 1275 2639 ext.
1307 2605 1331 2642 6
1353 2602 1446 2639 mille
1472 2603 1628 2640 navium
1648 2615 1737 2639 cum

1083 2659 1199 2695 classe
1219 2658 1267 2695 ad
1286 2659 1426 2695 Delum
1457 2659 1594 2695 Persae
1614 2670 1736 2709 appu-

1079 2716 1164 2752 lisse
1181 2714 1367 2751 dicuntur.

1139 2767 1242 2821 εἶχον
1274 2768 1345 2817 τάς
1380 2769 1470 2817 νέας
1512 2767 1613 2819 ἰθύ]
1654 2771 1679 2807 i.
1701 2783 1735 2806 e.

1082 2841 1146 2864 non
1166 2828 1253 2864 litus
1270 2827 1439 2876 legentes,
1469 2839 1572 2863 naves
1595 2826 1736 2863 direxe-

1083 2888 1164 2921 runt
1199 2881 1452 2934 (tenuerunt)
1483 2886 1571 2920 recte
1599 2881 1736 2921 Helles-
