1897 3340
520 205 975 245 POLYMNIA
1034 206 1157 243 V11.

1388 214 1472 254 739

216 310 444 369 εὐτυχέων,
475 314 687 371 εὑρήμασι
716 314 824 369 μέγα
853 310 1063 363 πλούσιος
1085 312 1270 368 ἐγένετο·
1306 311 1363 371 ἧν
1390 319 1473 373 γάρ
1487 326 1530 361 4ο

214 397 278 432 τις
314 382 387 425 καὶ
417 387 576 427 τοῦτον
606 383 756 438 ἄχαρις
797 380 1004 437 συμφορή
1035 385 1229 424 λυπεῦσα
1258 385 1472 439 παιδοφό-

52 449 147 495 191
215 465 303 500 νος.
362 453 628 507 Σιταγωγῶν
655 449 701 493 δὲ
740 446 940 493 ὁλκάδων
969 449 1042 492 καὶ
1070 453 1156 493 τῶν
1185 447 1328 493 ἄλλων
1356 454 1476 495 πλοί-

196 533 277 560 ων
320 517 698 574 διαφθειρομένων
735 515 818 560 οὐκ
857 516 965 573 ἐπῆν
994 515 1204 573 ἀριθμός·
1246 518 1351 561 ὥστε
1381 519 1474 561 δεί-

1528 400 1608 440 595

1533 452 1648 483 Quarto
1681 454 1748 481 dem

1533 486 1594 518 die,
1614 492 1679 524 post
1702 498 1788 517 sarra

1530 526 1549 545 a
1568 527 1594 545 m
1599 528 1661 578 :idgus
1709 524 1753 549 111

1532 552 1599 585 11131·
1624 554 1678 579 nod
1690 530 1737 582 11111
1742 562 1798 589 r,ta

215 596 367 637 σαντες
397 588 440 630 οἱ
468 584 698 640 στρατηγοὶ
727 588 807 627 τοῦ
836 588 1048 628 ναυτικοῦ
1078 588 1279 641 στρατοῦ,
1309 584 1369 642 μή
1391 596 1471 641 σφι
1528 586 1617 645 ᾗξζζξζ
1631 588 1750 653 „¹¹
1709 598 1728 609 ²
1756 599 1802 616 δι’

211 654 548 709 κεκακωμένοισι
577 652 837 696 ἐπιθέωνται
866 653 910 696 οἱ
936 654 1171 706 Θεσσαλοὶ,
1202 653 1331 708 ἕρκος
1359 652 1476 734 υψη-
1487 658 1529 696 45

183 718 293 763 mov
330 720 377 763 ἐκ
414 724 503 763 τῶν
541 721 765 777 ναυηγίων
802 718 1127 776 περιεβάλοντο.

1185 720 1351 778 ’ἡμέρας
1390 721 1474 777 γὰρ

211 787 265 844 δή
300 786 484 844 ἐχείμαζε
522 793 646 843 τρεῖς.
704 786 825 838 τέλος
865 787 935 839 δὲ,
967 787 1126 845 ἔντομά
1165 806 1208 832 τε
1247 793 1474 841 ποιεῦντες

207 854 283 898 καὶ
319 858 617 907 καταείδοντες
653 853 783 911 γόησι
810 857 871 911 τῷ
900 852 1044 912 ἀνέμῳ
1066 858 1129 900 .οἷ
1165 855 1333 914 Μάγοι,
1363 856 1474 914 πρός

149 1050 270 1089 tarch.
302 1053 330 1089 l.
360 1052 388 1089 1.
419 1058 541 1088 exstat
579 1047 713 1100 ἄφατα
739 1049 807 1091 καὶ

147 1104 339 1159 χρήματα.
408 1107 604 1145 Schaefer.
639 1107 687 1144 ad
709 1109 807 1145 Gre-

147 1177 231 1214 gor.
264 1165 351 1202 Cor.
379 1177 467 1216 pag.
501 1163 580 1204 184
620 1165 806 1202 maluerat

147 1217 282 1270 ἄφατα
310 1217 385 1261 ὅσα
409 1218 602 1273 χρήματα.
640 1220 807 1258 Valcke-

145 1278 276 1314 naerio
321 1290 458 1315 vocem
497 1274 645 1327 χρύσεα
683 1279 805 1315 omitti

145 1334 360 1384 placuerat,
423 1346 540 1385 quam
567 1332 657 1370 inde
698 1335 805 1371 uncis

143 1391 297 1429 inclusit
327 1388 542 1427 Bekkerus.
608 1390 707 1427 Cum
737 1404 806 1428 eo-

146 1445 236 1484 dem
255 1446 434 1484 Bekkero
453 1459 547 1483 mox
566 1448 704 1484 retinui
733 1462 805 1487 πε-

144 1500 345 1555 ριεβάλετο
367 1504 415 1541 ob
437 1505 592 1540 aoristos
612 1510 695 1540 tum
716 1511 804 1541 ante

143 1566 229 1597 tum
248 1568 378 1612 postea
398 1559 598 1597 adhibitos.
633 1561 804 1598 Gaisfor-

145 1615 228 1654 dius
257 1631 347 1654 cum
367 1618 446 1654 aliis
472 1631 493 1653 e
512 1618 731 1654 Florentino
744 1631 805 1655 as-

143 1675 278 1711 sumsit
296 1669 582 1725 περιεβάλλετο.
615 1673 677 1710 Ad
697 1675 804 1711 verbi

142 1731 461 1781 significationem
501 1730 603 1767 conf.
642 1732 709 1778 ΙΙΙ,
734 1734 802 1772 71.

141 1787 206 1835 VI,
227 1788 281 1829 25
308 1788 436 1839 ibique
476 1788 600 1826 allata.
680 1788 803 1824 Verba

140 1856 251 1895 seqq.
281 1841 403 1882 τόἷλλα
432 1838 507 1882 ov’n
527 1839 718 1894 εὐτυχέων
739 1844 821 1893 in-

141 1906 327 1951 terpretor
352 1903 468 1937 cetera
486 1900 587 1937 rebus
607 1913 677 1937 non
698 1900 801 1938 valde

141 1956 252 1994 lautis
274 1959 495 2003 constitutus,
525 1956 624 1993 haud
640 1958 732 1994 mter
743 1957 801 1994 di-

139 2015 230 2051 vites
262 2013 513 2053 numerandus.
581 2014 721 2050 Moneo
751 2013 799 2050 ob

139 2068 413 2118 Hoffmeister.,
442 2070 509 2121 qui
544 2069 585 2105 in
614 2069 712 2106 libro
752 2069 799 2106 de

138 2126 333 2164 Herodoto
353 2127 501 2177 saepius
524 2124 678 2163 laudato
708 2138 797 2177 pag.

138 2184 208 2223 27.
232 2185 286 2223 28
315 2181 456 2220 horum
474 2183 679 2219 verborum
706 2196 796 2220 sen-

138 2250 226 2275 sum
244 2239 404 2275 minime
417 2240 600 2291 percepit.

196 2302 336 2357 ἶίχαρις
381 2303 569 2357 συμφορή
616 2308 794 2346 λυπεῦσα

136 2358 407 2412 παιδοφόνος]
427 2361 620 2412 Equidem
634 2361 695 2400 hic
705 2376 794 2400 cum

136 2420 330 2457 Palmerio
361 2425 399 2455 et
432 2419 661 2468 Wesseling.
682 2419 797 2456 intel-

135 2476 217 2526 ligo
255 2478 412 2524 tristem,
442 2477 624 2523 ingratam
646 2474 797 2513 calami-

139 2536 259 2580 tatem,
290 2532 414 2570 liberos
446 2531 649 2569 occidentem
673 2544 796 2582 eoque

137 2590 425 2626 contristantem
443 2588 699 2634 Amiuoclem,
719 2586 793 2624 ho-

136 2647 285 2683 minem
304 2646 446 2697 alioqui
467 2658 585 2696 opum
599 2643 793 2694 copiitfor-

135 2709 317 2743 ,tunatum
345 2702 413 2740 sed
441 2700 594 2739 fortuna
634 2700 793 2737 adversa

137 2759 263 2797 liberis
272 2760 459 2798 orbatum.
481 2756 665 2805 Reiskius,
678 2770 794 2809 quem

137 2818 306 2868 sequitur
325 2814 690 2866 Schweighaeuser„
699 2826 793 2851 con-

863 1051 987 1088 ferens
1017 1053 1046 1101 1,
1078 1051 1128 1092 41
1172 1053 1258 1092 coll.
1298 1052 1352 1094 35
1384 1059 1421 1090 et
1458 1055 1525 1102 ΙΙΙ,

863 1108 916 1149 50
938 1109 1028 1146 coll.
1049 1109 1114 1156 52,
1136 1109 1306 1161 itemque
1316 1111 1422 1158 Μίοῒ,
1444 1111 1527 1147 He-

862 1163 988 1201 rodoti
1008 1178 1029 1200 e
1048 1165 1172 1202 verbis
1193 1164 1267 1203 hoc
1279 1166 1377 1202 effici
1392 1167 1523 1215 voluit,

861 1220 1046 1258 liberorum
1073 1221 1266 1259 Amz'noclz's
1284 1223 1436 1273 aliquem
1451 1237 1525 1274 pa—

861 1279 929 1313 tris
938 1279 1109 1326 manibus,
1121 1291 1352 1331 quacunque
1364 1278 1523 1317 demum

861 1346 974 1371 causa
993 1335 1055 1371 vel
1082 1336 1229 1373 ratione
1246 1338 1400 1385 periisse.
1442 1338 1522 1373 Ne-

861 1403 936 1442 que
957 1391 1064 1428 aliter
1082 1392 1269 1429 intellexit
1297 1392 1523 1430 Plutarchus

858 1447 885 1485 1.
906 1447 934 1484 l.
961 1460 1005 1484 ac
1035 1448 1065 1485 si
1095 1449 1175 1499 ipse,
1201 1449 1422 1486 Aminocles
1451 1462 1523 1486 na-

858 1509 917 1540 tos
936 1516 1023 1541 suos
1043 1505 1286 1544 interfecerit.
1336 1504 1449 1551 Quod
1463 1513 1524 1543 ta-

860 1573 953 1596 men
989 1574 1039 1597 ex
1064 1562 1153 1611 ipsis
1183 1561 1369 1599 Herodoti
1397 1563 1523 1600 verbis

859 1618 1070 1654 necessario
1091 1620 1199 1671 sequi
1208 1620 1290 1655 iure
1302 1625 1417 1670 negat
1426 1620 1522 1655 Lar-

860 1672 1011 1713 cherus.
1051 1696 1108 1702 —
1164 1676 1223 1712 De
1253 1688 1348 1713 voce
1380 1672 1522 1728 ἄχαρις

859 1729 937 1772 vid.
967 1737 1063 1772 nott.
1086 1730 1133 1768 ad
1153 1732 1234 1779 VII,
1257 1734 1321 1772 36.
1374 1732 1521 1769 Vocem

857 1782 1111 1836 παιδοφόνος
1145 1789 1268 1838 attigit
1286 1787 1458 1824 Lobeck.
1478 1789 1519 1825 in

854 1843 1011 1880 Annall.
1044 1845 1237 1882 Berolinn.
1271 1846 1392 1885 1832.
1431 1845 1519 1880 Au-

855 1906 957 1951 gust.
977 1913 1036 1937 nr.
1056 1902 1110 1941 27
1130 1914 1170 1950 p.
1196 1898 1291 1949 214,
1311 1901 1378 1936 ubi
1409 1900 1519 1939 affert

856 1969 906 1993 ex
931 1957 1047 1994 Dion.
1077 1958 1200 1996 Halic.
1231 1957 1281 1993 A.
1306 1958 1353 1994 R.
1373 1958 1440 2004 III,
1461 1960 1512 1997 21

856 2011 1043 2064 συμφοραὶ
1084 2009 1382 2063 οἷδελφοκτόνος
1415 2020 1451 2051 et
1484 2014 1514 2061 I,

855 2069 906 2111 65
926 2064 1054 2120 φόνος
1076 2065 1375 2121 ἀλληλοκτόνος.

1061 2137 1153 2189 Cap.
1176 2137 1308 2176 CXCI.

909 2188 985 2233 ov’n
1016 2192 1119 2245 ἐπῆν
1155 2188 1362 2245 α’ριθμός]
1423 2191 1513 2231 Vid.

849 2256 947 2287 nott.
979 2249 1028 2287 ad
1059 2252 1139 2298 Vll,
1169 2254 1249 2291 170
1280 2252 1376 2287 etin
1404 2263 1511 2302 seqq.

849 2305 899 2343 ad
921 2307 1084 2343 formam
1104 2305 1348 2346 ἐπιθέωνται
1370 2305 1511 2346 Matth.

849 2364 917 2400 Gr.
952 2364 1018 2402 Gr.
1056 2365 1093 2410 ξ.
1111 2366 1205 2412 213,
1227 2363 1253 2404 4
1282 2378 1321 2415 p.
1341 2363 1436 2404 408.
1457 2384 1508 2390 -

853 2418 967 2471 ἕρκος
984 2442 1040 2447 —
1064 2416 1345 2471 περιεβάλοντο
1389 2420 1512 2457 valet:

852 2479 983 2525 septum
1005 2490 1035 2513 s.
1054 2489 1190 2515 murum
1201 2479 1299 2514 circa
1317 2489 1351 2513 se
1372 2480 1513 2512 exstru-

850 2535 991 2579 xerunt,
1021 2546 1120 2570 muro
1139 2546 1174 2570 se
1194 2532 1510 2570 circumdederunt.

849 2587 937 2625 vid.
970 2590 1000 2636 1,
1029 2588 1119 2630 141.
1148 2591 1217 2638 1x,
1239 2592 1305 2630 95.
1338 2590 1392 2627 97
1424 2587 1511 2622 0011.

847 2645 878 2692 I,
902 2646 979 2684 163
995 2645 1123 2698 ibique
1142 2653 1238 2684 nott.
1260 2667 1309 2673 --
1342 2642 1404 2679 Ad
1419 2655 1508 2679 ver-

848 2701 897 2738 ba
926 2698 1072 2753 ἕντομα
1107 2704 1310 2747 ποιεῦντες
1340 2699 1389 2739 cf.
1408 2705 1504 2738 nott.

849 2756 898 2795 ad
916 2758 963 2805 Π,
988 2760 1082 2798 119.

904 2814 1176 2859 καταείδοντες
1200 2807 1316 2862 γόησι
1330 2811 1389 2864 τῷ
1413 2805 1506 2850 cives-

1124 2865 1225 2909 47*

1531 628 1786 682 ’111911111Χ91-ἢ91-

1533 684 1784 722 111119511999119111.
