1897 3340
535 160 1008 198 POLYMNIA.
1067 161 1167 198 vll.

1398 170 1477 208 711

223 270 479 324 Θεσσαλίην,
507 268 583 320 τοὶς
611 269 712 320 νεάς
745 267 884 311 αὐτοῦ
913 266 1184 310 καταλιπών·
1214 269 1286 311 καὶ
1307 270 1480 317 ἀπίκετο
1491 281 1532 315 75

218 334 262 386 ές
290 335 342 378 τὰ
385 336 554 392 Τέμπεα
589 336 633 388 ἐς
675 337 754 392 τήν
782 333 980 391 ἐσβολὴν,
1014 333 1125 390 ἥπερ
1156 333 1242 378 ἀπό
1276 340 1477 382 Μακεδο·

217 403 314 458 νίης
351 407 425 460 τῆς
470 403 586 448 κάτω
628 403 670 455 ές
703 404 946 460 Θεσσαλίην
983 400 1106 458 φέρει
1134 401 1254 456 παρὰ
1287 405 1479 459 Πηνειὸν

216 471 437 525 ποταμόν,
489 470 646 528 μεταξὺ
676 470 721 514 δὲ
754 469 977 526 Ὀλύμπου
1005 486 1049 513 τε
1079 468 1233 524 οὔρεος
1254 470 1381 514 ἐόντα
1407 474 1476 515 καὶ

188 537 483 596 3τῆς”Οσσης.
539 540 734 582 ἐνθαῦτα
763 536 1181 594 ἐστρατοπεδεύοντο
1211 542 1300 581 τῶν
1335 536 1479 594 Ἑλλή-

216 612 308 648 νων
332 606 461 650 ’κατὰ
499 607 687 662 μυρίους
725 605 895 650 ὁπλῖται
948 605 1240 661 συλλεγέντες·
1293 606 1369 649 καί
1398 616 1479 660 σφι

187 676 387 731 4προσῆν
415 673 442 731 ἦ
472 679 560 717 τῶν
593 679 827 718 Θεσσαλῶν
857 677 999 724 ἵππος.
1031 673 1283 730 ἐστρατήγεε
1314 675 1360 717 δὲ
1387 677 1476 716 Λα-
1490 682 1534 714 80

213 743 502 795 κεδαιμονίων
517 743 609 798 μὲν,
641 742 882 794 Εὐαίνετος
912 741 934 786 ὁ
958 739 1181 798 Καρήνου,
1214 742 1261 785 ἐκ
1283 745 1371 784 τῶν
1400 757 1478 784 πο-

211 808 438 864 λεμάρχων
482 810 791 867 ἀραιρημένος,
835 811 981 867 γένεος
1009 809 1159 865 μέντοι
1192 809 1276 854 ἐών
1309 808 1364 852 οὐ
1393 813 1477 853 τοῦ

212 878 466 934 βασιληίου·
494 877 738 934 Ἀθηναίων
768 879 826 931 δὲ,
861 878 1174 934 Θεμιστοκλέης
1196 876 1220 921 ὁ
1243 875 1473 927 Νεοκλέος.

184 941 426 1001 δ”Εμειναν
463 946 510 990 δὲ
549 945 697 1003 ὀλίγας
735 947 899 1004 ἡμέρας
942 946 1150 991 ἐνθαῦτα.
1211 943 1470 1001 ἀπικόμενοι
1525 949 1604 990 587

153 1130 316 1169 triadem
337 1133 430 1170 olim
450 1133 593 1169 Halum
623 1132 738 1171 fuisse
758 1133 811 1170 si-

151 1194 232 1225 tam
252 1187 356 1226 haud
376 1191 477 1227 male
506 1190 671 1227 coniicit.
729 1191 811 1226 De-

151 1258 230 1282 nuo
251 1247 354 1284 urbis
381 1247 426 1285 fit
446 1247 591 1284 mentio
623 1247 702 1295 VII,
729 1249 808 1288 197

151 1301 237 1339 init.

207 1352 372 1397 ἆπίκετο
394 1357 434 1406 ἐς
454 1355 501 1398 τοὶ
521 1358 693 1411 Τέμπεα]
718 1358 806 1397 vid.

148 1421 244 1452 nott.
275 1414 323 1452 ad
357 1415 437 1464 VII,
474 1419 566 1457 129.
624 1418 668 1453 In
698 1430 805 1469 seqq.

149 1466 287 1510 dedi’O
297 1467 457 1523 λύμπου
469 1486 538 1523 pro
560 1474 593 1512 O
604 1469 804 1522 ν’λύμπου,

148 1534 192 1565 ut
211 1527 354 1565 ibidem
375 1530 518 1566 notavi.
579 1526 691 1568 Κατοέ
728 1545 802 1580 μυ-

149 1583 261 1636 ρίους
291 1586 392 1623 valet
421 1588 579 1633 circiter,
612 1586 660 1623 ad
691 1586 804 1623 decem

146 1641 276 1690 millia,
306 1649 349 1679 ut
368 1643 416 1690 ΙΙ,
441 1641 533 1684 145.
561 1643 625 1690 VI,
645 1641 712 1682 44-
734 1645 801 1684 79.

150 1700 245 1739 117.
278 1698 324 1746 V,
352 1702 427 1748 79,
458 1699 525 1735 ubi
572 1699 675 1736 idem
712 1712 802 1737 usus

144 1756 433 1804 praepositionis
476 1751 589 1796 κατά.
666 1756 804 1793 Caete-

145 1822 232 1846 rum
252 1810 440 1848 Diodorus
470 1813 537 1859 XI,
569 1810 595 1850 4
635 1811 802 1849 eundem

143 1866 287 1903 indicat
317 1880 536 1906 numerum.
572 1867 712 1904 Forma
733 1882 803 1906 ao-

143 1923 222 1959 risti
253 1923 410 1960 secundi
441 1922 684 1974 συλλεγέντες
723 1926 802 1962 uti-

143 1985 206 2016 tur
225 1981 361 2017 Noster
382 1994 535 2032 quoque
555 1981 624 2028 IX,
647 1983 714 2021 27.
733 1983 798 2030 29,

142 2047 264 2088 quum
286 2037 374 2073 alibi
394 2039 433 2073 in
460 2036 533 2074 hoc
549 2038 665 2074 verbo
683 2050 725 2074 ac
746 2038 800 2074 si-

139 2093 292 2131 milibus
312 2094 492 2130 aoristum
512 2094 679 2145 primum
687 2107 801 2144 prae-

140 2150 291 2198 tulerit,
332 2163 449 2202 quem
488 2150 654 2187 eundem
684 2151 798 2187 etiam

141 2211 286 2243 veteres
305 2207 431 2256 Attici,
453 2208 585 2258 tragici
597 2208 636 2243 in
653 2207 796 2257 primis,

141 2259 416 2309 adhibuerunt,
448 2277 536 2300 cum
562 2264 708 2301 serioris
731 2277 796 2300 ae-

140 2318 225 2354 tatis
260 2318 456 2368 scriptores
484 2327 597 2371 atque
630 2328 795 2358 oratores

140 2374 380 2425 potissimum
415 2376 649 2424 suaviorem,
678 2384 721 2413 ut
742 2377 794 2425 fit,

137 2431 265 2467 aoristi
287 2429 443 2467 secundi
469 2431 633 2479 formam
653 2433 693 2467 in
723 2446 794 2469 usu

136 2485 353 2524 habuerint.
413 2487 522 2524 conf.
555 2488 724 2524 Piersou.
747 2488 794 2525 ad

136 2543 257 2581 Moer.
278 2557 316 2594 p.
340 2545 435 2584 208.

193 2596 414 2646 Εὐαίνετος
456 2596 477 2638 ὁ
511 2592 720 2649 Καρήνου,
749 2597 792 2637 ἐκ

136 2658 218 2696 τῶν
238 2652 496 2707 πολεμάρχων
509 2650 790 2706 α’ραιρημένος]

135 2713 193 2749 De
232 2714 355 2750 forma
385 2708 651 2764 ἀραιρημένος
689 2711 789 2748 conf.

134 2776 229 2807 nott.
250 2768 299 2806 ad
319 2770 400 2817 VII,
435 2769 503 2810 85.
561 2767 635 2814 Qui
657 2762 789 2806 Εὐαί-

868 1145 981 1178 νετος
1014 1129 1053 1172 h.
1085 1132 1135 1180 l.,
1166 1132 1196 1168 is
1226 1129 1328 1182 apud
1365 1128 1527 1172 Diodor,

865 1189 934 1237 xl,
955 1192 982 1229 2
1000 1195 1159 1226 vocatur
1179 1182 1374 1235 Συνετός,
1397 1188 1524 1224 minus

864 1252 978 1293 recte,
1019 1252 1062 1282 ut
1093 1246 1266 1282 observat
1285 1245 1519 1294 Wesseling.

866 1301 1137 1349 Polemarchae,
1168 1315 1263 1353 quos
1283 1302 1387 1351 regia
1407 1302 1521 1351 stirpe

863 1359 1091 1411 plerumque
1111 1359 1224 1395 fuisse
1251 1371 1272 1394 e
1299 1358 1422 1395 verbis
1451 1357 1523 1394 ad·-

863 1415 948 1453 ditis
975 1414 1109 1467 γένεος
1137 1413 1273 1466 μέντοι
1291 1412 1369 1454 ε’ών
1391 1409 1439 1453 ου’
1451 1416 1522 1453 τοῦ

861 1472 1073 1524 βασιληίου
1122 1473 1273 1522 colligo,
1309 1472 1521 1522 Spartano-

860 1542 949 1566 rum
969 1541 1105 1580 regum
1127 1528 1338 1565 administri
1358 1529 1395 1563 in
1418 1528 1517 1563 bello

860 1587 1018 1638 aliisque
1039 1587 1201 1636 negotiis
1220 1592 1314 1621 teste
1335 1583 1517 1635 Thucyd.

858 1643 905 1691 V,
927 1645 1001 1691 66,
1031 1643 1188 1693 singulis
1212 1642 1328 1678 moris
1361 1641 1519 1691 Spartae

858 1699 1013 1736 fuerunt
1034 1699 1226 1750 praefecti,
1256 1699 1433 1734 militaria
1453 1710 1519 1733 ae-

860 1769 935 1808 que
956 1763 1070 1807 atque
1091 1756 1213 1792 civilia
1225 1755 1407 1791 obeuntes
1429 1767 1518 1790 mu—

858 1813 935 1849 nia.
981 1811 1091 1849 Conf.
1113 1809 1293 1861 Xenoph.
1316 1811 1517 1860 Rep.Lac.

858 1869 927 1915 XI,
939 1867 978 1908 4.
1010 1869 1052 1906 C.
1077 1868 1120 1906 Ο.
1142 1868 1291 1904 ΜἰἰΙΙεΓ.
1310 1869 1400 1903 Dor.
1423 1868 1458 1902 ΙΙ
1478 1880 1516 1916 p.

859 1927 942 1965 237
963 1937 1068 1976 seqq.
1092 1925 1176 1962 coll.
1193 1925 1286 1964 128.
1304 1921 1398 1964 240.
1420 1926 1516 1964 336.

856 1983 991 2033 Neque
1012 1982 1115 2017 enim
1138 1981 1296 2031 Spartae
1318 1992 1516 2016 morarum

857 2036 972 2074 duces
993 2038 1098 2073 fuere
1110 2035 1517 2089 ysopocyohobservante

855 2093 1029 2133 Boeckh.
1060 2095 1100 2129 iu
1136 2094 1323 2144 Inscriptt.
1352 2093 1465 2144 Corp.
1487 2096 1514 2133 2

855 2164 893 2202 p-
916 2153 983 2198 89,
1016 2149 1083 2187 sed
1103 2148 1355 2201 πολέμαρχοι.

909 2202 1136 2257 Ἀθηναίων
1157 2205 1212 2254 δὲ,
1226 2203 1513 2257 Θεμιστοκλέης

854 2261 878 2302 ό
901 2262 1124 2312 Νεοκλέος]
1156 2262 1219 2300 Ad
1240 2269 1511 2313 argumentum

856 2320 956 2359 conf.
1011 2318 1206 2359 Plutarch.
1260 2318 1511 2357 Themistocl.

852 2389 935 2443 Cfip’·
957 2380 996 2417 7.
1016 2430 1025 2442 1
1205 2430 1213 2445 η
1265 2429 1287 2446 ,ν

909 2447 1142 2483 απικομενοι
1163 2448 1237 2485 γαρ
1261 2434 1417 2484 αγγελοι
1433 2446 1510 2469 πα-

852 2484 903 2538 ροὶ
922 2483 1191 2540 Ἀλεξάνδρου
1212 2491 1284 2528 τοῦ
1304 2484 1510 2537 Ἀμύντεω

850 2558 887 2581 κ.
918 2558 951 2581 τ.
980 2546 1032 2593 λ.]
1063 2546 1234 2583 Aunotat
1254 2543 1435 2582 Valcken.
1459 2541 1508 2578 ad

848 2597 888 2636 h.
905 2599 931 2636 l.
953 2598 1064 2638 huius
1086 2601 1297 2639 Alexandri
1332 2606 1368 2635 et
1388 2599 1507 2635 bene-

847 2654 924 2692 ficii
946 2657 1082 2708 abipso
1094 2658 1239 2709 accepti
1258 2662 1383 2706 gratos
1403 2666 1507 2691 sem-

845 2725 914 2762 per
933 2716 1153 2752 meminisse
1171 2712 1445 2754 Athenienses3
1465 2710 1504 2745 in

846 2780 963 2820 quam
984 2783 1065 2808 rem
1085 2770 1249 2808 conferri
1277 2768 1358 2806 vult
1386 2767 1504 2817 Epist.
