1897 3340
525 210 934 250 POLYMNIA.
994 209 1102 246 VII.
1359 214 1441 253 501

179 320 258 375 μὲν
305 322 557 365 λευκολίνου
596 317 830 372 δασάμενοι
863 317 906 368 ἐς
935 316 1163 372 ἑκατέρην,
1195 315 1374 370 τέσσερα
1400 319 1446 361 δὲ

149 393 272 431 δτῶν
308 391 542 445 βυβλίνων.
599 385 791 441 παχύτης
819 385 897 440 μὲν
935 383 962 441 ἡ
993 382 1102 439 αὐτὴ
1134 385 1207 426 καὶ
1237 385 1445 441 καλλονή,

177 474 288 500 κατα
318 457 450 513 λόγον
479 456 524 499 δὲ
553 449 608 510 ἦν
638 452 948 509 ἐμβριθέστερα
988 451 1040 495 τὰ
1069 453 1216 494 λίνεα·
1255 454 1337 495 τοῦ
1366 450 1446 494 τά-

149 530 346 569 7λαντον
375 524 399 569 ὁ
429 527 564 579 πῆχυς
593 519 716 564 εἷλκε.
757 519 927 575 Ἐπειδὴ
949 521 995 563 δὲ
1017 517 1280 576 ἐγεφυρώθη
1310 519 1333 564 ὁ
1362 519 1445 563 πό-

177 610 276 647 ρος,
324 589 521 646 κορμούς
559 589 702 641 ξύλων
734 590 1088 642 καταπρίσαντες,
1129 588 1202 632 καὶ
1233 586 1502 643 ποιῆσαν-25

175 676 242 711 τες
270 661 394 710 ἴσους
429 661 505 713 τῆς
534 658 701 712 σχεδίης
731 660 790 714 τῷ
822 657 965 710 εὔρεϊ,
1005 656 1157 713 κόσμῳ
1189 656 1446 699 ἐπετίθεσαν

174 725 416 781 κατύπερθε
447 728 536 768 τῶν
569 722 719 769 ὅπλων
747 729 827 769 τοῦ
858 727 1016 768 τόνου·
1048 726 1200 776 θέντες
1219 725 1264 768 δὲ
1280 724 1444 779 ἐπεξῆς,

145 794 366 837 8ἐνθαῦτα
395 789 518 845 αὖτις
552 792 851 850 ἐπεζεύγνυον.
913 791 1174 850 ποιήσαντες
1215 792 1261 836 δὲ
1291 795 1444 844 ταῦτα,

114 1002 250 1053 tisque.
295 1003 430 1054 Neque
451 1001 612 1052 amplius
632 1002 777 1038 tribue-

115 1065 203 1095 runt
218 1059 460 1096 robustorum
471 1057 693 1095 rudentium
712 1058 779 1094 fir—

114 1116 248 1163 mitati,
271 1117 336 1167 qui
356 1117 469 1153 simul
484 1114 533 1152 ad
549 1114 778 1162 cedendum,

115 1171 219 1224 quod
246 1185 340 1223 opus
370 1173 487 1220 foret,
516 1173 677 1223 impetui
704 1172 780 1208 ssu—

114 1230 227 1266 minis
248 1231 431 1280 aptiores.
454 1242 571 1280 quam
593 1230 699 1279 tigna
721 1242 781 1266 es-

113 1286 237 1323 sent.“
295 1285 414 1323 Addit
443 1288 565 1322 Kruse
593 1286 619 1323 l.
642 1287 668 1323 l.
689 1298 779 1336 pag.

113 1344 197 1383 207
226 1341 405 1380 rudentes
423 1343 511 1380 istos
535 1355 656 1394 aeque
677 1355 781 1379 cras-

113 1411 173 1436 sos
193 1399 306 1436 fuisse
323 1407 436 1451 atque
449 1400 599 1436 arbores
611 1400 779 1450 tiguave,

114 1468 255 1506 eosque
284 1457 402 1493 etiam
428 1470 497 1507 per
516 1456 643 1493 clavos
664 1455 780 1506 adfigi

110 1513 273 1551 navibus
304 1526 395 1549 cum
418 1526 512 1564 opus
540 1526 619 1549 non
647 1513 778 1558 fuerit,

112 1569 239 1607 miuus
259 1569 365 1608 fluvii
393 1571 574 1609 violentia
591 1568 778 1621 disrumpi

111 1627 290 1677 potuisse.

168 1689 350 1745 παχύτης
387 1690 461 1745 μὲν
496 1690 526 1746 ἦ
573 1689 677 1745 azimi
708 1687 777 1733 καὶ

112 1747 314 1801 καλλονη]
346 1751 586 1787 Florentinus
616 1758 653 1787 et
673 1751 778 1788 San-

112 1809 222 1845 crofti
253 1809 349 1844 liber
378 1821 469 1844 cum
489 1808 592 1844 aliis:
623 1822 676 1858 ην
701 1823 776 1845 αυ-

96 1879 182 1913 ,της
212 1865 269 1901 W
272 1865 517 1914 esselingius:
567 1858 621 1914 ἦν
655 1858 773 1914 αὕτη,

113 1894 434 1968 ιιιιάεὸοἰιᾶθΐενῖ
450 1918 775 1958 Matt11.etBekk.

114 1976 315 2014 ediderunt
335 1971 427 2028 ἦνῆ
446 1972 562 2028 αὕτη.
581 1975 774 2028 Equidem

114 2033 335 2084 Schweigh.
358 2041 394 2070 et
416 2034 532 2070 Gaisf.
561 2035 669 2085 seii-ui
690 2046 777 2070 ma·-

113 2092 180 2128 lui.
238 2092 359 2129 Voces
380 2088 481 2130 κατὰ
505 2087 624 2143 λόγον
634 2091 777 2127 intelli-

114 2160 186 2198 go:
222 2161 289 2198 pro
325 2151 459 2185 ratione
487 2160 517 2184 5.
542 2149 778 2197 proportione,

115 2205 227 2255 plane
256 2211 298 2241 ut
326 2206 373 2251 ΙΙ,
401 2206 492 2244 109.
543 2203 704 2254 Pechys,
734 2211 777 2241 ut

115 2260 195 2297 dixi
214 2260 263 2297 ad
280 2263 310 2307 I,
334 2263 412 2301 178
433 2261 513 2308 fin„
533 2261 633 2298 valet
653 2274 776 2297 umun

115 2317 256 2368 pedem
286 2318 514 2368 alteriusque
551 2316 775 2365 dimidium3

116 2374 286 2410 talentum
306 2374 477 2420 Atticum,
497 2375 609 2424 quale
630 2372 692 2411 hic
713 2375 776 2411 in—

115 2431 234 2479 telligi
264 2436 319 2466 est
347 2427 544 2477 credibile,
583 2432 776 2482 quiuqua-

115 2487 221 2535 gima
253 2487 422 2537 quinque
454 2491 490 2521 et
511 2485 614 2536 quod
637 2500 775 2523 excur-

117 2544 164 2579 rit
196 2543 280 2579 libr.
312 2542 464 2586 Colon.‚
503 2548 545 2577 ut
572 2543 706 2578 monui
727 2542 776 2579 ad

116 2599 180 2645 111,
211 2601 286 2646 89,
318 2599 396 2634 sive
416 2598 551 2647 viginti
578 2611 647 2634 sex
667 2599 776 2635 Kilo-

117 2667 328 2703 grammes‚
365 2667 463 2704 quae
494 2653 693 2690 Gallorum
723 2662 778 2691 est

119 2722 308 2747 mensura.
366 2708 478 2755 Quod
505 2723 594 2745 cum
614 2711 778 2746 nimium

117 2764 266 2802 videtur
284 2767 491 2803 Letronnio
521 2765 589 2815 (in
620 2772 699 2803 not.
731 2766 780 2803 ad

119 2822 285 2860 Oeuvres
307 2821 344 2859 d.
373 2823 501 2860 Rollin
529 2822 635 2859 Paris
660 2824 781 2864 1821.

836 1002 886 1040 T.
908 1003 962 1038 111
981 1017 1020 1053 p.
1045 1002 1142 1051 108)
1180 1002 1392 1053 suspicatur
1422 1003 1502 1037 He-

837 1058 1016 1096 rodotum
1036 1072 1234 1096 mensuras
1272 1058 1501 1096 confudisse.

893 1114 1068 1167 κορμούς
1122 1112 1253 1163 ξύλων
1308 1116 1503 1166 καταπρί-

837 1174 999 1221 σαντες]
1055 1173 1254 1210 Sententia
1292 1173 1367 1208 loci
1406 1170 1501 1207 haec

836 1230 914 1266 sere
945 1237 1022 1266 est:
1055 1230 1218 1266 arborum
1242 1231 1381 1278 stipites
1400 1228 1501 1265 serni

836 1290 946 1324 sectos
966 1291 999 1324 et
1013 1288 1132 1336 pontis
1160 1286 1350 1323 latitudini
1367 1298 1501 1335 aequa-

837 1348 889 1380 tos
917 1357 1021 1394 super
1054 1345 1203 1380 intentos
1238 1342 1401 1379 rudentes
1447 1355 1501 1378 or-

837 1401 917 1437 dine
938 1401 1195 1450 disposuerunt.
1244 1397 1307 1435 Ad
1328 1398 1500 1435 dativum

835 1452 973 1511 κόσμῳ
1003 1457 1104 1496 conf
1135 1458 1182 1504 II,
1214 1454 1280 1495 52.
1308 1456 1409 1503 VIII,
1432 1458 1500 1496 67.

835 1514 1113 1561 1X‚59.111,
1148 1516 1212 1553 13.
1270 1513 1347 1549 Pro
1381 1527 1502 1551 κατυ-

836 1574 964 1621 περθε
993 1569 1167 1606 Thomas
1200 1570 1306 1618 Mag.
1335 1582 1375 1620 p.
1404 1569 1500 1616 652,

835 1629 903 1679 qui
931 1625 971 1663 h.
992 1628 1019 1663 l.
1049 1625 1218 1674 exhibet,
1239 1625 1349 1662 affert
1376 1621 1501 1677 ’άπερ-

833 1689 898 1724 θε.
947 1683 1040 1720 Ad·
1029 1696 1111 1735 ipsa
1132 1682 1270 1720 haecce
1290 1683 1408 1721 verba
1427 1697 1501 1720 κα-

832 1737 1011 1791 τύπερθε
1049 1742 1131 1779 τῶν
1160 1736 1308 1788 όπλων,
1329 1741 1403 1778 τοῦ
1430 1734 1500 1777 τό·

833 1813 907 1836 νου
928 1804 1030 1834 recte
1058 1804 1166 1834 notat
1186 1794 1498 1846 Schweigliaeus.

832 1855 925 1905 poni
954 1866 1024 1904 pro
1055 1849 1283 1903 κατύπερθε
1327 1854 1403 1891 τοῦ
1434 1847 1500 1890 τό-

833 1925 908 1949 νου
939 1913 1019 1949 τῶν
1049 1906 1194 1957 ὅπλων,
1220 1908 1257 1946 id
1291 1915 1345 1946 est
1380 1905 1497 1947 κατύ-

833 1970 961 2018 περθε
999 1969 1080 2006 τῶν
1129 1963 1263 2006 ὅπλων
1294 1964 1499 2017 ἐντεταμέ-

834 2038 929 2063 νων.

890 2145 1030 2193 θέντες
1057 2143 1100 2185 δὲ
1120 2145 1284 2195 ἐπεξῆς,
1319 2144 1499 2184 ἐνθαῦτα

835 2206 949 2250 αὖτις
989 2200 1276 2256 ἐπεζεύγνυον]
1327 2204 1353 2238 i.
1376 2215 1409 2239 e.
1438 2202 1499 2238 lios

835 2263 971 2311 stipites
991 2261 1111 2298 ordine
1122 2261 1276 2310 deinceps
1294 2261 1425 2324 positos
1435 2259 1498 2295 de-

832 2332 902 2356 nuo
940 2329 1053 2355 secum
1093 2319 1284 2354 iunxerunt
1314 2317 1414 2364 sive,
1455 2322 1499 2352 ut

835 2373 1221 2424 Schweighaeuserus
1270 2374 1498 2422 interpreta—

834 2439 916 2469 tur:
947 2435 1054 2481 atque
1073 2434 1131 2468 ita
1149 2432 1315 2467 continua
1327 2431 1413 2466 serie
1424 2428 1498 2465 clis-

826 2490 960 2538 positos
995 2488 1107 2524 (tenuo
1129 2492 1225 2524 arcte
1250 2489 1342 2523 inter
1364 2499 1399 2523 se
1419 2499 1499 2522 con·

832 2547 1065 2591 strinxerunt,
1086 2545 1139 2580 ita
1153 2550 1195 2580 ut
1211 2542 1258 2580 ad
1272 2541 1410 2588 θέντες
1430 2554 1497 2578 ae—

833 2613 906 2651 que
919 2607 1033 2652 atque
1042 2599 1090 2637 ad
1099 2597 1357 2652 ἐπεζεύγνυον
1367 2605 1498 2634 mente

834 2655 950 2692 addas
979 2653 1072 2703 τούς
1103 2653 1293 2705 κορμούς.
1349 2654 1495 2691 Vocula

836 2706 1088 2764 adtt9‚{quam
1102 2711 1250 2749 reddidi
1261 2712 1383 2756 denuo,
1396 2709 1498 2745 haud

835 2769 913 2805 scio
933 2781 982 2805 au
1002 2768 1110 2806 reddi
1139 2768 1273 2805 debeat
1289 2770 1368 2816 post
1387 2765 1500 2812 modo,

833 2825 982 2875 posthac
995 2854 1005 2874 ,
1049 2837 1270 2877 praegresso
1290 2821 1499 2874 participio.

1878 381 1897 422 εει
1878 234 1897 369 „as-ann
1875 42 1897 181 μοι,
1878 0 1895 18 *a

1878 2400 1897 2487 “ru
1883 2380 1887 2387 .

1875 2770 1897 3032 'mkm

1876 3119 1897 3218 urar,
