1897 3340
612 187 919 228 ΕΒΑΤΟ.
980 187 1052 224 Vl.
1387 192 1473 232 265

203 300 375 354 οἴχοντο
406 295 697 346 ἀπολιπόντες
728 295 810 350 τήν
841 295 1057 351 σφετέρην
1090 294 1172 338 ἔσω
1203 295 1248 347 ἐς
1275 296 1355 340 τόν
1383 297 1529 341 Εὔ-25

203 367 347 418 ξεινον
374 365 566 410 πόντον·
603 364 678 407 καὶ
707 362 902 406 ἐνθαῦτα
931 366 1061 406 πόλιν
1091 366 1383 421 Μεσαμβρίην
1413 366 1475 408 οἴ-

176 437 358 490 4κησαν.
402 435 447 477 οἱ
484 432 532 476 δὲ
573 433 777 483 Φοίνικες
809 430 1166 482 κατακαύσαντες
1199 432 1362 484 ταύτας
1398 433 1475 485 τὰς

201 500 346 558 χώρας
377 500 454 551 τοὶς
487 501 843 556 καταλεχθείσας,
889 498 1130 554 τράπονται
1169 499 1240 543 ἐπί
1278 516 1323 544 τε
1357 503 1477 556 Προ-

201 567 441 623 κόννησον,
487 569 561 612 καὶ
594 566 809 625 Ἀρτάκην
845 567 952 623 πυρὶ
997 568 1044 610 δὲ
1084 567 1157 610 καὶ
1194 567 1357 619 ταύτας
1393 569 1476 611 νεί-

201 651 358 690 μαντες
398 635 566 680 ἔπλωον
605 631 726 687 αὖτις
763 636 806 687 ἐς
842 636 922 692 τὴν
960 636 1266 693 Χερσόνησον,
1308 636 1476 693 ἐξαιρή-

201 714 350 755 σοντες
381 704 459 755 τοὶς
489 703 742 754 ἐπιλοίπους
772 708 862 747 τῶν
892 706 1081 756 πολίων,
1123 703 1228 756 ὅσας
1258 703 1475 760 πρότερον
1488 712 1534 746 30

175 771 466 827 5προσχόντες
506 771 560 815 οὐ
598 771 858 825 κατέσυραν.

921 771 1015 816 Ἐπὶ
1053 773 1100 816 δὲ
1138 772 1333 827 Κύζικον
1370 773 1476 818 οὐδὲ

198 837 400 883 ἔπλωσαν
427 839 589 897 ἀρχήν·
608 838 754 884 αὐτοὶ
782 839 868 895 γοὶρ
899 841 1139 896 Κυζικηνοὶ
1169 841 1231 885 ἔτι
1257 840 1477 895 πρότερον

199 910 282 950 τοῦ
314 910 537 952 Φοινίκων
568 909 732 953 ἔσπλου
761 907 1019 964 ἐγεγόνεσαν
1048 908 1137 953 ὑπὸ
1167 909 1356 966 βασιλέϊ,
1405 910 1476 952 Οἰ-

198 973 327 1031 βάρεϊ
352 980 413 1033 τῷ
442 976 707 1034 Μεγαβάζου
738 976 1105 1034 ὁμολογήσαντες,
1135 981 1198 1036 τῷ
1226 978 1274 1021 ἐν
1302 981 1476 1021 Δασκυ-

171 1043 304 1100 6λείῳ
331 1043 530 1105 ὑπάρχῳ.
581 1048 655 1103 τῆς
693 1046 740 1089 δὲ
776 1044 1083 1102 Χερσονήσου,
1125 1044 1239 1102 πλὴν
1275 1048 1474 1104 Καρὸίης
1487 1053 1533 1089 35

198 1109 372 1166 πόλιος,
418 1113 496 1167 τὰς
525 1114 659 1167 ἄλλας
690 1113 835 1166 πάσας
863 1112 1151 1171 ἐχειρώσαντο
1183 1116 1228 1158 οἱ
1261 1115 1477 1166 Φοίνικες.

203 1291 465 1346 ἀπολιπόντες
489 1296 566 1350 τήν
593 1297 809 1350 σφετέρην]

146 1351 307 1391 Addunt
344 1351 463 1395 πόλιν
494 1357 580 1394 libri
617 1357 808 1396 nonnulli.

145 1409 261 1448 Haud
289 1413 398 1449 novit
426 1412 522 1450 illud
552 1412 727 1455 Eustath.
760 1413 810 1451 acl

146 1467 304 1519 Dionys.
325 1469 477 1520 Perieg.
507 1473 587 1512 803
602 1500 612 1517 ‚
641 1472 708 1508 ubi
727 1472 810 1506 He-

143 1523 302 1561 rodotea
350 1527 486 1576 attigit.
576 1528 671 1564 Mox
719 1540 811 1564 cum

142 1579 366 1632 Schweigh.
403 1590 440 1620 et
473 1582 663 1620 Gaisford.
693 1584 809 1621 libro-

141 1651 230 1674 rum
253 1646 492 1676 vetustorum
511 1640 719 1678 lectionem
748 1654 809 1678 re-

142 1696 299 1734 vocavi:
365 1696 535 1747 οἴκησαν
570 1698 597 1735 i.
627 1711 662 1735 e.
703 1698 807 1735 habi-

142 1755 280 1790 tarunt.
310 1754 589 1804 Wesselingio,
626 1755 692 1807 qui
712 1767 809 1792 con—

141 1808 215 1846 fert
224 1810 272 1857 Π,
291 1812 311 1849 1
319 1807 384 1857 54,
399 1809 594 1848 Larchero
604 1823 648 1848 ac
659 1810 810 1849 Sohae-

141 1865 224 1902 fero
235 1866 429 1917 placuerat
451 1866 609 1907 οἴκισαν
628 1868 672 1918 (i.
684 1882 717 1905 e.
730 1882 810 1906 con-

144 1922 348 1973 dederunt),
379 1923 484 1976 quod
514 1926 630 1962 etiam
654 1927 809 1963 retinuit

141 1978 325 2016 Matthiae
365 1980 548 2033 quodque
575 1984 608 2019 si
637 1984 808 2019 retinea-

142 2043 227 2084 tur,
259 2040 517 2075 controversia
538 2040 608 2076 erit
638 2053 729 2077 cum
750 2040 808 2076 al-

142 2099 224 2130 tero
244 2095 371 2131 Nostri
399 2095 507 2144 loco,
539 2097 603 2144 IV,
632 2099 699 2144 93,
740 2097 809 2133 ubi

142 2149 223 2187 vid.
250 2158 347 2189 nott.
375 2151 534 2189 Bekker
563 2155 719 2190 retinuit
751 2152 808 2194 οῖ’-

142 2221 168 2246 κ
180 2222 193 2246 ι
207 2218 279 2246 σαν
291 2207 378 2259 (pro
391 2208 455 2249 οἴκ
466 2225 492 2260 η
505 2213 612 2257 σαν).
633 2211 679 2247 Iu
698 2224 808 2263 seqq.

143 2276 213 2314 pro
236 2262 291 2304 ε’τι
310 2261 502 2317 πρότερον
531 2268 728 2307 Dobraeus
749 2282 808 2305 re-

145 2320 288 2371 fingit⁷
276 2320 356 2362 ε’τεϊ
373 2319 585 2376 πρότερον.

203 2396 530 2465 Προκόννησον]
589 2405 677 2441 Duo
721 2404 809 2441 libri

148 2452 426 2507 Προκόνησον.
456 2460 522 2496 Tu
541 2460 619 2498 vid.
640 2468 737 2503 nott,
759 2460 809 2498 ad

145 2511 209 2558 IV,
229 2515 278 2552 13
296 2520 333 2550 et
349 2515 449 2552 conf.
472 2514 604 2554 Schol.
625 2518 807 2568 Apollon.

146 2566 272 2605 Rhod.
291 2571 345 2615 ΙΙ,
369 2574 466 2613 279.
502 2574 561 2609 De
578 2573 708 2611 Artace
728 2574 808 2612 dixi

148 2622 197 2660 ad
234 2625 297 2673 1V,
335 2626 400 2666 14.
456 2628 558 2666 Add.
596 2629 809 2668 Prokesch.

150 2679 235 2716 loco
246 2693 339 2719 mox
352 2683 456 2722 laud.
467 2699 506 2736 p.
519 2684 600 2727 253
613 2699 698 2739 sqq.
713 2687 810 2728 257.

209 2745 306 2797 πυρὶ
326 2747 470 2797 ταύτας
482 2751 705 2803 νείμαντες]
727 2754 753 2791 i.
775 2767 809 2792 e.

154 2803 235 2850 igni
249 2803 349 2841 urbes
369 2807 567 2858 tradentes,
608 2811 811 2849 comburen-

867 1303 931 1336 tes.
942 1300 1036 1336 Mox
1048 1298 1193 1336 restitui
1209 1295 1450 1350 προσχόντες
1462 1313 1532 1351 pro

868 1352 1141 1407 προςσχόντες.
1198 1356 1287 1396 Vid.
1308 1358 1354 1406 V,
1377 1359 1444 1398 63„
1474 1359 1534 1393 De

870 1413 1019 1464 Cyzico,
1072 1414 1180 1451 cuius
1213 1427 1338 1465 pauca
1374 1414 1533 1465 vestigia

867 1468 994 1507 adhuc
1032 1484 1226 1521 superesse
1262 1472 1392 1508 scribit
1434 1472 1535 1508 Pro—

866 1525 1000 1564 kesch.
1028 1528 1317 1578 Erinnerungg.
1351 1541 1418 1564 aus
1453 1529 1534 1564 Ae-

865 1591 1012 1634 gypten
1044 1583 1127 1620 und
1157 1586 1389 1622 Kleinasien.
1418 1586 1474 1621 III
1492 1599 1532 1635 p.

864 1640 947 1680 258
977 1653 1086 1692 seqq.
1114 1653 1234 1678 unam
1253 1640 1390 1680 horam
1418 1649 1456 1678 et
1476 1643 1534 1678 al-

862 1698 979 1734 terius
1001 1697 1206 1735 dimidium
1229 1706 1376 1735 remota
1397 1699 1444 1736 ab
1454 1700 1533 1735 Ar-

866 1752 969 1801 daki,
993 1754 1099 1807 quod
1112 1763 1292 1805 vocatur,
1314 1756 1417 1794 conf.
1432 1763 1532 1793 nott.

865 1809 915 1848 ad
934 1812 1000 1861 IV,
1021 1809 1086 1851 14.

921 1902 979 1954 τῷ
1003 1899 1046 1941 ε’ν
1074 1901 1307 1956 Δασκυλείῳ
1344 1898 1532 1956 ὖπᾶρχῳ]

866 1956 1090 2009 Schweigh.
1122 1958 1369 1996 scribendum
1405 1963 1534 1996 censet

863 2016 1122 2067 Δασκυληΐῳ.
1178 2018 1237 2052 De
1257 2016 1434 2067 Dascyleo
1455 2016 1535 2053 dixi

866 2071 916 2109 ad
934 2073 1002 2121 III,
1028 2075 1121 2114 120,
1155 2073 1294 2112 Cardia
1311 2075 1399 2111 urbs
1419 2087 1440 2111 a
1456 2075 1535 2110 Mi-

864 2130 964 2166 lesiis
986 2128 1147 2167 ‘condita
1176 2132 1217 2167 iu
1253 2132 1391 2168 intimo
1428 2132 1533 2168 sinus

864 2187 1036 2223 Melanes
1072 2201 1244 2236 recessu,
1295 2201 1317 2224 a
1359 2187 1533 2225 Miltiade

865 2251 951 2295 post
978 2245 1159 2296 ampliata
1186 2246 1363 2297 beneque
1383 2247 1534 2282 munita

865 2302 1068 2338 moenibus
1095 2300 1188 2339 inde
1219 2315 1342 2355 usque
1363 2302 1411 2340 ad
1432 2304 1533 2339 Pro-

865 2357 1069 2409 pontidem
1098 2359 1238 2408 auctis,
1277 2373 1377 2412 quae
1409 2359 1532 2397 Cher-

865 2428 1047 2452 sonesum
1077 2415 1390 2455 intercluderent.
1437 2418 1531 2454 Flo-

865 2474 941 2509 ruit
959 2473 1023 2510 illa
1042 2473 1143 2510 inter
1173 2472 1400 2511 Chersonesi
1419 2475 1538 2511 urbes*

864 2543 987 2581 usque
1026 2528 1075 2566 ad
1113 2530 1411 2582 Lysimachum,
1466 2532 1532 2583 qui

867 2585 1146 2624 cardjanorum
1172 2589 1267 2625 urbe
1289 2601 1430 2635 eversa,
1461 2600 1531 2638 pro

867 2656 912 2679 ea
931 2642 1217 2695 Lysimachiam
1236 2647 1277 2681 in
1306 2643 1380 2681 hoc
1402 2643 1532 2681 Thra—

867 2700 948 2736 ciae
969 2699 1109 2738 isthmo
1131 2701 1316 2739 condidit.
1352 2700 1438 2737 Vid.
1452 2702 1532 2736 He-

867 2755 993 2793 rodot.
1022 2757 1097 2804 Vl,
1136 2760 1201 2798 36.
1245 2756 1312 2797 41.
1345 2758 1426 2803 vn,
1464 2756 1531 2797 58.

867 2813 1058 2853 Mannert.
1081 2814 1221 2864 Geogr.
1241 2814 1313 2851 VII
1332 2825 1420 2864 pag.
1439 2813 1531 2853 199·
