1897 3340
70 802 137 846 80

73 1265 131 1309 8}

529 217 1003 257 POLYMNIA.
1063 217 1166 253 VII.

1391 223 1472 261 563

205 331 303 384 λῇσι
330 328 492 382 κράνεα
514 327 718 383 ἐπιχώρια
738 325 895 369 πλεκτὰ
912 323 1042 382 εἶχον,
1074 324 1258 375 ἀσπίδας
1303 325 1347 368 δὲ
1381 328 1472 380 δερ-

179 399 393 449 ἳματίνας
419 398 622 449 σμικρὰς,
652 395 725 437 καὶ
748 393 940 437 ἀκόντια.

1000 392 1162 448 Κόλχοι
1194 392 1239 435 δὲ
1269 392 1366 445 περὶ
1398 394 1477 448 μὲν

205 468 300 520 τῇσι
331 468 543 520 κεφαλῇσι
579 461 742 514 κράνεα
771 459 946 512 ξύλινα,
991 460 1178 511 ἀσπίδας
1209 460 1255 503 δὲ
1288 457 1475 514 ὦμοβοΐ·

205 549 283 582 νας
323 530 523 586 σμικρὰς,
555 529 707 583 αἰχμάς
733 544 777 571 τε
807 528 1014 584 βραχέας·
1046 526 1157 582 πρὸς
1188 527 1252 578 δὲ,
1293 528 1364 570 καὶ
1398 544 1473 581 μα-

178 603 363 655 ζὶχαίρας
393 597 518 652 εἶχον.

207 667 335 722 δάτης
365 664 388 708 6
423 664 649 715 Τεάσπιος.

580 599 754 650 Μαρῶν
785 597 831 639 δὲ
862 597 935 639 καὶ
958 595 1142 651 Κόλχων
1162 590 1265 650 ἦρχε
1303 598 1531 649 Φαραν-ὅο

705 662 948 720 Ἀλαρόδιοι
979 664 1025 708 δὲ
1046 661 1373 716 καὶΣάσπειρες
1403 679 1474 706 κα-

207 734 259 777 τά
286 742 366 786 περ
393 730 557 787 Κόλχοι
585 732 837 787 ὁπλισμένοι
852 731 1194 814 ἐστρατεύοντο.
1227 730 1399 775 τούτων
1430 731 1476 774 δὲ

205 802 449 849 ΛῙασίστιος
489 799 513 842 6
555 801 832 853 Σιρομίτρεω
873 803 989 856 ἦρχε.

206 869 335 912 ἔθνεα
366 868 417 910 τὰ
455 866 501 910 ἐκ
537 870 612 923 τῆς
650 866 867 923 Ἐρυθρῆς
897 867 1121 924 θαλασσης
1151 867 1369 922 ἑπόμενα,
1400 864 1476 922 νή-

205 948 294 979 σων
325 935 369 978 δε
401 951 447 977 εν
466 940 565 994 τῇσι
604 935 707 986 τούς
738 933 1047 987 ανασπάστους
1077 935 1371 990 καλεομένους
1399 951 1476 978 κα-

202 1004 379 1056 τοικίζει
407 1003 628 1059 βασιλευς
663 1001 882 1058 ἇγχοτατω
913 1020 1004 1046 των
1036 1005 1254 1060 Μηδικῶν
1284 1001 1402 1059 εἶχον
1434 1003 1477 1046 ἐ-
1491 1009 1534 1044 65

175 1071 352 1128 Ξσθῆτά
384 1087 427 1114 τε
458 1073 531 1115 καὶ
562 1072 685 1115 ὅπλα.
719 1069 890 1114 τούτων
910 1072 954 1115 δὲ
984 1074 1073 1113 τῶν
1093 1071 1344 1126 νησιωτέων
1375 1073 1480 1128 ἦρχε

208 1138 477 1193 Μαρδόντης
519 1137 542 1182 6
575 1140 794 1194 Βαγαίου,
829 1137 877 1188 ὃς
908 1139 954 1182 έν
983 1139 1177 1196 ΙἉυκάλῃ
1209 1140 1482 1196 στρατηγέων

210 1207 397 1261 δευτέρῳ
429 1206 513 1249 ἔτεϊ
540 1205 709 1249 τούτων
740 1206 983 1263 ἐτελεύτησε
1012 1206 1060 1249 ἐν
1088 1211 1142 1263 τῇ
1170 1206 1294 1264 μάχῃ.

300 1279 446 1317 Ταῦτα
463 1269 518 1330 ἦν
538 1273 589 1316 τὰ
607 1273 694 1317 κατ’
725 1273 909 1330 ἤπειρον
923 1273 1247 1331 στρατευόμενά
1268 1291 1311 1318 τε
1330 1275 1474 1326 ἔθνεα,

205 1343 278 1385 καὶ
310 1341 545 1397 τεταγμένα
575 1340 618 1391 ἐς
646 1340 696 1384 τὸ
728 1342 868 1396 πεζόν.

195 1414 276 1454 τοῦ
305 1413 440 1466 ἦρχον
471 1411 597 1453 οὑτοι
620 1410 741 1465 οἵπερ
776 1410 990 1465 εἰρέαται·
1021 1411 1094 1454 καὶ
1126 1412 1169 1454 οἱ
1199 1410 1542 1465 διατάξαντεςῖΓ

204 1478 277 1521 καὶ
317 1478 706 1534 ἐξαριθμήσαντες,
747 1480 872 1522 οὑτοι
901 1474 1035 1535 ἦσαν,
1079 1480 1152 1523 καὶ
1182 1478 1406 1536 χιλιάρχας
1434 1496 1479 1524 τε

151 1657 196 1701 7)
229 1661 266 1691 et
286 1652 335 1690 ad
364 1667 477 1691 voces
497 1649 646 1706 κράνεα
665 1650 810 1693 πλεκτὰ

149 1717 245 1748 nott.
277 1710 325 1747 ad
354 1712 436 1759 VII,
471 1714 537 1752 63.
580 1713 637 1747 De
672 1711 813 1748 Colchis

149 1768 251 1806 conf.
281 1769 328 1815 Π,
354 1768 445 1808 104.
505 1767 615 1812 Quod
644 1769 815 1819 sequitur

149 1819 392 1875 ω’μοβοΐνας,
414 1825 579 1874 explicui
598 1824 642 1861 ad
653 1826 814 1872 Vll‚77.

147 1882 206 1917 De
240 1881 419 1918 Alarodz'is
447 1880 526 1917 vid.
560 1883 625 1928 ΙΙΙ,
663 1880 736 1928 94;
768 1880 816 1918 de

151 1937 360 1987 Saspire'bus
390 1939 419 1984 I,
445 1937 522 1977 104
553 1939 682 1989 ibique
717 1945 814 1975 nott.

148 1995 250 2040 Quos
273 1993 426 2030 eosdem
448 2007 538 2030 cum
564 1993 664 2032 Saz‘is
683 2008 712 2032 S.
737 1994 815 2032 Sa-

145 2053 257 2101 paeis,
278 2058 393 2101 geute
411 2049 621 2100 Thracica,
654 2064 815 2102 compa-

150 2108 223 2144 rari
261 2121 340 2144 non
366 2121 474 2159 posse
499 2115 601 2145 recte
641 2109 814 2145 observat

151 2163 324 2201 Boeckh.
372 2166 411 2201 in
462 2165 575 2216 Corp.
622 2167 814 2216 Inscriptt.

152 2222 309 2258 Graece.
329 2222 377 2267 ΙΙ,
404 2225 421 2261 1
445 2234 532 2272 pag.
555 2220 621 2262 85.

212 2273 502 2328 Φαρανδάτης]
532 2280 588 2315 Ita
608 2277 814 2327 Mediceus,

155 2333 395 2369 Florentinus
416 2347 506 2370 cum
527 2336 620 2372 aliis.
660 2338 703 2372 In
717 2336 816 2373 San-

155 2389 265 2425 crosti
295 2388 425 2426 codice
454 2391 612 2442 aliisque
633 2394 819 2442 reperitur

159 2441 421 2496 Φερενδατης.
481 2446 538 2482 Cf.
563 2448 632 2494 IX,
665 2451 733 2488 76.
762 2470 819 2476 —-

156 2503 251 2538 Mox
269 2498 421 2541 τούτων
442 2500 530 2538 dedi
546 2516 614 2552 pro
634 2502 818 2549 τουτέων,

157 2565 199 2595 ut
218 2559 298 2608 vn,
319 2560 385 2599 80.
409 2561 474 2600 82.
497 2561 564 2599 83.

356 2637 449 2688 cap.
469 2638 632 2674 Lxxx.

217 2713 312 2763 τούς
364 2712 665 2763 ἅνασποὲστους]
733 2714 821 2753 vid.

162 2779 258 2809 nott.
280 2772 329 2809 ad
347 2774 413 2821 ΙΙΙ,
436 2776 511 2820 933
531 2771 634 2809 unde
655 2771 740 2808 satis
752 2784 823 2822 pa-

162 2836 228 2877 tet,
249 2829 350 2866 rubri
367 2832 476 2868 maris
495 2829 749 2881 appellatione
761 2827 823 2864 hic

927 1341 1092 1386 τούτου
1135 1359 1197 1385 ων
1234 1348 1315 1387 τοῦ
1350 1355 1475 1400 στρα-

868 1653 1030 1704 intelligi
1060 1652 1240 1692 Persicum
1268 1667 1384 1706 quem
1420 1657 1537 1707 vulgo

869 1717 1008 1747 vocant
1038 1712 1168 1748 sinum.
1225 1711 1338 1748 Adde
1365 1713 1442 1749 illic
1462 1726 1538 1750 no-

870 1769 955 1804 tatis
977 1767 1024 1803 de
1039 1768 1243 1804 Persarum
1269 1782 1377 1805 more
1402 1771 1538 1820 Heng-

871 1824 1063 1874 stenherg.
1083 1825 1142 1860 De
1163 1825 1242 1863 reb.
1266 1826 1537 1877 Tyriorr.pag.

874 1883 923 1921 51
948 1893 1055 1933 seqq.

1061 1959 1154 2011 Cap.
1173 1961 1357 2001 LXXXI.

926 2037 1141 2091 τεταγμένα
1170 2038 1210 2085 ἐς
1230 2036 1272 2078 τὸ
1292 2035 1447 2089 πεζόν.]
1474 2040 1538 2078 Ad

870 2095 1103 2132 locutionem
1125 2096 1226 2132 conf.
1249 2097 1360 2133 allata
1381 2096 1430 2133 ad
1455 2098 1536 2146 VII,

873 2154 939 2191 21.
982 2153 1057 2189 Pro
1079 2149 1133 2192 τό
1163 2150 1282 2200 πεζόν
1298 2183 1307 2201 ,
1330 2153 1434 2206 quod
1451 2156 1536 2191 Me-

873 2207 1014 2257 diceus,
1045 2210 1213 2246 Florent.
1252 2211 1312 2247 alii
1344 2210 1538 2259 exhibent,

871 2266 912 2302 in
943 2267 1135 2304 Sancrofti
1164 2267 1259 2304 libro
1299 2274 1420 2305 exstat
1450 2266 1537 2308 τόν
1571 2314 1574 2317 Γ

872 2319 988 2370 πεζὸν
1013 2324 1093 2363 scll.
1136 2320 1327 2372 στρατόνε
1370 2323 1417 2361 de
1461 2338 1538 2377 quo

875 2380 974 2416 conf.
996 2387 1091 2418 nott.
1114 2379 1162 2417 ad
1183 2381 1263 2428 Vll,
1284 2379 1352 2420 41.
1372 2381 1435 2418 Ad
1451 2396 1539 2419 ver-

875 2437 970 2473 bum
992 2436 1162 2489 εἶρέαται
1182 2438 1283 2477 conf.
1314 2437 1449 2475 Matth.
1472 2440 1539 2476 Gr.

877 2494 943 2528 Gr.
976 2495 1012 2538 §.
1048 2496 1129 2534 204
1157 2507 1246 2545 pag.
1274 2497 1356 2535 377
1387 2503 1423 2532 et
1442 2502 1540 2532 nott.

878 2547 926 2584 ad
943 2549 1084 2587 Herod.
1106 2551 1168 2598 Vl,
1190 2551 1257 2591 53.
1314 2551 1440 2589 Verba
1452 2552 1541 2590 δια-

876 2600 1027 2644 τάττειν
1065 2612 1101 2642 et
1138 2605 1368 2659 ἐξαριθμεῖν
1405 2607 1539 2644 eadem

876 2661 915 2696 in
936 2673 977 2696 re
1004 2662 1221 2700 invenimus
1249 2665 1331 2710 VH,
1354 2668 1419 2706 60.
1461 2665 1538 2699 Pro

879 2716 971 2756 ἕσαν
998 2725 1036 2755 et
1063 2717 1102 2756 11.
1132 2719 1159 2756 l.
1181 2727 1218 2756 et
1245 2732 1328 2770 cap.
1351 2722 1402 2760 83
1425 2718 1537 2755 exhi-

877 2773 944 2809 bui
964 2767 1082 2824 ἦσαν.

935 2829 1002 2868 καὶ
1029 2827 1262 2907 χιλιάρχαςῄ
1264 2845 1305 2869 τε
1333 2828 1397 2868 καὶ
1421 2844 1538 2881 μυρι-

1055 798 1117 842 Tot
1159 799 1205 842 δε
1235 797 1474 854 νησιωτικα
1532 808 1807 837 Insulaniexmari

1534 854 1752 928 &kam

1535 943 1572 969 q«.
1567 943 1592 960 ³0
1613 934 1688 961 Pers
1677 942 1728 962 ae
1740 936 1792 962 de-

1533 971 1665 1004 portent.

1670 841 1771 877 'c-Avc

1535 1280 1604 1307 Hae
1619 1280 1740 1320 quidem
1761 1289 1811 1316 pe-

1535 1313 1656 1342 destres
1675 1323 1793 1350 coplae,

1534 1353 1614 1393 544

1536 1404 1613 1431 dixis
1601 1414 1656 1432 ‘iae
1680 1404 1753 1432 illae
1783 1405 1812 1432 iu

1535 1439 1687 1477 1n3riatsla
1691 1459 1699 1472 ‚
1720 1440 1766 1467 ch'
1758 1448 1780 1466 1

1536 1472 1635 1500 undas
1655 1478 1713 1500 etc.
