1897 3340
408 194 1060 235 TERPSICHORE.
1120 195 1164 230 Υ.

1338 198 1421 236 129

153 303 297 347 στέασι
327 305 406 361 μὲν
436 304 480 346 οἱ
507 299 719 357 πρυτάνις
747 304 834 345 τῶν
852 299 1151 356 Ναυκράρων,
1182 303 1306 356 οἵπερ
1338 302 1421 346 ἔνε-

96 502 186 524 (zum
238 488 486 526 successerint
537 483 749 538 δήμαρχοι,

96 546 310 596 fungentes.
338 546 389 582 Et
410 557 532 597 quum
547 550 640 581 teste
660 545 753 580 Ari-

95 603 228 639 stotele
260 602 285 640 l.
318 601 346 638 l.
383 602 538 653 quaevis
572 601 692 638 tribus
722 613 753 637 s.

95 655 204 709 φυλή
223 665 386 710 quatuor
414 656 758 708 comprehenderet

94 717 258 766 trittyes,
310 727 409 767 quae
452 717 555 765 ipsae
583 714 757 765 singulae

95 774 285 823 quaternis
314 778 529 808 constarent
549 772 757 807 naum-ariis

95 832 232 880 (quam
264 827 569 865 distributionem
590 827 639 865 ad
661 829 756 864 civi-

92 886 188 922 lium
208 898 336 922 rerum
363 885 539 922 ordinem
560 892 596 921 et
617 885 756 921 tributa

94 943 237 979 civium
266 941 477 979 ordinanda
511 942 653 978 factam
674 954 754 978 esse

94 998 265 1047 tradunt,
306 1006 429 1036 ortam
456 999 563 1037 iliam
584 997 753 1050 quidem,

93 1063 135 1093 ut
153 1056 357 1107 probabilis
382 1062 437 1093 est
464 1053 756 1093 VVachsmuthii

91 1115 254 1163 suspicio
265 1115 304 1149 in
321 1111 753 1151 Hellen.Altertlnunsk.

91 1171 122 1218 Ι,
151 1172 178 1210 2
205 1183 294 1220 pag.
317 1172 397 1210 239
412 1199 421 1215 ,
444 1177 533 1206 ante
554 1170 754 1218 Solonem,

92 1239 169 1278 quo
199 1228 279 1263 fere
311 1233 485 1277 tempore
523 1240 667 1264 novem
697 1239 756 1263 ar-

92 1282 249 1321 chontes
269 1285 310 1319 in
336 1284 465 1320 Attica
489 1284 638 1320 civitate
660 1295 755 1320 con-

91 1341 361 1377 stituebantur:
381 1352 617 1392 quamquam
627 1341 756 1377 omni-

91 1410 143 1433 no
179 1396 226 1434 de
255 1398 336 1448 ipsa
363 1395 502 1432 harum
535 1397 757 1433 naucraria-

92 1467 179 1490 rum
198 1461 332 1490 natura
360 1454 554 1506 ipsiusque
589 1455 756 1490 nominis

92 1517 222 1562 etymo
243 1511 476 1547 accuratiora
511 1509 671 1547 desunt:
704 1510 754 1546 cf.

92 1568 134 1604 C.
155 1569 197 1604 F.
215 1568 426 1604 Hermann.
441 1564 660 1605 Lehrbuch.
679 1573 752 1603 etc.

91 1625 128 1670 §.
151 1626 204 1665 99
224 1631 305 1661 not.
328 1623 396 1673 5),
426 1622 501 1660 hoc
530 1625 647 1674 igitur
666 1624 754 1660 loco

89 1681 156 1718 ubi
190 1680 231 1720 οἷ
259 1675 466 1732 Πρυτάνις
494 1682 520 1717 1.
553 1694 586 1720 e.
615 1682 756 1731 praesi-

92 1738 152 1776 des
203 1750 455 1775 naucrarorum
504 1739 755 1789 appellantur,

88 1793 194 1831 haud
237 1796 314 1831 scio
355 1793 535 1846 equidem
574 1808 623 1832 an
663 1807 752 1832 cum

88 1849 363 1890 Wachsmuth.
402 1852 429 1889 l.
460 1852 487 1888 l.
526 1852 557 1899 I,
600 1854 619 1891 1
663 1864 752 1902 pag.

89 1908 186 1949 245.
217 1908 298 1949 246
326 1909 488 1958 intelligi
518 1907 682 1945 debeant
714 1907 755 1947 οἱ

90 1960 351 2017 τριττύαρχοι,
373 1966 440 2018 qui
463 1972 662 2009 vocantur,
685 1966 753 2017 qui

88 2035 159 2073 per
191 2023 361 2072 singulos
400 2035 555 2059 menses
586 2023 752 2059 vicissim

90 2076 264 2115 archonti
299 2086 492 2130 eponymo
537 2077 749 2116 adfuerint:

89 2137 142 2173 ita
161 2143 203 2172 ut
224 2134 473 2188 Thucydides
487 2137 589 2187 ipsos
609 2149 752 2174 novem

90 2191 290 2230 archontes
310 2205 444 2229 eortnn
458 2193 544 2230 loco
559 2194 751 2244 appellare

89 2251 268 2301 potuerit.
297 2251 421 2287 Penes
441 2263 536 2302 quos
557 2263 752 2287 summam

90 2319 219 2343 rerum
228 2307 468 2357 publicarum
478 2308 591 2344 fuisse
608 2320 752 2356 curam,

90 2364 169 2414 ipsa
190 2363 375 2401 Herodoti
393 2363 561 2401 indicare
575 2363 755 2402 videntur

90 2421 205 2457 verba
223 2432 232 2457 :
265 2420 308 2460 οἳ
323 2434 396 2473 περ
419 2419 559 2472 ἔνεμον
575 2417 664 2460 τότε
683 2418 755 2469 τοὶς

89 2471 286 2526 Ἀθήνας;
335 2484 380 2514 ut
409 2479 461 2514 ait
490 2475 754 2515 Schoemann.

88 2534 147 2569 De
175 2536 320 2571 comitt.
349 2547 438 2585 pag.
469 2535 545 2571 XII
581 2548 663 2572 11011
689 2542 750 2572 te—

88 2603 194 2627 mere
220 2593 302 2643 quis
323 2591 511 2640 coniiciat,
533 2603 595 2628 eos
616 2591 663 2628 de
674 2605 751 2643 pu-

89 2646 196 2684 blicis
234 2649 397 2698 negotiis
439 2649 671 2686 consuluisse
707 2662 750 2686 ac

91 2701 320 2752 decrevisse3
369 2718 609 2757 quamquam
635 2707 676 2741 in
710 2719 751 2742 re

91 2767 171 2796 tam
193 2760 351 2797 obscura
370 2762 425 2797 nil
440 2762 632 2799 affirmare
651 2763 753 2802 licet.

91 2817 164 2863 Qui
193 2815 298 2853 idem
327 2815 587 2857 Schoemann.
619 2820 644 2856 1.
666 2820 692 2856 l.
713 2833 753 2871 p.

147 2874 370 2911 Hrnono’r.
389 2875 456 2911 III.

807 488 902 524 Xlll
923 493 1004 524 not.
1027 483 1080 507 Ψ*
1109 493 1211 523 recte
1240 499 1304 524 eos
1325 488 1478 539 vitupe-

810 557 894 582 rare
928 543 1104 592 videtur,
1158 544 1224 595 qui
1257 543 1476 583 Archontes

813 601 1007 653 Cyloneae
1023 602 1292 638 coniurationis
1304 608 1478 653 tempore

813 664 992 710 prytanes
1040 670 1318 694 naucrarorum
1357 658 1478 696 dictos

815 728 896 752 esse
934 721 1084 765 putent.
1158 716 1330 766 „Neque
1373 717 1477 752 enim

816 771 923 820 (sunt
943 773 1023 822 ipsa
1043 771 1158 809 verba
1170 773 1239 808 viri
1251 772 1477 821 doctissimi)

813 829 1018 866 verisimile
1041 835 1115 875 est,
1146 827 1241 864 illud
1261 842 1404 865 nomen
1418 860 1427 877 ,
1449 831 1480 866 si

811 898 902 922 vere
923 883 1166 922 archontibus
1196 884 1362 922 inditum
1381 886 1478 924 fuis—

811 949 887 989 set,
928 949 1033 978 tanta
1064 942 1256 979 oblivione
1286 943 1478 980 obscurari

809 999 989 1050 potuisse,
1009 1005 1053 1036 ut
1073 1012 1094 1035 a
1113 1000 1270 1035 nemine
1290 1013 1478 1052 umquam

811 1055 949 1093 diserte
969 1063 1228 1093 memoratum
1247 1057 1320 1104 sit,
1348 1070 1478 1109 neque

812 1125 907 1164 opus
929 1120 984 1149 est
1002 1111 1075 1149 hac
1088 1114 1305 1150 coniectura
1322 1112 1369 1150 ad
1383 1127 1478 1150 con-

812 1169 1023 1207 ciliandum
1039 1183 1129 1207 cum
1148 1169 1344 1207 Herodoto
1362 1169 1478 1208 Thu-

813 1226 1006 1278 cydidem.
1064 1229 1196 1264 Potest
1229 1228 1383 1278 Cylonis
1405 1228 1477 1264 ob—

810 1283 906 1321 sidio
926 1285 1125 1321 Naucraris
1139 1297 1350 1337 eorumque
1369 1285 1477 1335 prin-

814 1341 960 1391 cipibus
981 1354 1010 1377 s.
1040 1342 1269 1393 Prytanibus
1294 1340 1479 1378 mandata

814 1410 914 1445 esse,
954 1396 1021 1434 sed
1048 1399 1120 1445 ita,
1156 1405 1197 1435 ut
1235 1396 1479 1435 Archontum

811 1455 974 1504 imperio
1006 1461 1085 1491 tota
1110 1468 1168 1491 res
1193 1454 1479 1492 administrare-

812 1517 885 1558 tur,
904 1509 1123 1563 hormnque
1151 1512 1257 1548 iussis
1289 1512 1344 1548 illi
1364 1524 1478 1562 pare-

811 1569 942 1604 rent-‘⁴
1015 1567 1119 1605 Add.
1157 1568 1198 1607 C.
1240 1569 1284 1606 O.
1325 1569 1480 1606 Miiller.

810 1625 904 1661 Dor.
925 1624 962 1660 II
984 1638 1023 1675 p.
1047 1627 1141 1666 137.
1166 1628 1245 1666 138
1275 1624 1322 1661 de
1343 1632 1478 1677 pryta-

812 1682 924 1719 nibus
943 1683 1078 1718 Atticis
1100 1680 1358 1732 disputantem
1370 1712 1379 1730 ,
1411 1683 1478 1734 qui

814 1746 977 1791 quatuor
984 1730 1146 1775 numero
1158 1740 1365 1791 antiquitus
1381 1752 1478 1775 con-

812 1797 932 1833 stituti
950 1795 1069 1833 iidem
1090 1803 1204 1847 atque
1226 1796 1268 1835 οἷ
1294 1796 1477 1847 φυλοβα-

810 1855 943 1900 σιλεῖς,
963 1854 1029 1905 qui
1051 1852 1210 1903 posthac
1229 1854 1355 1890 vocati
1374 1860 1476 1901 sunt,

810 1922 944 1946 omnes
964 1910 1202 1960 respublicas
1216 1923 1368 1946 summo
1389 1910 1476 1947 loco

809 1965 1130 2013 administrarint,
1183 1967 1327 2018 quique
1356 1965 1477 2003 iidem

808 2021 882 2060 hoc
914 2036 1068 2076 quoque
1092 2022 1278 2060 Herodoti
1305 2025 1391 2060 loco
1413 2024 1476 2060 iu-

809 2081 929 2131 telligi
949 2079 1139 2128 debeant,
1167 2081 1233 2117 ubi
1253 2083 1333 2120 τῶν
1358 2082 1473 2120 Ναυ-

807 2133 983 2190 κράρων,
1032 2139 1098 2189 qui
1117 2138 1348 2188 reipublicae
1368 2137 1473 2174 redi-

810 2195 910 2231 tibus
951 2193 1260 2232 administrandis
1293 2194 1474 2245 praefue-

809 2252 897 2300 rint,
919 2252 1159 2303 appellantur
1175 2251 1217 2291 οἱ
1238 2247 1474 2303 Πρυτάνεις.

808 2309 866 2345 Ac
887 2321 1003 2345 nemo
1017 2309 1096 2345 fere
1116 2310 1250 2356 nescit,
1267 2309 1475 2360 antiquiori

810 2378 905 2403 aevo
937 2379 1109 2403 summos
1151 2366 1395 2416 magistratus
1432 2366 1473 2401 111

808 2424 949 2460 Ιο11ω11
969 2436 1090 2475 aeque
1116 2435 1159 2459 ac
1169 2424 1318 2459 Dorum
1338 2423 1473 2459 civita-

808 2480 908 2517 tibus
928 2478 1033 2517 haud
1052 2492 1137 2516 raro
1165 2480 1293 2516 vocari
1314 2475 1473 2530 Πρυτά-

810 2551 903 2584 νεις,
925 2544 962 2574 et
983 2549 1073 2574 cum
1092 2537 1180 2588 ipsis
1202 2537 1354 2587 regibus
1375 2548 1471 2572 con-

806 2592 940 2641 fundiz,
958 2592 1005 2630 de
1023 2606 1099 2646 quo
1119 2595 1229 2644 plura
1259 2594 1301 2630 C.
1315 2593 1472 2630 0.Μὶὶί-

807 2651 863 2687 ler
882 2651 908 2687 l.
923 2651 949 2687 l.
970 2652 1006 2687 II
1025 2665 1064 2702 p.
1089 2650 1167 2691 134
1177 2663 1283 2702 seqq.
1300 2647 1471 2687 VVachs-

807 2705 933 2745 muth.
962 2708 989 2745 l.
1017 2708 1044 2744 l.
1072 2708 1102 2754 Ι,
1131 2710 1151 2747 1
1182 2720 1221 2757 p.
1247 2705 1327 2747 194
1363 2717 1468 2755 seqq.

810 2765 898 2801 coll.
932 2763 975 2801 C.
1000 2766 1044 2802 F.
1077 2765 1290 2800 Hermann.
1316 2763 1341 2799 l.
1371 2761 1396 2798 Ι.
1432 2760 1470 2803 §.

811 2821 865 2862 56
885 2827 983 2858 nott.
1015 2823 1080 2860 11.
1139 2820 1214 2865 Qui
1247 2811 1472 2868 Πρυτάνεις
