1897 3340
59 1434 158 1482 159

543 171 1013 210 POLYMNIA.
1072 172 1174 211 VII.

1406 179 1490 217 685

233 285 630 336 ,,συυελευθεροῦν,
673 279 742 325 ἄπ’
782 275 845 323 ὧν
882 278 988 335 ὑμῖν
1016 277 1199 334 μεγάλαι
1238 279 1419 336 ὠφελίαι
1446 301 1490 327 τε

233 350 332 400 ,,καὶ
369 349 618 405 ἐπαυρέσιες
633 349 868 431 ‚yeydvao‘c‘
901 346 1003 391 οὔτε
1033 346 1136 403 ἐμεῦ
1173 349 1315 390 εἵνεκα
1342 348 1546 403 ἤλθετεῖο

232 417 567 474 ,,βοηθήσουτες,
598 416 696 461 οὔτε
729 414 808 459 τόν
835 416 1033 468 Δωριέος
1063 415 1207 471 φόνον
1236 415 1491 470 ἐκπρηξόμε-

231 501 348 536 ,,νοι·
397 486 445 530 τό
475 488 520 530 δὲ
550 483 640 530 κατ’
667 483 822 540 υμέας,
860 481 963 526 τάδε
1003 483 1172 527 ἅπαντα
1202 481 1292 527 ὑπὸ
1332 483 1492 538 βαρβά-

202 559 223 593 3
234 565 380 607 ,ροισι
417 553 600 610 νέμεται

659 550 770 595 ἄλλα
811 547 860 595 εὖ
900 551 983 607 γὰρ
1026 550 1130 606 ἡμῖν
1159 551 1232 593 καὶ
1262 550 1329 594 ἐπὶ
1358 550 1406 593 τὸ
1441 549 1490 593 α’·-

231 637 411 677 ,μεινον
440 620 646 676 κατέστη·
680 624 764 664 νῦν
786 622 846 670 δὲ,
877 619 1022 674 ἐπειδὴ
1051 617 1336 674 περιελήλυθε
1362 617 1384 662 ὁ
1407 617 1490 662 πό·-

230 694 382 745 ,,λεμος
420 689 493 733 καὶ
531 686 708 731 ἀπῖκται
746 689 788 740 ές
828 688 983 744 ὑμέας,
1028 689 1143 732 οὕτω
1189 687 1243 744 δή
1293 687 1493 739 Γέλωνος

200 761 444 813 4,,μνῆστις
472 756 635 812 γέγονε.
673 756 857 812 Ἀτιμίης
888 757 933 800 δὲ
962 756 1074 810 πρὸς
1103 755 1251 812 ὑμέων
1282 755 1490 812 κυρήσας,
1502 763 1548 797 25

227 822 338 875 ,,οὕκ
369 823 642 880 ὁμοιώσομαι
669 823 799 880 ὑμῖν,
828 822 917 866 ἀλλ’
948 824 1117 879 ἑτοῖμος
1144 825 1243 880 ξείμι
1272 823 1491 879 βοηθέειν,

226 891 544 947 ,,παρεχόμενος
574 894 796 948 διηκοσίας
814 908 858 934 τε
880 891 1096 947 τριήρεας,
1129 894 1201 935 καὶ
1233 894 1490 946 δισμυρίους

225 958 451 1012 ,,ὁπλίτας,
484 961 556 1004 καὶ
587 962 797 1017 δισχιλίην
818 962 961 1012 ἵππον,
994 962 1066 1004 καὶ
1097 961 1334 1016 δισχιλίους
1372 958 1492 1012 τοξό-

226 1044 352 1079 ,,τας,
391 1028 463 1071 καὶ
502 1030 738 1084 δισχιλίους
779 1028 1096 1085 σφενδονήτας,
1141 1029 1215 1072 καὶ
1254 1029 1490 1083 δισχιλίους

226 1094 554 1152 ,,ἷπποδρόμους
593 1096 770 1148 ψιλούς·
801 1096 922 1140 σῖτόν
953 1113 998 1140 τε
1031 1095 1180 1153 απάσῃ
1204 1100 1257 1153 τῇ
1273 1095 1491 1152 Ελλήνων

226 1168 418 1221 στρατιῃ,
447 1163 528 1207 ἔστ’
559 1165 615 1208 ἂν
643 1163 1328 1222 διαπολεμήσωμεν,ὑποδέκομαι
1349 1167 1485 1220 παρέ-
1498 1177 1548 1212 30

195 1231 354 1283 6,.,ξειν

409 1229 503 1275 Ἐπὶ
532 1234 577 1276 δὲ
610 1232 727 1289 λόγῳ
755 1234 910 1289 τοιῷδε
938 1233 1040 1276 τάδε
1077 1233 1328 1290 υπίσχομαι,
1359 1235 1420 1279 ἐπ’
1455 1233 1489 1293 ᾧ

222 1299 490 1356 ,,στρατηγός
526 1317 572 1344 τε
610 1301 683 1344 καὶ
718 1300 892 1357 ἡγεμων
943 1318 1033 1344 των
1066 1300 1284 1358 Ἑλλήνων
1337 1304 1490 1360 ἔσομαι

224 1367 362 1421 ,,πρός
400 1369 479 1412 τόν
519 1368 771 1426 βάρβαρον·
811 1367 877 1413 ἐπ’
921 1368 1036 1427 ἄλλῳ
1078 1369 1123 1413 δὲ
1162 1369 1276 1428 λόγῳ
1314 1370 1404 1415 οὔτ’
1435 1373 1491 1416 ἂν

224 1435 384 1487 ,,αὐτός
420 1436 621 1494 ἔλθοιμι,
659 1436 748 1482 οὔτ’
779 1437 834 1482 ἂν
868 1436 1027 1489 ἄλλους
1056 1438 1314 1495 πέμψαιμι.“
1379 1443 1547 1485 Ταῦ-35

168 1656 246 1706 legi
283 1658 430 1695 mavult
462 1656 698 1712 ἕπανρέσις)
738 1661 825 1698 coll.

171 1712 353 1766 Thucyd.
373 1716 421 1764 ΙΙ,
453 1715 520 1756 53.

224 1789 267 1831 τὸ
301 1790 344 1831 δὲ
369 1790 452 1832 κατ’
476 1792 628 1843 ὑμέας]
669 1796 825 1832 Retinui

173 1845 228 1895 δὲ,
261 1850 366 1885 cuius
387 1850 472 1887 loco
497 1850 824 1902 Schweighaeus„

167 1905 285 1942 Gaisf.
316 1912 351 1942 et
380 1905 548 1945 Bekker.
580 1907 763 1945 dederant
783 1924 823 1947 τε

166 1974 188 1998 e
219 1961 304 1999 cod.
335 1963 502 2000 Florem.
533 1964 684 2015 alioque
713 1966 824 2002 libro.

163 2017 226 2055 Ad
248 2018 455 2056 dictionem
475 2021 573 2060 conf.
594 2020 729 2058 Matth.
757 2023 824 2059 Gr.

165 2076 291 2121 G1.§.
313 2075 395 2116 587
417 2077 453 2113 b.
474 2090 562 2128 pag.
579 2078 700 2119 1153.
731 2080 825 2115 Mox

164 2127 321 2170 ἅπαντα
351 2131 445 2183 (pro
476 2131 607 2173 πάντα
639 2134 741 2186 quod
762 2149 824 2171 re-

165 2189 278 2224 tinuit
306 2187 475 2227 Bekker.
488 2193 506 2237 J
539 2204 629 2228 cum
664 2199 823 2229 recentt.

167 2242 255 2280 edd.
291 2243 458 2283 exhibui.
515 2247 578 2284 Ad
611 2249 728 2286 verba
757 2248 822 2288 ἐπὶ

165 2296 209 2339 τὸ
231 2296 395 2349 ἄμεινον
401 2301 574 2368 κατέστη
603 2313 732 2342 mente
752 2305 823 2343 ad-

168 2355 233 2394 das
254 2357 342 2393 licet
362 2371 410 2394 τα
436 2356 667 2410 πρήγματας
688 2363 821 2410 utVII,

170 2415 262 2461 132,
276 2414 315 2450 in
329 2413 450 2450 melms
467 2428 522 2452 res
541 2419 646 2453 vertit
662 2431 692 2454 s.
712 2421 824 2457 cessit.

166 2468 230 2506 Ad
259 2470 420 2507 verbum
440 2467 704 2523 περιεληλυθε
723 2475 824 2513 conf.

168 2533 264 2563 nott.
287 2524 336 2563 ad
356 2527 420 2575 VI,
444 2530 536 2567 111.

225 2612 331 2655 οὕτω
373 2612 423 2667 δή
456 2614 635 2663 Γέλωνος
659 2618 827 2667 μνῆστις

167 2669 332 2724 γέγονε]
380 2673 550 2710 Pertinet
582 2671 657 2709 huc
697 2673 828 2711 obser-

166 2736 281 2766 vante
315 2728 565 2766 Valckenaer.
617 2730 826 2768 observatio

165 2784 350 2823 Demetrii
375 2785 466 2838 περὶ
487 2784 604 2838 Ἑρμ.
641 2787 680 2831 §.
711 2785 766 2828 57
793 2794 830 2824 et

882 1661 971 1712 Ta)
972 1661 1041 1698 lor.
1063 1661 1101 1697 in
1120 1659 1368 1699 Demosthen.
1384 1661 1545 1703 Midian.

881 1731 920 1769 p.
942 1721 1023 1759 299
1044 1732 1151 1771 seqq.

938 1775 1144 1824 διηκοσίας
1166 1789 1207 1813 τε
1225 1770 1427 1827 τριήρεας]
1469 1776 1545 1811 Ge-

880 1830 1011 1867 lonem
1053 1830 1235 1868 ducentas
1273 1845 1408 1878 naves,
1467 1830 1544 1869 duo

879 1888 998 1923 millia
1010 1889 1166 1939 equites,
1188 1887 1323 1924 decem
1343 1888 1461 1923 millia
1474 1901 1545 1939 pe-

883 1943 1005 1985 ditum
1035 1943 1249 1981 exhibuisse
1268 1943 1445 1995 Ephorus
1467 1952 1545 1981 tra-

883 1998 1040 2048 diderat,
1074 2008 1168 2038 teste
1199 1999 1330 2039 Schol.
1353 2000 1400 2038 ad
1430 2000 1545 2038 Pind.

881 2055 996 2107 Pyth,
1042 2058 1204 2104 1‚'146
1269 2058 1356 2095 coll.
1395 2057 1542 2108 Ephor.

880 2113 1060 2164 fraomm.
1081 2126 1169 2164 pag.
1192 2116 1273 2155 220
1293 2116 1417 2152 Marx.
1465 2116 1546 2151 Ne-

882 2183 956 2221 que
976 2169 1079 2207 hunc
1099 2184 1307 2208 numerum
1333 2184 1546 2223 exaggera-

880 2233 965 2263 tum
990 2227 1104 2264 fuisse
1125 2227 1216 2264 iude
1238 2201 1428 2279 colligo?
1437 2227 1544 2280 quod

879 2296 959 2320 non
980 2284 1032 2321 ita
1052 2285 1174 2321 multo
1195 2292 1279 2336 post
1288 2284 1448 2322 totidem
1465 2286 1544 2322 fere

880 2341 1006 2391 copias
1040 2342 1206 2379 emisisse
1244 2349 1420 2379 narratur
1449 2343 1545 2379 Dio-

880 2398 1009 2447 nysius
1045 2397 1147 2449 apud
1175 2397 1334 2436 Diodor.
1362 2401 1410 2446 ΙΙ,
1434 2398 1472 2439 5.
1491 2422 1541 2426 -

883 2451 1161 2505 ἱπποδρόμους
1182 2457 1314 2506 equites
1333 2468 1490 2493 cursores
1512 2468 1542 2491 s.

882 2520 1038 2546 cursores
1070 2516 1251 2562 equestres,
1280 2511 1430 2549 Solclats
1454 2511 1543 2548 dela

884 2566 1058 2603 cavalerie
1109 2567 1225 2616 legere
1272 2570 1542 2618 interpretatur

884 2619 1267 2672 Schweighaeuserus
1298 2624 1460 2660 conferri
1480 2624 1542 2658 iu-

884 2676 991 2715 bens
1010 2678 1204 2719 Schaefer.
1231 2679 1280 2717 ad
1310 2680 1426 2730 Greg.
1464 2679 1542 2716 Co-

886 2733 1003 2772 rinth.
1023 2749 1062 2786 p.
1094 2740 1158 2778 31.
1178 2739 1272 2776 870
1328 2710 1410 2772 Ado
1411 2747 1539 2772 voces:

885 2788 950 2830 ἐπὶ
981 2788 1024 2831 δὲ
1057 2788 1157 2845 λόγῳ
1195 2787 1471 2845 τοιῷδε-ἐπ’
1506 2792 1537 2846 ᾧ
