1897 3340
456 204 538 245 382

851 206 1317 244 HERODOTI

454 314 679 369 Ἀθηναῖοι
706 311 945 370 ὁμόψηφον
973 315 1049 359 τὸν
1067 319 1342 371 πολέμαρχον
1361 314 1585 360 ἐποιεῦντο
1607 322 1720 361 τοῖσι

458 385 756 438 στρατηγοῖσι·
814 377 869 436 ἦν
915 381 960 425 δὲ
997 381 1092 426 τότε
1131 383 1404 438 πολέμαρχος
1446 382 1720 441 Καλλίμαχος

454 448 728 505 Ἀφιδναῖος·
769 450 878 502 πρὸς
921 453 1083 493 τοῦτον
1122 450 1265 494 ἐλθών
1304 450 1565 507 Μιλτιάδης,
1607 452 1720 507 ἔλεγε

427 516 582 560 attide·
630 515 728 568 ‚‚'Ev
758 517 828 560 σοὶ
865 521 967 570 νῦν,
1012 519 1283 575 Καλλίμαχε,
1328 519 1418 562 ἔστι
1452 518 1481 574 ἢ
1509 521 1722 564 καταδου-

455 587 621 638 „Adeon
655 583 865 640 Ἀθήνας,
904 583 932 641 ἢ
967 583 1198 640 ἐλευθέρας
1235 585 1500 642 ποιήσαντα,
1551 587 1777 643 μνημό-ιο

455 663 596 706 ,,συνα
625 651 830 694 λιπέσθαι
861 652 901 703 ἐς
930 650 1009 695 τὸν
1036 651 1206 696 ἅπαντα
1235 653 1486 707 ἀνθρώπων
1505 655 1617 710 βίον,
1649 651 1721 698 οἷα

453 785 563 842 ,,γοέρ
604 785 678 841 δὴ,
734 786 776 838 ἐξ
806 781 863 830 οὗ
897 786 1097 842 ἐγένοντο
1133 789 1381 846 Ἀθηναῖοι,
1425 789 1467 840 ἐς
1507 791 1719 842 κίνδυνον

454 854 638 910 ,,ἥκουσι
666 853 877 910 μέγιστον.
928 856 1001 899 καὶ
1037 855 1095 913 ἦν
1123 855 1201 913 μέν
1234 872 1282 911 γε
1310 856 1577 908 ὑποκύψωσι
1606 861 1718 900 τοῖσι
1734 863 1774 897 15

395 995 544 1032 Miiller.
580 993 810 1032 Orchomen.
842 1006 930 1046 pag.
961 991 1054 1035 405.

395 1050 880 1103 Boeckh.Corp.Insoriptt.
895 1052 1054 1092 Graeco.

394 1109 519 1158 Ipag.
550 1110 674 1158 730);
721 1115 763 1145 ut
801 1121 891 1145 sane
926 1109 1054 1145 minus

393 1166 523 1201 mirari
543 1166 697 1213 subeat,
729 1166 794 1217 qui
826 1165 991 1213 factum,
1013 1172 1054 1202 ut

393 1220 554 1259 Athenis
582 1221 644 1259 hic
675 1224 918 1273 magistratus
949 1234 971 1257 a
991 1235 1055 1258 re-

392 1292 481 1315 rum
499 1280 722 1316 militarium
743 1291 834 1316 cura
862 1278 911 1316 ad
930 1291 1071 1328 nego-⁷

329 1328 332 1333 ⁸
392 1336 444 1372 tia
465 1337 601 1385 civilia,
622 1337 914 1388 peregrinorum
933 1337 1054 1386 potis-

390 1393 533 1429 simum
554 1394 678 1443 (nam
698 1392 803 1430 idem
824 1399 861 1430 et
880 1391 996 1430 hostis
1018 1399 1055 1429 et

390 1451 613 1500 peregrinus
634 1449 737 1501 apud
753 1457 898 1487 veteres
924 1456 962 1486 et
981 1448 1054 1486 ha-

390 1507 551 1543 bebatur
582 1514 619 1544 et
651 1507 873 1557 dicebatur)
904 1504 1054 1555 agenda

388 1563 503 1600 fuerit
522 1565 734 1602 translatus.
793 1564 892 1600 Hinc
921 1563 1054 1601 Glossa

388 1619 608 1657 Herodotea
628 1620 677 1657 ad
696 1621 737 1658 h.
758 1620 806 1657 l.:
847 1618 1052 1672 πολέμαρ-

388 1688 479 1727 χος·
516 1673 672 1729 ἅρχων,
703 1673 803 1729 πρὸς
825 1672 874 1716 ὃν
906 1691 1052 1728 κατηγ-

388 1736 543 1785 γυῶντο
563 1731 659 1781 τούς
676 1732 828 1781 ξένους.
864 1734 944 1770 Nec
966 1745 1052 1769 ma-

387 1791 444 1840 gis
469 1792 632 1839 mirum,
663 1789 768 1828 hunc
787 1791 1053 1841 magistratum

388 1859 510 1898 aeque
550 1860 593 1884 ac
631 1849 798 1900 reliquos
836 1846 1052 1884 Athenien-

388 1904 488 1940 sium
508 1907 749 1956 magistratus
770 1913 869 1943 sorte
890 1905 1052 1943 ductum

388 1974 491 2009 esse3
512 1960 560 1998 de
580 1962 656 2014 qua
676 1976 716 1999 re
733 1961 900 2000 diximus
921 1962 969 2000 ad
982 1964 1050 2011 111,

390 2018 456 2056 80.
528 2020 571 2054 ln
612 2018 685 2056 hac
723 2032 815 2057 vero
853 2021 1050 2057 sortitione

389 2086 509 2123 quum
530 2076 624 2112 fabis
644 2083 842 2113 uterentur
874 2089 942 2126 pro
973 2077 1048 2113 cal-

387 2131 480 2166 culis
501 2132 578 2168 sive
606 2134 776 2180 tesseris,
806 2132 896 2170 inde
924 2135 1048 2171 istius-

383 2186 492 2223 modi
511 2190 749 2238 magistratus
762 2187 1048 2229 dicunturnvoi—

389 2257 449 2295 μῳ
480 2242 664 2294 λαχόντες
699 2259 728 2282 s-
771 2242 852 2285 οἷπό
887 2243 1045 2298 κυάμου

388 2297 595 2349 ἄρχοντες,
626 2303 852 2352 κυαμευτοί.
882 2304 947 2340 Tu
968 2303 1045 2341 vid.

390 2359 676 2406 praeterStan.
698 2360 736 2394 iu
750 2360 845 2396 Lex.
864 2359 1045 2411 Xenoph.

384 2413 420 2448 11
440 2425 478 2463 p.
501 2415 583 2453 799
614 2427 635 2450 a
666 2414 734 2452 Cr.
767 2418 976 2454 excitatum
1003 2417 1047 2454 C.

384 2471 426 2505 1⁴¹.
450 2471 659 2508 Hermann.
693 2472 718 2508 1.
748 2472 771 2510 l.
795 2474 832 2517 ξ.
857 2476 935 2513 112
964 2480 1045 2512 not.

390 2527 407 2565 1
444 2523 555 2576 (coll.
588 2529 624 2573 §.
658 2528 736 2568 149
763 2536 843 2566 not.
875 2530 938 2579 1.)
969 2543 1046 2581 qno

386 2583 470 2619 loco
492 2584 554 2619 ille
575 2584 774 2633 observat,
814 2584 915 2623 hunc
937 2588 1047 2638 pole-

386 2638 587 2676 marchum
620 2640 740 2677 videri
768 2644 934 2692 primum
962 2657 1045 2680 ma-

386 2697 604 2746 gistratum,
637 2699 701 2749 qui
721 2706 818 2735 sorte
840 2701 888 2735 ita
912 2699 1047 2737 «luctus

388 2752 545 2789 Athenis
557 2756 778 2791 constitutus
790 2756 913 2793 merit.
923 2758 1048 2801 Quem

388 2809 553 2847 eundem
593 2810 869 2849 Callimachum
921 2815 1047 2851 minus

1111 999 1213 1030 recte
1242 994 1428 1031 Meursius
1456 994 1536 1031 Att.
1573 995 1697 1033 Lectt.
1725 996 1771 1042 ΙΙ,

1115 1047 1178 1097 14,
1211 1063 1328 1101 quem
1358 1051 1528 1102 sequitur
1565 1049 1696 1088 Knhn.
1725 1050 1774 1088 ad

1111 1106 1260 1143 Polluc.
1295 1107 1397 1143 VllI.
1426 1109 1493 1155 952,
1522 1109 1693 1158 primum
1722 1109 1774 1145 ait

1109 1161 1269 1199 Athenis
1302 1161 1376 1201 hoc
1409 1163 1647 1214 polemarchi
1681 1177 1773 1201 mu-

1109 1231 1182 1256 nus
1199 1220 1346 1270 obiisse,
1375 1219 1554 1258 inductus
1573 1234 1690 1273 prava
1710 1222 1773 1258 ln-

1110 1278 1381 1327 terpretatione
1410 1278 1575 1316 Pausan.
1606 1279 1636 1327 1,
1661 1277 1711 1318 15
1733 1279 1772 1324 §-

1109 1331 1148 1381 4,
1165 1340 1208 1370 ut
1226 1341 1334 1371 notat
1351 1332 1537 1375 Valcken.
1563 1333 1674 1372 Idem
1683 1334 1773 1372 Cal-

1109 1389 1265 1428 limach.
1303 1392 1434 1429 nobile
1471 1398 1606 1430 votum
1617 1418 1635 1437 ,
1693 1403 1771 1444 quo

1108 1447 1255 1483 Dianae
1277 1443 1471 1503 οἷγροτέρᾳ
1491 1455 1580 1486 ante
1599 1460 1773 1500 pugnam

1108 1503 1390 1542 Marathoniam
1418 1518 1459 1542 se
1489 1506 1772 1543 obstrinxerunt

1107 1559 1381 1610 Athenienses,
1425 1562 1558 1599 fecisse
1586 1562 1704 1599 fertur
1730 1563 1772 1597 in

1109 1615 1240 1654 Schol.
1261 1617 1310 1654 ad
1328 1617 1523 1669 Aristoph.
1553 1619 1656 1671 qu.
1674 1620 1770 1666 657,

1107 1673 1210 1710 unde
1222 1674 1425 1725 postmodo
1437 1675 1594 1724 factum,
1615 1682 1657 1712 ut
1671 1686 1771 1727 quo-

1105 1732 1231 1768 tannis
1250 1730 1346 1769 haec
1365 1744 1469 1770 sacra
1479 1746 1521 1783 p(
1531 1738 1679 1782 rageret
1697 1743 1771 1782 po—

1106 1786 1336 1826 lemarchus.
1357 1789 1415 1826 cf.
1427 1789 1613 1827 Meursius
1624 1786 1770 1826 Athen.

1107 1844 1256 1892 Att.11‚
1285 1845 1326 1886 5.
1382 1844 1446 1882 Ad
1472 1846 1600 1897 ipsum
1626 1845 1771 1882 Miltia-

1108 1899 1197 1936 dem
1219 1899 1293 1937 hoc
1323 1909 1459 1940 votum
1479 1903 1595 1940 refert
1613 1903 1768 1939 Aelian.

1106 1957 1154 1994 V.
1175 1959 1225 1995 H.
1254 1959 1304 2009 ΙΙ,
1333 1960 1403 2007 25,
1436 1960 1503 1996 ubi
1541 1958 1618 1998 vid.
1657 1959 1771 1995 Peri-

1107 2014 1254 2052 zonius.
1311 2014 1529 2054 Herodotus
1551 2028 1642 2053 vero
1663 2013 1769 2067 quod

1106 2083 1178 2106 neo
1212 2072 1290 2107 voti
1321 2070 1434 2109 huius
1473 2085 1544 2109 nec
1571 2084 1769 2109 sacrorum

1103 2124 1193 2162 hinc
1214 2130 1416 2178 quotannis
1432 2129 1688 2165 institutorum
1707 2129 1767 2165 fe-

1103 2184 1196 2219 cerit
1215 2187 1453 2222 mentionem
1467 2213 1477 2232 ‚
1509 2185 1767 2236 negligentiae

1101 2239 1296 2277 incusatur
1321 2254 1344 2278 a
1374 2240 1580 2280 Plutarcho
1609 2243 1644 2278 11
1672 2254 1763 2293 pag.

1101 2298 1183 2335 862
1202 2298 1249 2333 B.

1158 2348 1223 2391 Ἐν
1245 2352 1308 2392 σοὶ
1328 2356 1468 2393 νῦν-
1485 2354 1593 2404 ἔστι]
1623 2356 1682 2391 De
1702 2355 1763 2392 lo-

1102 2411 1255 2446 cutione
1276 2412 1421 2448 consul.
1436 2410 1571 2450 Matth.
1598 2413 1665 2449 Gr.
1695 2412 1762 2449 Gr.

1102 2478 1191 2516 pag·
1223 2467 1329 2508 1140
1359 2475 1396 2505 et
1423 2475 1521 2506 nott.
1551 2467 1601 2506 ad
1619 2469 1686 2516 111,
1708 2468 1762 2509 85

1103 2524 1186 2560 init.
1241 2523 1304 2561 Ad
1339 2526 1574 2563 locutionem
1603 2521 1764 2576 μνημό-

1104 2591 1206 2618 συνα
1239 2579 1427 2621 λιπέσθαι
1456 2582 1558 2620 conf.
1584 2582 1649 2629 IV,
1681 2582 1761 2622 166

1102 2637 1232 2688 ibique
1251 2646 1412 2676 nott.—
1431 2641 1475 2676 In
1496 2651 1602 2691 seqq.
1632 2651 1701 2689 pro
1722 2637 1763 2684 ἐς

1103 2693 1295 2735 κίνὸυνον
1323 2695 1455 2735 Valck.
1485 2697 1695 2746 suspicatur
1722 2693 1762 2741 ἐς

1103 2748 1246 2791 κινὸύν
1260 2769 1290 2793 ω
1303 2766 1348 2793 ν;
1371 2766 1446 2805 quo
1459 2760 1559 2794 certe
1569 2765 1647 2790 non
1667 2764 1762 2803 opus
1828 2758 1829 2761 ’
1864 2782 1865 2790 ,
1887 2748 1889 2758 “

1103 2809 1206 2846 libris
1238 2812 1457 2861 praesertim
1477 2811 1614 2847 invitis.
1660 2809 1759 2846 Cum
