1897 3340
412 267 497 308 294
810 265 1272 304 HERODOTI

384 373 596 426 θσθένεα,
626 368 687 431 τῷ
717 375 763 418 δὲ
791 373 1009 431 νεωτέρῳ,
1042 374 1253 428 Προκλέα.
1291 373 1478 423 τούτους
1506 371 1670 426 ἀνδρω-

415 441 596 494 θέντας,
629 441 790 492 αὐτούς
814 457 879 491 τε,
909 441 1145 497 ἀδελφεούς
1176 440 1347 492 ἐόντας,
1376 442 1548 497 λέγουσι
1579 443 1671 484 δια-

413 507 584 566 φόρους
613 507 724 552 εἶναι
753 510 830 552 τὸν
857 508 998 552 πάντα
1016 509 1176 565 χρόνον
1203 512 1276 566 τῆς
1307 509 1404 564 ζόης
1433 505 1670 564 ἀλλήλοισι,

413 576 487 620 καὶ
525 575 628 627 τοὺς
670 575 756 620 ἀπὸ
784 575 955 619 τούτων
992 576 1253 631 γενομένους
1288 575 1495 626 ὡσαύτως
1533 577 1669 619 &cats-

285 640 350 688 53
409 643 532 686 λέειν.
599 646 747 686 Ταῦτα
795 642 874 699 μὲν
911 643 1247 698 Λακεδαιμόνιοι
1291 642 1462 697 λέγουσι
1512 646 1673 698 μοῦνοι

86 707 357 776 ἓξξξοξὲξξῇέξθα,
409 710 638 766 Ἑλλήνων.
693 709 794 753 τάδε
825 710 893 759 δὲ,
938 712 1047 754 κατὰ
1074 710 1208 754 ταύτὰ
1237 710 1445 766 λεγόμενα
1473 708 1560 752 ὑπὸ
1586 707 1673 753 Ἑλ·
1686 715 1729 750 15

415 779 579 835 λήνων,
611 777 692 834 ἐγώ
723 776 901 834 γράφω·
931 777 1115 830 τούτους
1142 779 1228 835 γάρ
1259 779 1312 834 δὴ
1341 777 1446 829 τοὺς
1463 777 1675 833 Δωριέων

87 777 138 812 pio.
157 784 259 811 regum
271 775 358 802 Dori-

86 817 186 839 corum
193 812 336 837 *narrent-

360 967 451 1004 ματι
470 952 529 990 vel
545 951 667 988 simile
689 948 795 1002 quid.
852 949 962 995 Quod
977 951 1016 987 in

358 1022 465 1060 seqq.
505 1021 527 1044 a
553 1006 746 1054 mediceo,
786 1006 1017 1055 Florentino,

360 1065 462 1111 aliis,
485 1065 609 1100 abest:
641 1065 698 1114 τῷ
716 1061 914 1116 νεωτέρῳ,
938 1062 977 1099 id
997 1076 1017 1099 e

361 1117 504 1157 scholio
525 1121 563 1155 in
575 1126 725 1155 textum
737 1120 923 1169 irrepsisse
936 1133 1019 1156 sus-

361 1178 508 1227 picatur
538 1174 845 1225 Schweighaeus.
868 1198 920 1203 -—
957 1175 1019 1212 Ad

361 1245 498 1270 vocem
525 1227 719 1282 διάφορος
749 1232 850 1268 conf.
873 1233 918 1279 V,
952 1234 1019 1272 83.

361 1287 465 1325 Add.
480 1289 643 1324 Pausan.
673 1289 738 1333 III,
773 1290 787 1327 1
829 1289 866 1333 §.
897 1290 934 1335 6,
956 1289 1022 1339 qui

364 1344 500 1381 eadem
527 1343 663 1381 iisdem
689 1344 769 1380 fere
801 1344 923 1381 verbis
943 1351 1024 1381 tra-

340 1409 343 1413 *
364 1400 431 1440 dit.
468 1404 473 1408 ·

419 1453 514 1503 τούς
526 1452 604 1496 nini&
615 1453 767 1496 τούτων
784 1454 1023 1508 γενομένους

364 1529 403 1553 κ.
422 1527 457 1552 τ.
476 1514 527 1562 λ.]
560 1515 670 1560 „Non
690 1519 896 1563 repugnat,
918 1512 1022 1564 quod

363 1570 491 1607 scrIbit
509 1570 638 1605 Livius
667 1570 749 1616 XL,
772 1571 797 1609 8
828 1569 1023 1606 sociabilem

366 1628 609 1662 consortionem
628 1627 719 1662 inter
731 1626 827 1661 binos
838 1623 1022 1662 Lacedae-

366 1684 552 1718 moniorum
589 1694 686 1730 reges
729 1680 921 1718 salutarem
960 1694 1022 1731 per

367 1737 480 1774 multa
506 1737 622 1774 secula
639 1737 848 1787 ipsisfuz'sse
863 1739 1022 1786 patriae-

369 1794 471 1844 que.“
522 1795 645 1841 Nam,
675 1794 851 1844 privatim
877 1794 1025 1843 saepius

369 1848 570 1886 adversarii
590 1849 664 1885 duo
696 1862 802 1898 reges
831 1849 1027 1886 Lacedae-

367 1906 588 1942 moniorum
607 1906 805 1942 unanimes
833 1907 1028 1956 conspira-

369 1962 462 2000 bant
480 1963 519 1997 in
540 1963 713 2012 publicae
742 1962 797 1997 rei
817 1961 1028 1999 commodis

370 2017 561 2065 iuvandis3
613 2025 677 2054 aut
715 2019 830 2054 etiam
860 2019 957 2056 inter
989 2031 1029 2055 se

371 2073 610 2110 laudabiliter
625 2075 817 2111 certabant
840 2073 930 2124 περὶ
956 2076 1029 2113 τοῦ

371 2125 554 2181 ὁκότερος
577 2128 681 2168 πλέω
710 2125 846 2181 οἷγαθοὶ
868 2127 1028 2179 τὴνπα-

372 2185 486 2236 τρίδα
516 2182 740 2236 ἐργάσεται,
778 2192 822 2221 ut
849 2185 1028 2223 Aristides

371 2240 540 2292 loquitur
559 2241 742 2278 Herodoti
752 2242 849 2288 vm,
863 2244 930 2282 79.
950 2244 1030 2278 Ne-

373 2309 448 2348 que
486 2297 608 2333 noluit
647 2299 843 2348 Lycurgus
872 2310 1030 2334 concor-

374 2351 464 2388 dem
482 2353 597 2389 talem
627 2352 851 2390 discordiam
871 2355 909 2389 in
931 2355 1026 2391 civi-

372 2413 449 2444 tate
469 2421 536 2445 sua
565 2410 693 2445 loclun
722 2408 873 2446 habere.
930 2411 1026 2446 Plu—

373 2462 492 2502 tarch.
514 2465 530 2499 1
551 2478 587 2514 p.
611 2464 690 2505 598
712 2466 754 2502 C.
782 2467 816 2501 11
836 2478 924 2516 pag.
945 2469 1027 2507 232

376 2520 420 2556 C.
443 2522 523 2561 813
543 2521 614 2557 B.“
652 2521 869 2558 Valcken.
897 2522 1026 2559 Cicero

374 2574 433 2612 De
461 2575 574 2614 divin.
607 2577 654 2623 Π,
677 2577 727 2618 43
758 2578 930 2627 geminos
950 2579 1028 2614 sra-

373 2638 448 2668 tres
468 2645 790 2682 commemorans,
819 2635 873 2670 nil
903 2633 950 2671 de
969 2633 1028 2673 his

375 2686 532 2726 dissidiis
551 2688 673 2726 all'ert.

593 2746 683 2795 Cap.
705 2746 802 2782 LIII.

441 2801 572 2839 Ταῦτα
606 2798 678 2852 μὲν
714 2799 1027 2852 Λακεδαιμόνιοι

378 2853 533 2908 λέγουσι
552 2871 586 2898 κ.
608 2872 640 2898 τ.
661 2858 726 2908 λ.]
755 2859 860 2895 Bene
880 2860 1026 2897 Miiller.

1072 950 1098 987 l.
1118 951 1145 988 1.
1173 963 1260 1001 pag.
1291 949 1366 991 52:
1403 937 1582 998 ‘‚,Soweit
1611 947 1659 986 ist
1692 961 1732 986 es

1073 1007 1312 1057 Specialsage
1353 1004 1420 1042 der
1467 1004 1731 1042 Lacedaemo-

1072 1065 1166 1109 nier,
1188 1063 1252 1100 das
1272 1061 1466 1113 Folgende
1480 1060 1650 1099 berichte
1668 1059 1733 1098 ich

1074 1118 1173 1155 nach
1222 1119 1289 1156 der
1327 1117 1600 1156 Griechischen
1650 1118 1733 1154 Ge-

1074 1176 1317 1225 meinsage.“
1385 1177 1484 1211 Nam
1531 1177 1655 1219 τωῦτοι
1683 1171 1734 1210 ad

1077 1232 1339 1268 antecedentia
1359 1233 1539 1281 pertinet,
1568 1226 1662 1269 τάδε
1685 1228 1735 1266 ad

1078 1301 1143 1335 ea,
1175 1301 1271 1339 qnae
1299 1287 1476 1337 deinceps
1497 1292 1734 1323 enarrantur.

1076 1343 1163 1381 vid.
1184 1342 1317 1380 Matth.
1338 1345 1404 1380 Gr.
1427 1345 1492 1382 Gr.
1521 1356 1610 1394 pag.
1638 1344 1735 1383 870.

1077 1397 1402 1450 τούςἝλληνας,
1434 1413 1528 1451 quos
1551 1398 1591 1437 h.
1612 1400 1638 1436 1.
1658 1400 1737 1435 La-

1079 1458 1236 1494 conibus
1256 1458 1413 1507 opponit
1433 1458 1578 1503 Noster,
1600 1462 1636 1492 et
1646 1467 1737 1506 poe-

1077 1520 1132 1550 tas
1153 1514 1236 1550 illos
1258 1513 1324 1562 (de
1342 1513 1476 1565 quibus
1487 1513 1550 1560 Vl,
1564 1512 1617 1553 52
1635 1509 1736 1563 init.)
1793 1518 1797 1523 '

1077 1571 1286 1616 intellexit,
1324 1576 1362 1605 et
1400 1576 1543 1606 ceteros
1572 1569 1737 1605 Graecos

1077 1633 1278 1676 poetarum
1294 1626 1556 1662 auctoritatem
1570 1637 1737 1676 sequeu-

1078 1689 1134 1718 tes
1155 1688 1193 1720 et
1203 1682 1249 1718 ab
1262 1694 1392 1717 eorum
1404 1683 1618 1718 narratione
1639 1693 1738 1731 pen-

1080 1737 1224 1775 dentes.
1253 1739 1345 1774 Mox
1367 1751 1386 1773 e
1407 1739 1626 1775 Florentino
1647 1749 1739 1773 cum

1081 1793 1300 1844 Schweigh.
1333 1801 1369 1830 et
1400 1794 1517 1831 Gaisf.
1562 1793 1737 1843 reposui:

1082 1849 1181 1889 κατοὶ
1194 1845 1315 1888 ταύτὰ
1329 1845 1519 1901 λεγόμενα
1530 1848 1739 1899 (secundum

1082 1919 1146 1953 ea,
1183 1918 1273 1956 quae
1301 1905 1415 1943 eodem
1445 1906 1545 1943 modo
1571 1906 1616 1943 ab
1631 1906 1742 1942 omni·-

1084 1963 1147 1999 bus
1184 1963 1332 2000 Graecis
1367 1963 1627 2012 enarrantur),
1671 1960 1739 1998 ubi

1082 2019 1199 2069 vulgo
1218 2015 1317 2057 κατᾶ
1334 2015 1382 2057 τοὶ
1409 2014 1602 2071 λεγόμενα
1630 2018 1683 2067 (i.
1705 2030 1740 2056 e.

1083 2075 1272 2112 secundum
1304 2087 1368 2121 ea,
1408 2088 1497 2125 quae
1530 2075 1696 2112 dicuntur
1715 2085 1741 2111 α

1083 2131 1226 2181 reliquis
1247 2130 1444 2180 Graecis):
1478 2132 1516 2167 in
1550 2143 1627 2183 quo
1657 2131 1740 2180 ipso

1085 2187 1200 2223 Gaisf.
1222 2185 1317 2222 nihil
1329 2200 1368 2223 se
1379 2188 1549 2224 iuvenire
1562 2189 1623 2232 ait,
1634 2184 1740 2238 quod

1083 2243 1287 2293 improbet.
1344 2243 1400 2279 Ac
1420 2256 1509 2279 sane
1529 2245 1581 2280 ita
1605 2245 1742 2279 Noster

1083 2300 1114 2345 I,
1135 2300 1207 2339 95:
1230 2295 1328 2337 και-α’
1349 2301 1471 2337 ταῦτα
1491 2295 1637 2349 γράψω
1651 2298 1741 2336 coll.

1081 2355 1126 2401 V,
1149 2355 1200 2395 53
1218 2355 1283 2391 fin.
1303 2351 1403 2394 κατὰ
1422 2351 1664 2404 τοῖἜὶλληνες
1677 2351 1742 2393 λέ-

1082 2422 1206 2463 γουσι.
1263 2411 1315 2448 At
1340 2412 1547 2448 Florentini
1566 2412 1652 2448 libri
1680 2411 1740 2447 le-

1084 2468 1157 2503 ctio
1188 2467 1458 2517 significantior
1478 2481 1556 2505 esse
1576 2468 1654 2505 visa
1671 2473 1741 2504 est.

1085 2524 1157 2568 Qui
1184 2522 1287 2559 idem
1317 2524 1412 2560 liber
1439 2523 1542 2576 quod
1568 2536 1661 2560 mox
1681 2523 1741 2559 af-

1083 2580 1178 2615 fert:
1208 2575 1275 2618 v‘n'
1289 2575 1471 2631 α’λλήλων
1490 2592 1559 2631 pro
1580 2575 1741 2618 ὑπ’Ἑλ-

1082 2631 1241 2685 λήνων,
1271 2637 1312 2672 in
1343 2649 1388 2673 eo
1409 2634 1628 2686 Schweigh.
1655 2648 1741 2672 sus-

1082 2694 1229 2743 picatur
1264 2693 1379 2730 latere
1399 2688 1466 2732 ὑπ’
1497 2689 1628 2732 ἄλλων
1652 2690 1741 2731 Ἑλ-

1083 2745 1231 2800 λήνων.

1139 2799 1306 2850 τούτους
1332 2800 1408 2856 γοὶρ
1445 2800 1496 2855 δή
1525 2800 1620 2854 τούς
1651 2805 1740 2842 Δω-

1084 2858 1203 2913 ριέων
1239 2858 1425 2912 βασιλέας
1450 2874 1489 2900 κ.
1519 2874 1554 2899 τ.
1583 2858 1649 2909 λη]
1676 2856 1741 2897 Ad
