1897 3340
411 199 496 241 534
809 202 1273 239 HERODOTI

409 308 522 352 ἔτεκε
533 308 718 365 ἡμίονον
729 309 823 361 διξὰ
833 309 1018 363 ἔχουσαν
1028 310 1188 361 αἰδοῖα,
1198 309 1249 352 τὰ
1258 311 1347 365 μὲν,
1367 311 1608 364 ἔρσενος,τά
1619 316 1677 366 δὲ,

283 376 350 422 58
408 376 581 433 θηλέης·
614 376 920 430 κατύπερθεδὲ
934 370 1137 431 ἧντοὶτοῦ
1151 377 1337 432 ἔρσενος.
1375 379 1679 438 Τῶνᾶμφοτέῑ-

78 437 354 537 ζξξξηῖῗξζξζᾞὲξξ
409 461 501 500 ρων
518 445 651 498 λόγον
671 443 829 487 οὐδένα
842 444 1148 499 ποιησάμενος,
1179 444 1228 488 τὸ
1249 446 1402 500 πρόσω
1423 447 1677 502 ἐπορεύετο·

79 505 351 578 βξῖξξξζᾞῇἶῇαθ·
380 512 502 555 Ξσύν
533 512 578 555 δέ
618 514 661 555 οἵ.
695 510 718 555 ὁ
749 511 872 564 πεζὸς
903 510 1094 566 στρατός.
1128 512 1151 556 ὁ
1183 514 1228 557 δὲ
1257 514 1465 566 ναυτικὸς
1494 517 1572 568 ἔξω
1603 517 1681 561 τὸν

79 573 313 644 ξ’ὗξζῇζῇῑωῑυθ
386 577 733 634 3Ἑλλήσποντον
747 579 902 630 πλέων,
932 581 1050 633 παρὰ
1071 584 1155 636 γῆν
1171 581 1404 637 ἐκομίζετο,
1432 583 1484 626 τὰ
1500 584 1682 640 ἔμπαλιν

411 645 620 702 πρήσσων
641 650 720 689 τοῦ
750 651 895 701 πεζοῦ.
934 648 957 692 ὁ
984 648 1064 704 μὲν
1092 648 1177 704 γάρ
1195 651 1307 703 πρὸς
1331 651 1517 707 ἑσπέρην
1547 652 1677 700 ἔπλεε,
1693 658 1738 692 50

410 715 480 758 ἐπὶ
509 716 817 771 Σαρπηδονίης
851 715 987 772 ἄκρης
1026 715 1106 772 τὴν
1146 716 1294 770 ἄπιξιν
1332 718 1606 775 ποιεύμενος,
1638 720 1681 770 ἐς

411 779 490 836 τὴν
525 781 647 838 αὐτῷ
689 784 922 840 προείρητο
964 782 1214 844 ἀπικομένῳ
1253 786 1519 843 περιμένειν·
1568 785 1592 830 ὁ
1634 787 1680 831 δὲ

410 848 501 892 κατ’
531 849 714 905 ἤπειρον
746 851 926 906 στρατὸς
955 851 1066 908 πρὸς
1094 851 1159 908 ἠῶ
1188 869 1232 898 τε
1262 854 1336 897 καὶ
1366 853 1494 910 ἡλίου
1525 855 1679 900 ἀνατο-

352 1058 456 1083 nunc
495 1045 590 1083 illud
620 1044 720 1083 addo
737 1077 748 1096 ,
788 1048 828 1083 in
863 1048 1016 1099 tropicis

350 1103 552 1140 Americae
572 1103 790 1154 regionibus
806 1105 930 1141 mulos
939 1105 1016 1140 sre-

351 1159 529 1211 quentius
549 1161 651 1197 coire
683 1162 910 1213 prolemque
946 1174 1017 1212 ge-

351 1228 500 1264 nerare,
521 1223 615 1254 teste
635 1218 779 1256 Iacobs.
803 1217 851 1255 ad
865 1219 1015 1256 Aelian.

351 1273 398 1311 N.
421 1274 470 1310 A.
491 1275 577 1321 XII,
595 1277 644 1315 16
667 1274 813 1324 p.416‚
834 1276 899 1327 qui
912 1274 1016 1312 idem

354 1328 403 1365 ad
431 1331 480 1376 II,
500 1333 525 1370 7
547 1331 720 1368 observat
750 1329 922 1379 ’ἡμίονον
943 1331 1018 1369 dici

352 1387 538 1423 feminino
559 1401 713 1437 genere.
754 1387 1019 1440 Hermaphro-

355 1442 478 1479 ditum
490 1441 550 1479 hic
564 1443 724 1481 indicari
736 1446 924 1492 coniicias,
937 1459 1019 1482 rem

354 1501 549 1536 insolitam
569 1514 660 1537 sane
681 1514 724 1537 ac
745 1502 885 1539 miram
906 1502 1019 1539 inde-

343 1561 428 1607 ‘que
469 1558 585 1593 etiam
622 1556 788 1609 prodigii
825 1560 911 1596 loco
947 1558 1018 1596 ha-

352 1612 486 1650 bitam.
580 1613 583 1614 ⁷

563 1703 656 1754 cap.
677 1705 811 1743 Lvm.

409 1790 529 1844 λόγον
550 1789 697 1833 ου’δὲνα
722 1789 1013 1844 ποιησάμενος]

352 1851 410 1886 De
430 1850 624 1886 locutione
653 1849 834 1888 vid.·citt.
856 1850 904 1888 ad
933 1852 1014 1899 Vll,

356 1905 422 1946 14.
479 1906 543 1943 Ad
571 1908 688 1944 verba
721 1906 794 1955 ἔξω
831 1905 902 1947 τὸν
929 1906 1015 1947 Ἑλ-

355 1959 583 2013 λήσποντον
613 1962 744 2002 πλέων
765 1963 1018 2002 cons.Matth.

354 2020 422 2056 Gr.
445 2021 510 2059 Gr.
533 2021 570 2065 ξ.
591 2022 672 2061 397
692 2027 772 2057 not.
794 2025 811 2062 1
835 2034 923 2072 pag.
937 2024 1018 2063 697

355 2082 393 2112 et
408 2083 504 2113 nott.
526 2076 574 2113 ad
598 2076 741 2114 Herod.
762 2079 807 2126 V,
832 2081 922 2118 103.
961 2080 1020 2114 De

354 2132 631 2182 significat10ne
658 2135 765 2171 verbi
786 2135 1020 2183 κομίζεσθαι

356 2188 547 2239 quaedam
594 2191 705 2228 citavi
748 2190 797 2227 ad
835 2192 925 2238 vll,
964 2189 1019 2231 49

412 2298 460 2339 τοὶ
509 2299 676 2351 ἔμπαλιν
717 2297 908 2353 πρήσσων
945 2304 1021 2341 τοῦ

355 2358 504 2406 πεζοῦ]
560 2360 762 2407 „contrario
799 2358 1019 2408 pedestribus

357 2415 467 2463 copiis
516 2426 621 2450 cursu
643 2416 667 2434 “
737 2413 770 2452 S
784 2414 831 2452 ch
845 2414 1018 2464 weigh.

356 2469 471 2507 Haud
492 2471 599 2506 aliter
610 2471 688 2506 sere
707 2468 754 2510 τοὶ
773 2470 939 2520 ἔμπαλιν
949 2473 1018 2520 IX,

357 2529 425 2567 26.
439 2526 546 2573 56.1‚
557 2530 637 2568 207
653 2528 738 2564 coll.
752 2527 1020 2580 Pindnlymp.

356 2584 444 2626 XII,
470 2583 519 2623 15
541 2584 632 2633 (11)
667 2583 781 2635 Pyth.
812 2586 885 2621 ΧΠ
906 2586 973 2622 tin.

415 2637 480 2679 ἐπὶ
526 2641 813 2691 Σαρπηδονίης
872 2638 1017 2693 ἄκρης]

358 2696 416 2732 De
436 2695 510 2732 hoc
530 2694 718 2733 Thraciae
747 2701 1021 2748 promontorio,

359 2751 465 2803 quod
492 2753 686 2790 Melanem
704 2755 831 2790 sinum
852 2755 1019 2803 finiebat,

360 2809 593 2861 VVesseling.
633 2811 722 2848 citat
751 2810 960 2849 Eudoxum
980 2813 1021 2849 lu

1074 1046 1206 1085 Schol.
1237 1049 1417 1099 Apollon.
1447 1046 1623 1097 Rhod.1‚
1654 1051 1738 1091 922

1074 1111 1111 1141 et
1132 1103 1318 1156 Stephan.
1351 1107 1512 1157 Byzant.
1539 1119 1570 1142 s.
1589 1119 1625 1143 v.
1648 1118 1738 1156 pag.

1074 1163 1177 1209 662,
1228 1162 1358 1213 ibique
1396 1164 1569 1200 Holsteu.
1621 1161 1738 1199 Aliud

1073 1217 1356 1269 Sarpedonium
1366 1218 1481 1271 idque
1492 1219 1644 1256 Ciliciae
1652 1232 1739 1256 me-

1072 1282 1197 1311 morat
1230 1274 1411 1327 Aeschyl.
1451 1276 1601 1327 Suppli.
1641 1277 1738 1317 876.

1074 1333 1276 1369 Mannerto
1288 1334 1427 1383 Geogr.
1449 1332 1486 1372 d.
1501 1334 1564 1370 Gr.
1576 1345 1614 1370 u.
1627 1334 1739 1370 Rom.

1074 1389 1144 1425 Vll
1170 1403 1209 1439 p.
1243 1392 1326 1430 210
1346 1390 1542 1440 probabile
1575 1387 1738 1438 videtur,

1074 1444 1180 1482 idem
1217 1448 1536 1496 promontorium,
1576 1447 1639 1482 cui
1665 1459 1740 1483 no-

1075 1515 1165 1538 men
1181 1501 1366 1540 Serv-laium
1386 1502 1548 1548 (Herod.
1570 1503 1651 1550 Vn,
1664 1502 1739 1553 59)

1078 1558 1325 1608 Sarpedoniae
1356 1573 1511 1612 quoque
1540 1572 1646 1597 acrae
1665 1572 1741 1596 no-

1074 1628 1166 1651 men
1187 1614 1375 1652 habuisse.
1422 1619 1468 1653 Iu
1489 1629 1565 1668 quo
1587 1617 1741 1666 egregie

1074 1672 1138 1708 ille
1182 1672 1336 1708 fallitur.
1413 1674 1514 1709 Nam
1553 1672 1741 1710 Serrhium

1074 1730 1383 1778 promontorium
1418 1742 1538 1780 prope
1570 1731 1740 1766 Mesam-

1074 1786 1197 1821 briam
1232 1786 1349 1821 situm
1388 1784 1503 1822 hodie
1541 1787 1741 1836 cognitum

1073 1842 1231 1878 nomine
1261 1841 1349 1891 Cap.
1369 1841 1505 1890 Macri,
1526 1849 1569 1879 ut
1589 1841 1636 1879 ad
1656 1843 1740 1890 VH,

1076 1898 1129 1939 59
1166 1897 1432 1947 ostendemus3
1482 1898 1742 1950 Sarpedonium

1076 1956 1395 2005 promontorium,
1418 1954 1522 2007 quod
1542 1969 1646 1992 nunc
1667 1968 1741 1993 vo-

1078 2018 1185 2048 catur
1217 2010 1302 2062 Cap.
1334 2012 1466 2049 Κακία
1496 2025 1526 2049 s.
1557 2013 1740 2049 Gremiae

1075 2074 1208 2104 monte
1218 2094 1233 2112 ,
1278 2069 1340 2104 cui
1360 2069 1462 2118 rupis
1479 2067 1740 2118 Sarpedoniae

1075 2136 1219 2160 nomen
1241 2123 1342 2174 apud
1357 2132 1515 2171 veteres,
1536 2125 1741 2175 porrigitur

1073 2181 1113 2216 in
1134 2192 1251 2218 mare.
1305 2179 1388 2218 vid.
1412 2179 1741 2218 Choiseul-Gouf-

1074 2236 1301 2287 fierVoyage
1314 2232 1545 2290 pittoresque
1556 2251 1604 2274 en
1616 2238 1740 2275 Grece

1075 2293 1126 2329 T.
1147 2294 1183 2328 ΙΙ
1203 2306 1240 2343 p.
1276 2296 1367 2333 107.
1393 2297 1471 2335 110
1499 2301 1536 2331 et
1567 2295 1740 2332 tabulam

1076 2347 1375 2399 geographicam
1395 2351 1448 2387 ibi
1468 2350 1670 2399 adiectam,
1691 2365 1740 2390 ex

1078 2419 1152 2457 qua
1163 2413 1336 2443 accurate
1349 2409 1544 2460 utriusque
1553 2421 1741 2459 promon-

1076 2464 1163 2500 torii
1182 2464 1297 2500 situm
1317 2464 1404 2501 licet
1419 2477 1663 2516 cognoscere.

1133 2528 1233 2580 πρὸς
1253 2526 1316 2580 ηἀἳ
1336 2545 1376 2571 τε
1401 2529 1468 2569 καὶ
1495 2529 1613 2582 ἡλίου
1643 2527 1740 2572 οἴνα·

1077 2584 1220 2636 τολοές]
1251 2586 1339 2625 vid.
1377 2594 1474 2626 nott.
1511 2587 1561 2624 ad
1589 2587 1656 2636 IV,
1686 2587 1741 2630 44

1078 2643 1127 2680 de
1149 2642 1218 2680 hac
1245 2645 1451 2682 locutione.
1491 2645 1614 2681 Verba
1633 2658 1741 2698 seqq.

1079 2699 1127 2737 de
1147 2699 1268 2738 Helles
1306 2701 1460 2751 sepulcro
1499 2702 1621 2751 attigit
1656 2703 1743 2740 Eu—

1079 2756 1191 2795 stath.
1203 2757 1251 2794 ad
1263 2759 1421 2809 Dionys.
1442 2758 1630 2807 Perieget.
1645 2758 1740 2799 538.

1079 2813 1192 2860 Quod
1210 2816 1251 2852 in
1270 2816 1352 2867 ipso
1373 2811 1596 2852 Chersonesi
1604 2816 1740 2853 introi—

1885 2338 1893 2499 —4--u
1887 2307 1891 2327 ε’
