1897 3340
118 1174 184 1209 Quo
203 1173 309 1202 ordine

445 246 528 287 530
861 243 1328 281 HERODOTI

418 353 710 409 Ξστορνύντες
758 352 839 408 τήν
881 352 1001 397 ὁδόν.

1062 351 1121 403 ὥς
1161 350 1203 395 δ’
1237 352 1486 397 ἐπανέτελλε
1527 354 1551 398 ὁ
1582 354 1715 409 ἥλιος,

446 424 647 468 σπένδων
677 422 723 465 ἐκ
753 422 938 477 χρυσέης
968 420 1128 476 φιάλης
1169 422 1332 477 Ξέρξης
1362 422 1407 472 ἐς
1436 422 1516 478 τήν
1544 422 1716 467 θάλασ-

447 503 530 536 σαν
549 525 560 543 ,
612 489 757 544 εὔχετο
799 488 912 541 πρὸς
941 489 1020 532 τόν
1049 490 1200 545 ἥλιον,
1231 492 1444 545 μηδεμίαν
1474 492 1518 533 οἷ
1555 497 1744 534 συντυ-5

447 562 544 616 χίην
573 556 782 612 τοιαύτην
811 556 1036 611 γενέσθαι,
1067 557 1096 613 ἥ
1127 575 1204 613 μιν
1234 558 1392 601 παύσει
1422 557 1720 612 καταστρέψα-

449 633 555 672 σθαι
592 625 673 681 τήν
710 623 933 680 Εὐρώπην
974 622 1190 678 πρότερον
1234 626 1261 681 ἢ
1290 626 1356 668 ἐπὶ
1394 627 1574 681 τέρμασι
1605 631 1718 669 τοῖσι

427 694 627 749 δέκείνης
664 692 850 749 γένηται.
913 690 1146 748 εὐξάμενος
1177 695 1246 746 δὲ,
1292 694 1467 749 ἐσέβαλε
1506 694 1586 750 τήν
1617 691 1720 749 φιά-

447 767 529 818 λην
559 761 600 811 ές
620 759 697 803 τόν
723 759 1067 816 Ἑλλήσποντον,
1099 762 1173 804 καὶ
1193 760 1382 817 χρύσεον
1405 768 1615 817 κρητῆρα,
1644 761 1719 804 καὶ

418 827 668 884 4Περσικόν
699 830 836 884 ξίφος,
868 829 946 872 τόν
977 826 1192 884 ἀκινάκην
1221 830 1438 873 καλέουσι.
1469 833 1608 872 ταῦτα
1638 825 1777 872 odino

451 898 531 954 ἔχω
562 896 775 952 ἀτρεκέως
815 899 1036 951 διακρῖναι
1049 928 1060 949 ,

1112 895 1214 940 οὔτε
1252 899 1288 940 εἰ
1326 901 1387 955 τῷ
1427 894 1535 956 ἡλίῳ
1576 895 1719 940 άνατι-

448 966 542 1016 θεὶς
570 969 729 1020 κατῆκε
761 965 803 1016 ἐς
832 964 882 1009 τὸ
912 963 1122 1019 πέλαγος,
1182 964 1282 1009 οὔτε
1319 967 1355 1008 εἰ
1394 964 1648 1021 μετεμέλησέ
1678 965 1722 1007 οἱ

449 1035 527 1078 τὸν
563 1033 884 1088 Ἑλλήσποντον
924 1033 1266 1089 μαστιγώσαντι,
1307 1033 1381 1076 καὶ
1423 1031 1522 1075 ἀντὶ
1551 1031 1722 1075 τούτων

321 1107 387 1153 55
445 1102 526 1157 τήν
541 1092 771 1145 θάλασσαν
786 1100 1006 1155 ἐδωρέετο.
1053 1101 1130 1152 Ὡς
1160 1101 1206 1145 δὲ
1235 1099 1373 1144 ταῦτά
1400 1101 1445 1143 οἵ
1473 1099 1721 1156 ἐπεποίητο,
1733 1105 1776 1139 15

451 1170 675 1227 διέβαινον
704 1169 813 1214 κατὰ
843 1169 923 1226 μὲν
953 1168 1035 1225 τήν
1064 1169 1217 1226 ἑτέρην
1254 1172 1343 1212 τῶν
1373 1167 1606 1225 γεφυρέων
1641 1165 1723 1222 τὴν

389 1389 519 1442 phiala
539 1395 594 1425 est
605 1401 728 1435 aurea,
749 1386 900 1425 videtur
909 1401 1060 1425 sacrum

391 1445 489 1483 illud
508 1459 588 1483 esse
608 1447 810 1482 Persarum
839 1458 923 1492 vas,
954 1444 1059 1496 quod

394 1517 464 1540 rex
483 1503 660 1539 manibus
679 1509 812 1538 tenens
833 1514 937 1538 sacra
956 1503 1059 1549 t'acit,

394 1567 553 1612 'quoque
586 1557 770 1595 Ormuzdi
800 1559 972 1594 minister
1007 1560 1059 1595 si-

394 1617 609 1667 gnificatur.
666 1617 817 1652 Nomen
837 1616 891 1651 illi
911 1614 1058 1663 Havan,

394 1675 419 1709 i.
441 1685 472 1708 e.
504 1672 710 1723 poculum,
759 1677 853 1707 teste
893 1672 1057 1709 Heeren.

393 1728 451 1767 Id.
474 1731 509 1773 Ι,
537 1731 555 1768 1
575 1742 614 1779 p.
633 1729 728 1773 233,
751 1729 816 1778 qui
827 1725 927 1764 hanc
947 1726 1060 1778 phia-

395 1787 473 1822 lam
494 1797 562 1836 pro
582 1784 731 1835 piaculo
752 1785 793 1819 in
821 1796 927 1820 mare
948 1785 1060 1820 fuisse

396 1843 610 1879 coniectum
640 1841 841 1876 arbitratur
872 1853 893 1876 a
916 1842 1059 1888 Xerxe,

398 1899 640 1936 dissentiente
662 1895 855 1933 Kleukero
887 1898 911 1933 l.
933 1898 973 1944 l.,
996 1898 1062 1948 qui

395 1954 501 2007 quod
530 1955 626 1991 mari
656 1952 872 1990 sacrificarit
901 1955 1061 2001 Xerxes,

395 2025 546 2049 sacrum
563 2012 679 2047 etiam
700 2010 871 2046 oblatum
896 2011 950 2046 illi
967 2023 1063 2047 cou-

396 2075 584 2105 secratum
599 2067 709 2104 fuisse
719 2066 955 2116 proiieiendo
977 2068 1062 2103 exi-

396 2126 549 2171 stimat3
580 2126 630 2160 ita
652 2129 693 2160 ut
714 2122 761 2158 de
781 2124 931 2173 piaculo
945 2154 954 2169 ,
985 2136 1061 2175 quo

397 2181 461 2217 ille
490 2193 598 2217 mare
627 2181 770 2215 iratum
799 2180 870 2215 sibi
903 2180 1065 2216 voluerit

396 2239 604 2288 propitiiun
623 2234 780 2271 reddere
792 2238 818 2283 ‚⁵
828 2236 985 2285 cogitari
999 2249 1065 2271 ne-

398 2300 534 2345 queat,
579 2299 693 2342 atque
723 2292 926 2327 Persarum
955 2305 1022 2327 rex
1045 2305 1064 2327 e

396 2361 602 2400 magorum
631 2347 802 2384 doctrina
823 2360 866 2383 ac
897 2347 1064 2398 discipli—

397 2418 446 2442 na
468 2418 536 2456 pro
556 2417 662 2440 morc
694 2405 746 2439 ita
775 2404 894 2452 egisse
923 2411 1066 2454 putan-

398 2460 468 2499 dus
506 2463 565 2498 sit.
634 2462 894 2511 Quaecunque
933 2468 1062 2497 autem

398 2519 493 2554 mari
533 2518 659 2555 oblata
689 2515 841 2553 tradidit
880 2530 966 2564 rex,
1019 2531 1063 2554 ea

399 2575 529 2612 omnia
562 2586 673 2610 aurea
694 2574 806 2610 fuisse
826 2586 875 2609 ne
896 2575 1063 2621 mirerist,

399 2632 530 2669 omnia
558 2632 759 2667 Persarum
799 2643 932 2679 regum
971 2632 1064 2667 insi-

399 2689 502 2739 gnia,
535 2686 658 2734 dona,
687 2687 955 2737 supellectilia,
986 2689 1059 2724 alia

399 2757 511 2782 aurea
541 2746 581 2781 iu
601 2744 763 2793 antiquis
792 2757 945 2795 quoqne
965 2745 1061 2781 Per-

1114 1389 1339 1425 Viennenss.
1371 1387 1429 1423 IX
1458 1400 1496 1438 p.
1518 1388 1573 1428 62
1592 1398 1684 1437 seq„
1712 1384 1780 1420 ubi

1115 1446 1223 1496 plura
1245 1444 1469 1480 afferuntur.
1509 1445 1642 1494 Itaque
1664 1442 1781 1478 etiam

1115 1515 1185 1538 rex
1213 1504 1417 1538 Persarum
1437 1500 1506 1537 sub
1527 1513 1634 1537 aureo
1652 1504 1781 1534 tento-

1116 1560 1172 1595 rio
1204 1564 1461 1596 commoratus
1492 1570 1571 1593 esse
1598 1552 1782 1593 >narratur

1115 1616 1195 1661 vll,
1230 1618 1323 1655 100.
1382 1615 1432 1650 Et
1463 1613 1563 1650 conf.
1584 1619 1779 1664 praeterea

1115 1670 1296 1720 Xenopli.
1318 1671 1442 1707 Anab.
1464 1672 1492 1716 Ι,
1510 1673 1534 1710 2
1557 1671 1594 1714 ξ.
1608 1671 1674 1710 27.
1696 1669 1778 1704 He-

1116 1728 1197 1765 rod.
1220 1729 1282 1773 ΙΙΙ,
1304 1729 1370 1766 20.
1393 1727 1490 1774 vlu,
1518 1727 1608 1766 120.

1175 1783 1226 1829 ὥς
1257 1780 1288 1822 ὁ’
1326 1782 1551 1822 ἐπανέτελλε
1579 1780 1604 1822 ὅ
1631 1777 1776 1832 ἥλιος]

1117 1842 1287 1877 Verbum
1317 1838 1592 1878 ἐπανατέλλειν
1622 1837 1670 1874 de
1698 1838 1779 1874 sole

1117 1900 1247 1935 oriente
1268 1898 1485 1933 invenimus
1513 1897 1561 1942 ΙΙ,
1595 1893 1688 1935 142.
1715 1895 1782 1943 111,

1119 1953 1185 2002 84,
1208 1967 1284 2006 quo
1307 1952 1445 1990 eodem
1464 1965 1576 1990 sensu
1606 1946 1782 2001 ἀνίσχειν

1120 2017 1156 2047 et
1177 2007 1333 2049 άνιέναι
1356 2011 1421 2057 ΠΙ,
1436 2009 1503 2051 85.
1516 2032 1567 2037 ——
1584 2007 1647 2044 Ad
1666 2008 1783 2044 verba

1119 2064 1266 2106 παύσει
1299 2064 1655 2117 καταστρέψασθαι
1676 2064 1782 2102 conf.

1121 2125 1164 2171 V,
1187 2126 1239 2164 92
1262 2125 1298 2169 ξ,
1312 2126 1349 2169 3,
1371 2123 1436 2158 ubi
1455 2122 1569 2158 simili
1588 2119 1706 2157 modo
1719 2133 1782 2157 ar-

1117 2181 1255 2216 ticulus
1293 2182 1365 2217 τοῦ
1413 2185 1501 2215 ante
1550 2177 1782 2214 infinitivum

1120 2239 1320 2272 omittitur.
1379 2237 1436 2271 De
1466 2237 1611 2272 acinace
1632 2233 1711 2271 dixi
1732 2233 1781 2271 ad

1119 2294 1184 2339 ΙΙΙ,
1214 2294 1303 2332 118.
1361 2291 1423 2328 Ad
1455 2298 1683 2329 structuram
1710 2304 1782 2329 vo·-

1121 2360 1230 2386 cum:
1282 2348 1410 2396 ξίφος,
1457 2345 1545 2388 τόν
1584 2343 1783 2399 ἀκινάκην
1828 2354 1833 2355 ’
1875 2366 1877 2379 ¹

1119 2404 1316 2451 καλέουσι,
1339 2404 1416 2442 vid.
1438 2406 1485 2441 G.
1506 2407 1716 2442 Hermann.
1733 2403 1783 2442 ad

1119 2464 1247 2513 Vigor.
1270 2462 1317 2498 (le
1338 2461 1564 2499 Idiotismm.
1585 2475 1673 2513 pag.
1686 2463 1778 2503 708.

1120 2542 1166 2547 -
1215 2521 1258 2555 111
1289 2519 1364 2555 fine
1395 2531 1479 2569 cap.
1506 2514 1658 2558 τούτων
1693 2516 1783 2555 dedi

1119 2588 1188 2627 pro
1207 2574 1391 2615 τουτέων.

1347 2665 1438 2716 Cap.
1463 2664 1543 2701 LV.

1174 2743 1376 2797 διέβαινον
1412 2739 1511 2782 κατά
1539 2739 1612 2794 μὲν
1642 2737 1717 2794 τήν
1737 2739 1778 2781 ἕ-

397 2814 525 2838 sarum
545 2801 776 2838 carminibus
809 2801 1058 2850 celebrantur,
1113 2800 1232 2854 τὲρην
1256 2817 1291 2842 κ.
1309 2817 1344 2841 τ.
1363 2802 1417 2850 λ.]
1449 2798 1533 2838 vid.
1556 2811 1669 2850 supra
1689 2799 1771 2846 VII,

397 2864 492 2896 teste
511 2859 542 2898 Ι.
565 2856 613 2896 de
632 2860 828 2897 Hammer.
851 2858 889 2893 in
902 2859 1056 2898 Annali.

1115 2861 1168 2900 36
1198 2872 1278 2911 seq.
1335 2857 1398 2895 Ad
1437 2869 1550 2895 voces
1578 2853 1679 2910 πρός
1704 2858 1780 2896 τοῦ·

1851 458 1854 474 l

1852 483 1854 497 Ι

1854 568 1856 579 ι
