1897 3340
76 845 140 891 38

530 190 1001 228 POLYMNIA.
1061 190 1163 228 Vll.

1401 197 1484 235 5⁰3

220 304 359 352 ρανοῦ
389 300 539 357 ἕδρην,
571 298 743 355 ἀφανὴς
772 292 849 353 ἦν,
883 295 972 340 οὔτ’
1005 296 1274 352 ἐπινεφέλων
1310 298 1481 348 ἐόντων,
1496 306 1540 343 40

189 370 402 423 3αἰθρίης
422 384 465 410 τε
495 367 548 410 τὰ
575 365 782 422 μάλιστα·
815 363 911 408 ἀντὶ
940 363 1099 420 ἡμέρης
1127 381 1172 407 τε
1192 364 1272 417 νύξ
1301 365 1481 420 ἐγένετο.

214 434 367 479 Ἰδὸντι
390 436 525 479 δὲκαὶ
554 432 745 488 μαθόντι
774 437 905 476 τοῦτο
933 437 994 490 τῷ
1018 433 1156 488 Ξέρξῃ
1180 432 1369 489 ἐπιμελὲς
1399 433 1482 489 ἐγέ-

215 519 340 546 νετο·
390 503 461 545 καὶ
489 503 622 555 εἴρετο
653 500 758 551 τούς
788 501 955 556 μάγους
985 501 1034 544 τὸ
1067 500 1185 544 θέλει
1215 503 1481 557 προφαίνειν

186 571 265 613 4τό
295 569 453 625 φάσμα.
504 570 548 613 οἷ
576 568 621 611 δὲ
652 568 846 623 ἔφραζον
877 567 935 619 ὥς
966 569 1175 625 ,,”Ἐλλησι
1203 570 1484 635 προᾷεικνύει

212 635 263 689 ,,ὁ
300 637 403 687 θεός
446 636 637 688 ἔκλειψιν
681 640 772 680 τῶν
810 635 1286 691 πολίων·“,λέγοντες
1327 638 1536 694 ,,ἥλιον45

213 702 352 757 „sivan
383 702 608 759 Ἑλλήνων
640 705 936 758 προδέκτορα,
979 703 1166 760 σελήνην
1194 705 1259 756 δὲ,
1293 706 1481 762 σφέων.“

211 771 464 827 πυθόμενος
485 772 530 815 δὲ
559 776 695 815 ταῦτα
727 771 935 830 ὁΞέρξης,
968 773 1204 829 περιχαρὴς
1234 773 1315 816 ἐών
1345 775 1482 819 ἐποιέ-

207 855 276 882 ετο
296 838 375 895 τὴν
397 840 555 884 ἔλασιν.
611 840 686 891 Ὡς
717 840 753 883 ὁ’
785 840 987 896 ἐξήλαυνε
1017 841 1098 897 τήν
1129 842 1348 896 στρατιὴν,
1383 841 1479 886 Πύ-

205 913 307 960 θιος
336 907 361 951 ὁ
398 908 564 963 Λυδὸς,
605 908 953 964 καταρρωδήσας
996 910 1045 954 τὸ
1085 910 1132 953 ἐκ
1162 913 1242 953 τοῦ
1277 908 1476 966 οὐρανου

146 1118 224 1158 quo
251 1104 314 1143 hic
340 1104 517 1153 traditur,
549 1105 677 1142 reversi
707 1107 809 1143 acci-

146 1162 243 1200 disse
253 1170 396 1213 negant
408 1162 545 1199 harum
565 1176 692 1199 rerum
706 1165 809 1214 peri-

145 1220 186 1268 ti,
209 1233 303 1272 quos
325 1219 373 1256 ad
394 1218 432 1256 h.
450 1221 473 1256 l.
497 1221 637 1256 excitat
648 1222 807 1258 &Nesse-

145 1277 299 1327 lingius,
322 1289 443 1328 quum
465 1277 552 1313 solis
573 1276 734 1314 defectio
747 1279 807 1314 vi-

144 1334 258 1370 sibilis
278 1335 317 1370 in
336 1335 426 1370 Asia
445 1334 584 1370 minori
604 1334 717 1371 suerit
737 1347 809 1371 an-

142 1390 185 1426 ni
204 1388 282 1432 481
308 1403 342 1427 a.
364 1389 434 1427 Ch.
458 1404 498 1427 n.
519 1403 619 1438 vere,
651 1398 689 1427 et
717 1392 809 1427 anni

143 1445 226 1487 479
257 1454 463 1495 autumno,
508 1448 648 1484 Xerxis
676 1455 808 1485 autem

142 1502 333 1554 expeditio
361 1505 400 1540 in
421 1505 623 1541 Graeciam
644 1504 754 1542 cadat
765 1507 806 1541 in

141 1572 288 1597 annum
318 1563 401 1602 480
432 1574 466 1598 a.
488 1559 638 1597 Chrqn.
682 1563 806 1614 Equi-

141 1615 230 1654 dem
259 1618 312 1653 nil
340 1616 572 1665 discernam3
612 1617 653 1654 id
681 1632 805 1656 unum

139 1675 261 1710 teneri
281 1675 409 1723 velim,
432 1675 478 1711 ab
491 1674 686 1712 Herodoto
707 1689 802 1724 rem,

140 1743 238 1782 quae
258 1732 354 1768 mira
374 1733 507 1783 utique
526 1733 604 1768 visa
627 1739 682 1769 est
691 1733 803 1769 Asia-

140 1789 221 1824 ticis
241 1786 461 1825 hominibus
491 1801 562 1825 nec
583 1789 662 1825 ullo
682 1789 801 1826 modo

81 1891 88 1895 .
138 1844 190 1880 ita
202 1844 294 1894 fingi
314 1845 491 1895 potuerit,
504 1846 555 1881 ita
567 1844 665 1881 tradi
675 1847 800 1895 prouti

138 1901 185 1937 ab
210 1901 342 1938 incolis
370 1902 459 1938 talia
486 1900 659 1952 prodigia
680 1901 801 1938 firmi-

136 1964 194 1994 ter
223 1959 438 1995 tenentibus
455 1988 464 2006 ,
487 1966 696 2008 acceperat.
754 1961 800 1995 In

137 2027 212 2067 quo
234 2014 338 2066 quod
347 2016 459 2052 unius
472 2016 563 2051 anui
579 2022 700 2052 exstat
720 2014 799 2053 dis-

136 2073 352 2122 crepantia:
385 2073 445 2109 vel
464 2073 627 2108 maiores
638 2073 676 2108 in
693 2079 796 2109 tem-

136 2140 275 2178 porum
305 2129 513 2165 rationibus
548 2131 703 2179 reperiri
724 2128 798 2166 ho-

136 2183 198 2221 die
218 2184 486 2236 discrepantias
506 2186 545 2221 in
572 2187 684 2223 rebus
711 2184 798 2222 me-

135 2240 240 2277 ximii
269 2240 344 2278 fide
381 2243 561 2279 enarratis
608 2244 691 2295 quis
731 2250 796 2291 est,

136 2298 203 2348 qui
229 2295 380 2348 neget?
437 2298 654 2336 Herodotea
686 2313 798 2351 repe-

135 2360 267 2390 tuntur
299 2354 420 2390 ferme
449 2367 470 2391 a
491 2355 622 2393 Schol.
642 2356 797 2394 Aristid.

134 2422 222 2460 pag.
243 2411 604 2451 222Fr01nmel.—
626 2412 688 2449 Ad
710 2412 797 2453 ἐπι-

135 2463 247 2516 μελὲς
259 2465 410 2518 ἐγένετο
431 2467 480 2503 cf.
502 2474 599 2509 nott,
612 2468 660 2506 ad
669 2470 715 2517 V,
730 2472 795 2510 12.

205 2519 250 2562 τό
308 2521 402 2561 θέλ
413 2537 430 2561 ε
443 2537 457 2561 ι
517 2524 759 2574 προφαίνειν
775 2526 794 2574 ]

136 2576 356 2629 Schweigh.
397 2585 434 2614 et
469 2579 586 2616 Gaisf.
631 2594 678 2617 ex
717 2594 796 2618 uuo

134 2635 341 2672 Florentin.
359 2642 608 2685 reposuerunt
628 2635 796 2676 θέλοιύῐ

135 2691 231 2740 stylo
264 2691 449 2728 Herodoti
496 2693 795 2732 convenientius.

135 2746 347 2796 Equidem,
377 2747 577 2785 conferens
615 2749 678 2797 IV,
703 2751 794 2789 131.

136 2802 199 2850 VI,
230 2805 296 2851 37,
326 2806 500 2842 revocavi
522 2802 643 2844 θέλει.
684 2805 793 2845 cont.

1460 914 1477 922 1-

867 1107 948 1155 VH,
982 1105 1033 1146 49
1055 1107 1092 1152 ξ.
1115 1109 1153 1146 2.
1211 1108 1305 1143 Mox
1335 1121 1404 1158 pro
1431 1106 1530 1156 ἔφα-

866 1175 939 1202 σαν
961 1176 1064 1200 nunc
1086 1170 1186 1200 recte
1208 1163 1331 1201 editur
1344 1163 1530 1217 ἔφραζον.

865 1221 976 1257 Conf.
993 1221 1074 1268 VII,
1106 1223 1202 1261 219·

919 1275 1192 1329 προδέκτορα]
1236 1279 1329 1325 „Ex
1367 1278 1530 1329 προδεί-

864 1332 1529 1386 nvomvenitnoode'moep,praemon-

864 1395 996 1428 strator
1017 1391 1189 1428 malorum
1201 1398 1237 1428 et
1247 1396 1345 1429 vates
1357 1391 1528 1443 quidam.

862 1449 992 1498 Magi,
1025 1444 1237 1498 φάσματος
1265 1449 1446 1485 mirabilis
1466 1450 1527 1484 in-

862 1512 1056 1556 terpretes,
1077 1504 1332 1555 respondent:
1357 1506 1470 1553 solem,
1496 1507 1527 1542 si

863 1561 957 1613 quid
977 1569 1125 1612 praeter
1153 1570 1378 1599 consuetum
1404 1563 1529 1613 patia—

861 1625 934 1666 tur,
957 1620 1104 1656 Graecis
1108 1619 1315 1668 portendere
1329 1623 1362 1656 et
1376 1632 1527 1669 praesa-

859 1677 938 1725 gire
947 1689 959 1720 ;
976 1676 1098 1713 lunam
1109 1689 1194 1712 suae
1206 1678 1386 1713 natz'oni.“
1410 1676 1481 1714 We
1491 1690 1526 1712 s-

859 1733 980 1770 selz'n
991 1745 1030 1781 g.
1089 1734 1134 1768 In
1168 1732 1246 1768 fine
1283 1746 1364 1784 cap,
1384 1733 1523 1769 retinui

859 1788 993 1828 ἔλασιν
1013 1801 1082 1840 pro
1100 1788 1289 1837 ἐξέλασιν,
1323 1788 1425 1842 quod
1446 1803 1522 1826 una

857 1844 973 1883 habet
1012 1845 1164 1884 Aldina.
1225 1846 1337 1882 Conf.
1376 1847 1442 1894 ΙΙΙ,
1482 1845 1522 1884 4.

857 1903 938 1950 VH,
968 1905 1005 1942 6.
1041 1905 1132 1943 106.
1164 1901 1343 1954 Xenoph.
1381 1904 1521 1954 Cyrop.

856 1958 956 2007 VIII,
977 1962 1001 1999 3
1025 1960 1061 2004 ξ.
1085 1957 1153 1997 34.

1025 2048 1118 2099 cap.
1140 2049 1359 2086 xxxvm.

915 2125 1078 2174 Πύθιος
1107 2125 1131 2167 ὁ
1150 2124 1316 2177 Λυδός]
1359 2128 1418 2166 Cf.
1437 2129 1518 2176 Vll,

855 2187 923 2225 27.
965 2207 1016 2212 —-
1065 2185 1186 2222 Voces
1213 2181 1379 2236 χρήσαις
1411 2182 1463 2224 ἅν
1483 2201 1518 2224 τι

855 2239 1076 2292 Schweigh.
1092 2240 1236 2278 reddit:
1266 2241 1433 2286 (Ιατεεηε,
1461 2244 1519 2279 in-

854 2299 1039 2347 dulgeres,
1098 2300 1360 2349 gratificareris
1406 2299 1515 2343 ωλι,-

852 2355 957 2392 idem
972 2356 1011 2392 iu
1032 2357 1127 2392 Lex.
1148 2354 1291 2392 Herod.
1313 2357 1516 2393 observans

852 2413 1015 2450 verbum
1035 2415 1134 2463 χρᾶν
1170 2414 1385 2462 simplicem
1410 2425 1517 2450 assu—

852 2482 958 2505 mere
990 2469 1108 2507 dandi
1131 2476 1169 2506 et
1196 2470 1436 2521 gratificandi
1462 2470 1516 2506 si-

852 2525 1075 2575 gnificatum
1088 2555 1098 2574 ,
1129 2533 1172 2563 ut
1189 2526 1253 2573 VI,
1278 2528 1345 2567 89.
1365 2527 1430 2575 111,
1448 2525 1513 2572 58,

853 2583 989 2633 quibus
1017 2590 1147 2619 tamen
1183 2583 1274 2620 locis
1304 2581 1408 2619 haud
1435 2583 1513 2618 scio

854 2638 1033 2689 equidem
1054 2652 1102 2675 an
1121 2640 1245 2676 valeat
1255 2643 1373 2676 mutuo
1391 2638 1514 2683 dandi,

853 2695 1096 2732 commodandi
1121 2696 1242 2736 notio.
1269 2697 1313 2731 In
1342 2696 1422 2745 ipsa
1437 2696 1515 2729 La-

852 2751 932 2787 tina
951 2753 1261 2802 interpretatione
1281 2752 1401 2787 textui
1422 2749 1516 2786 sub-

851 2807 948 2844 iecta
978 2808 1129 2845 eumin
1163 2806 1322 2845 modum
1352 2804 1514 2842 reddidit

1538 831 1683 867 Pythium
1693 833 1811 868 Lydum

1539 866 1661 906 [c.2J.],
1681 867 1811 896 filiorum

1536 908 1664 927 maximo
1674 904 1745 929 natu
1758 911 1810 930 va.-

1535 934 1685 961 cntionem
1700 935 1776 962 mili-

1537 968 1601 996 tiae
1617 972 1783 1004 petentem,

1871 1914 1895 2025 Μ’

1862 2390 1891 2499 :ptr
1867 2362 1874 2376 ··
1867 2340 1870 2345 -

1852 2779 1882 3039 ΠΥΓὟθι-’ῊΞ
1896 2712 1897 2724 ᾼ

1851 3129 1873 3139 3

1850 3163 1864 3227 Τζῒ

1846 3295 1875 3340 ΙΙ,
