1897 3340
104 728 148 756 lbi
165 728 235 755 dum
257 729 338 756 auxi-

105 762 179 789 lium
195 763 358 791 Persarum

102 796 208 830 ambit,
227 805 274 823 res
299 805 336 824 ne

104 830 163 856 iam
182 830 221 857 ad
245 830 355 857 belum

103 863 224 891 videtur
241 868 358 900 specta-

104 905 156 924 re:

447 299 526 337 196

846 295 1307 332 HERODOTI

412 402 591 453 3πάθος
623 403 893 460 Μελανίππῳ
929 402 1058 457 άνδρὶ
1089 402 1239 460 ἑτάρῳ.
1295 402 1629 458 Μυτιληναίους
1659 401 1705 445 δὲ

441 472 513 514 καὶ
542 468 802 526 Ἀθηναίους
841 469 1072 526 κατήλλαξε
1106 471 1374 524 Περίανδρος
1412 469 1434 512 ὁ
1476 469 1703 519 Κυψέλου·

439 537 582 595 τούτῳ
629 535 711 593 γὰρ
754 539 948 594 διαιτητῇ
989 537 1304 592 ἐπετράποντο·

603 603 810 660 νέμεσθαι
865 605 1095 658 ἑκατέρους
1153 602 1232 658 τὴν
1291 603 1449 658 ἔχουσι.
1886 648 1888 657 ,

319 665 385 711 96
444 672 523 728 μέν
553 687 637 715 νυν
667 671 783 714 οὕτω
823 670 989 725 ἐγένετο
1026 668 1104 713 ὑπ’
1133 668 1413 727 Ἀθηναίοισι.
1465 669 1634 726 Ἱππίης
1659 667 1705 713 δὲ
1762 661 1844 706 426
1885 665 1887 681 ³

439 599 544 649 ὦδε·

1372 536 1605 593 κατήλλαξε
1657 534 1702 578 δὲ

1527 604 1704 658 Σίγειον
1714 609 1759 644 65

441 741 533 784 ἐπεί
564 756 608 784 τε
638 735 817 781 άπίκετο
850 737 896 780 ἐκ
925 741 1001 793 τῆς
1024 739 1350 795 Λακεδαίμονος
1380 738 1421 789 ἐς
1441 740 1519 794 τὴν
1544 737 1703 794 Ἀσίην,

435 811 525 851 πᾶν
552 810 696 863 χρῆμα
747 805 900 857 ἐκίνεε,
942 803 1187 861 διαβάλλων
1224 823 1267 849 τε
1304 806 1408 857 τούς
1441 805 1704 861 Ἀθηναίους

433 873 543 928 πρὸς
572 871 974 927 τὸνἈρταφέρνεα,
1004 873 1078 915 καὶ
1106 871 1269 916 ποιέων
1303 874 1486 916 ἅπαντα·
1515 872 1629 923 ὅκως
1659 872 1705 914 αἱ

432 941 613 996 Ἀθῆναι
640 941 839 995 γενοίατο
859 937 936 982 ὑπ’
968 938 1116 996 ἑωυτῷ
1135 957 1178 983 τε
1207 942 1279 983 καὶ
1311 942 1495 998 Δαρείῳ.
1537 937 1728 998 Ἱππίης-

408 1007 564 1063 Ξτεδὴ
584 1011 721 1050 ταῦτα
759 1007 966 1063 ἔπρησσε,
1005 1007 1078 1050 καὶ
1116 1009 1159 1050 οἱ
1193 1007 1419 1063 Ἀθηναῖοι
1462 1006 1760 1062 πυθόμενοιΊΟ

435 1079 592 1127 ταῦτα,
637 1075 851 1130 πέμπουσι
884 1075 928 1126 ἐς
967 1074 1133 1130 Σάρδις
1167 1074 1397 1130 ἀγγέλους,
1440 1072 1522 1118 οὐκ
1551 1074 1703 1124 ἐῶντες

405 1142 545 1194 3τούς
585 1143 760 1198 Πέρσας
805 1145 1040 1186 πείθεσθαι
1084 1140 1331 1198 Ἀθηναίων
1371 1148 1483 1186 τοῖσι
1525 1138 1702 1198 φυγάσι.

435 1211 458 1254 ὁ
490 1210 536 1254 δὲ
561 1208 853 1266 Ἀρταφέρνης
883 1210 1047 1253 ἐκέλευέ
1078 1222 1239 1265 σφεας,
1270 1215 1306 1256 εί
1337 1212 1572 1268 βουλοίατο
1603 1207 1703 1252 σόοι

433 1276 570 1328 εἶναι,
606 1278 923 1321 καταδέκεσθαι
954 1275 1092 1321 ὀπίσω
1119 1276 1297 1334 Ἱππίην.
1348 1280 1495 1322 οὔκων
1531 1277 1583 1333 δὴ
1617 1276 1758 1319 ἐνε-75

433 1345 611 1389 δέκοντο
641 1345 747 1396 τούς
776 1345 936 1400 λόγους
965 1346 1330 1402 οἷποφερομένους
1347 1345 1587 1402 Ἀθηναῖοι·
1620 1341 1703 1386 οὐκ

433 1413 755 1469 ἐνδεκομένοισι
782 1413 826 1456 δέ
850 1424 949 1468 σφι,
982 1415 1162 1459 δέδοκτο
1193 1413 1240 1457 ἐκ
1259 1417 1341 1458 τοῦ
1363 1415 1560 1470 φανεροῦ
1588 1415 1701 1455 τοῖσι

436 1479 632 1536 Πέρσῃσι
660 1481 896 1536 πολεμίους
927 1478 1052 1525 εἶναι.

376 1710 444 1735 ma
489 1697 666 1738 ἐπιτιθεῖ
697 1695 835 1736 Matth.
876 1699 942 1735 Gr.
973 1698 1039 1735 Gr.

376 1767 466 1806 pag.
504 1753 598 1795 394.
657 1755 714 1790 De
749 1754 941 1791 locutione
962 1753 1039 1793 vid.

375 1818 474 1851 nott.
515 1810 564 1847 ad
591 1812 668 1858 ΙΙΙ,
708 1809 762 1851 42
794 1811 862 1848 fin.
930 1810 1041 1856 Quod

376 1868 481 1904 enim
520 1867 736 1904 Herodotus
776 1867 828 1903 sic
869 1869 1042 1904 enuntiat

374 1923 550 1963 ἐπιτιθεῖ
597 1916 637 1971 ἐς
675 1919 943 1974 Μυτιλήνην,
1000 1923 1040 1960 id

377 1980 515 2017 Strabo
531 1991 540 2016 :
566 1975 753 2026 κελεύσας
769 1975 944 2032 α’γγεῖλαι
957 1984 1040 2027 τοῖς

376 2035 420 2076 ἐν
455 2036 565 2089 οἴκῳ.
624 2035 733 2073 Misit
772 2036 924 2073 Alcaeus
959 2050 1038 2073 car-

375 2106 466 2129 men
482 2093 693 2144 Mytilenen
714 2093 836 2128 amico
849 2093 1040 2143 Melanip-

376 2161 441 2199 po.
518 2150 574 2184 Ita
624 2155 724 2184 recte
772 2150 1039 2199 interpretatur

373 2206 606 2255 Wesseling.
630 2204 676 2240 de
704 2205 896 2240 locutione
917 2218 1039 2256 quae-

374 2259 464 2297 dam
487 2261 677 2298 adiiciens.
710 2282 766 2287 —
804 2262 879 2296 Pro
912 2259 1037 2314 ἑτάρῳ

373 2318 613 2354 Florentinns
658 2317 752 2352 liber
791 2329 881 2353 cum
920 2318 1038 2354 tribus

374 2374 454 2410 aliis
485 2373 647 2426 ἑταίρῳ,
681 2372 728 2408 ad
749 2373 947 2422 vulgarem
979 2374 1038 2409 lo-

373 2429 518 2482 quendi
540 2431 715 2465 sormam.
746 2428 938 2480 Equidem
958 2429 1037 2465 sor-

372 2499 477 2523 mam
502 2487 755 2537 antiquiorem
777 2486 950 2532 Doribus,
972 2487 1036 2522 Io—

373 2543 484 2579 nibus
506 2542 677 2593 adeoque
699 2542 811 2577 etiam
836 2543 1037 2578 Aeolensi-

374 2599 444 2636 bus
465 2600 663 2643 usitatam,
709 2597 755 2634 de
778 2611 852 2650 qua
872 2597 949 2635 vid.
970 2600 1036 2634 Fi-

374 2654 496 2693 soher.
528 2654 575 2691 ad
604 2655 767 2694 weller.
803 2655 819 2689 Ι
848 2668 935 2704 pag.
965 2653 1030 2694 94.

372 2713 532 2762 Gregor.
555 2709 724 2747 Corinth.
740 2722 826 2760 pag.
847 2712 914 2750 75.
936 2710 1030 2752 457.

373 2770 468 2810 609.
490 2770 583 2816 672,
607 2768 765 2803 retinere
786 2767 916 2803 nmini.

432 2831 673 2886 κατήλλαξε]
726 2834 835 2870 Cons-
872 2833 922 2880 V,
963 2836 1029 2874 28.

369 2892 550 2940 Pertinet,
571 2898 612 2929 ut
627 2903 737 2942 supra
759 2891 1029 2937 enarravimus,

1096 1695 1192 1733 haec
1212 1696 1531 1748 Mytilenaeorum
1560 1702 1673 1747 atque
1701 1696 1759 1732 A-
1823 1736 1832 1744 ο

1097 1752 1356 1790 theniensium
1404 1753 1661 1789 reconciliatio
1708 1751 1756 1789 ad

1097 1817 1271 1860 tempora
1311 1810 1535 1859 posteriora,
1593 1821 1665 1845 nec
1709 1807 1757 1845 ad

1097 1868 1200 1917 prius
1222 1866 1389 1912 bellum,
1429 1866 1490 1901 cui
1509 1865 1673 1902 Alcaeus
1693 1867 1755 1901 in-

1096 1922 1247 1970 terfuit,
1279 1934 1354 1974 quo
1376 1923 1599 1973 composito,
1634 1933 1757 1959 novae

1096 1980 1201 2015 rixae
1229 1978 1354 2015 denuo
1386 1985 1473 2015 sunt
1503 1985 1675 2025 exortae,
1715 1985 1758 2015 ut

1096 2035 1144 2072 ad
1178 2036 1231 2082 V,
1272 2034 1324 2075 94
1365 2036 1621 2085 exposuimus.
1695 2033 1759 2071 Ad

1095 2092 1257 2129 verbum
1291 2089 1483 2140 νέμεσθαι
1504 2091 1604 2128 conf.
1623 2091 1669 2139 V,
1701 2089 1755 2132 45

1096 2155 1132 2184 et
1153 2147 1200 2184 ad
1221 2148 1454 2184 locutionem
1475 2149 1658 2199 γίνεσθαι
1675 2141 1757 2186 ’ὑπό

1094 2219 1171 2242 τινι
1187 2204 1232 2251 V,
1256 2206 1308 2244 30
1329 2204 1420 2255 ibiq.
1442 2212 1537 2241 nott.
1560 2206 1627 2245 96.

1301 2304 1393 2355 cap.
1414 2305 1550 2342 xcvl.

1153 2383 1235 2420 πᾶν
1251 2385 1382 2433 χρῆμα
1394 2381 1533 2432 ἐκίνεε]
1548 2384 1571 2420 i.
1583 2396 1615 2420 e.
1627 2395 1754 2420 omnem

1094 2438 1245 2488 lapidem
1267 2440 1433 2486 nwvebat,
1453 2446 1493 2476 nt
1510 2440 1673 2476 Romani
1693 2439 1754 2475 lo-

1093 2496 1158 2545 qui
1180 2496 1313 2532 solent.
1358 2494 1470 2532 Haud
1491 2497 1654 2533 inultum
1676 2494 1752 2532 dif-

1093 2551 1162 2587 fert
1199 2553 1280 2589 πᾶν
1310 2565 1339 2588 s.
1371 2547 1501 2590 πάντα
1526 2555 1677 2599 ποιεῖν,
1708 2559 1751 2589 ut

1090 2620 1184 2643 mox
1205 2609 1350 2655 Noster,
1387 2610 1450 2660 qui
1471 2609 1534 2656 lv,
1560 2608 1637 2649 154
1667 2606 1750 2659 (ubi

1090 2663 1167 2700 vid.
1199 2665 1314 2713 nott.)
1343 2663 1489 2701 dixerat
1519 2667 1600 2703 πᾶν
1630 2679 1752 2715 μηχα-

1089 2723 1255 2759 νᾶσθαι.
1297 2744 1346 2748 -
1407 2720 1468 2758 Ad
1508 2723 1749 2772 participium

1089 2773 1311 2827 διαβάλλων
1343 2778 1443 2814 cons.
1474 2778 1526 2825 V,
1567 2777 1633 2818 35.
1690 2774 1749 2813 De

1088 2833 1209 2869 fornia
1227 2835 1326 2869 vocis
1349 2829 1431 2872 σόοι
1453 2835 1595 2871 consul.
1612 2831 1749 2871 Matth.

1088 2890 1153 2926 Gr.
1176 2890 1241 2927 Gr.
1262 2902 1347 2940 pag.
1371 2888 1465 2930 246.
1487 2912 1542 2918 —-
1573 2888 1746 2936 δέδοκτο,
