1897 3340
270 190 354 231 808
738 187 1134 226 EXCURSUS
1192 188 1250 226 IV

270 296 518 353 Ἀοτροῖρχην
543 308 739 352 nuncupat
770 299 924 352 Orphici
955 302 1099 352 Hymn.
1128 301 1215 336 VIII
1237 300 1345 349 [IX]‚
1366 314 1420 338 vs-
1444 302 1508 340 10.
1564 300 1667 351 Magi
1687 309 1758 337 au·-

273 377 352 406 tem
381 370 521 407 Persici
541 371 738 407 consimile
758 382 901 405 nomen
931 368 1091 406 servavit
1122 367 1312 417 Diogenes
1350 368 1535 405 Laertius.
1613 370 1758 409 Dicitur

269 426 581 489 Ἀστροῖμψυχος
601 438 661 475 vel
682 438 777 472 forte
796 431 1075 486 Ἀστρᾶψυχος
1097 430 1156 481 ³⁹⁸).
1214 434 1307 471 Inde
1328 437 1471 472 transiit
1501 435 1549 472 ad
1571 438 1757 473 Graecum

274 503 486 553 hominem,
517 506 583 557 qui
601 511 751 556 praeter
767 504 1028 540 oneirocritica
1049 503 1164 539 etiam
1184 501 1361 554 θεωρίαν
1381 505 1459 542 τῶν
1480 498 1653 555 ἀστέρων
1665 516 1760 541 con-

274 573 511 624 scripserat.“

387 653 480 700 „His
500 652 628 703 positis
648 650 845 688 neminem
866 660 937 699 ego
958 649 1150 699 ambigere
1172 650 1330 686 arbitror
1345 680 1355 699 ‚
1388 663 1464 702 quo
1492 651 1678 702 pertineat
1701 650 1761 695 Vvis

274 731 318 756 ac
333 726 496 770 potestas
516 719 682 756 nominis
699 712 976 767 Ἀστρὸβακος,
989 717 1065 752 sive
1086 711 1355 767 Ἀστράβακος
1376 720 1620 768 pronuntiare
1640 719 1762 755 malis.

272 787 347 823 Res
367 793 481 837 atque
502 792 774 837 argumentum
792 782 1001 820 istiusmodi
1021 782 1182 820 heroum
1202 785 1352 821 fabulae
1368 787 1414 822 ab
1432 786 1673 823 orientalibus
1689 786 1762 821 oris

273 861 330 891 est
353 853 532 891 advecta:
571 854 730 890 nomina
759 850 808 888 ad
835 852 1112 888 Graecanicum
1149 864 1367 888 sermonem
1399 853 1522 890 efficta
1543 855 1766 891 immutata-

275 934 364 972 que.
421 922 522 956 Inest
543 921 645 956 enim
667 919 723 957 his
743 920 782 955 in
804 919 939 955 fabulis
959 920 1136 956 omnibus
1156 920 1298 957 lunaris
1327 921 1452 971 aliqua
1468 922 1583 968 ratio,
1618 923 1678 959 vel
1701 935 1765 959 ve-

276 989 353 1026 rius
368 989 556 1025 lunaticus
576 988 694 1025 furor.
749 987 807 1022 Ac
826 988 986 1023 nomina
1006 987 1258 1039 eloquuntur,
1290 987 1394 1040 quod
1413 1000 1523 1024 mens
1552 989 1614 1025 vel
1642 990 1766 1040 potius

278 1058 445 1094 amentia
477 1057 650 1094 clausum
682 1053 868 1091 recondit.
934 1055 1280 1092 Daemoniacarum
1308 1056 1617 1107 superstitionum
1646 1057 1768 1095 ubivis

277 1125 471 1162 luculenta
503 1125 671 1174 vestigia.
735 1125 869 1175 Neque
903 1122 1008 1159 enim
1037 1121 1192 1159 heroica
1224 1124 1346 1174 magis
1378 1130 1467 1160 sunt
1493 1121 1587 1160 haec
1608 1124 1767 1174 singula,

280 1204 399 1245 quam
421 1192 681 1240 daemoniaca,
703 1205 791 1228 cum
811 1191 1011 1242 gentiliciis
1031 1191 1354 1243 popularibusque
1376 1192 1489 1228 sacris
1510 1191 1681 1229 confusa.
1712 1193 1768 1230 Ac

280 1260 532 1298 daemonibus
552 1250 820 1311 interpositum
840 1260 966 1310 ipsum
986 1259 1220 1297 Astrabacum
1241 1259 1454 1297 videbimus
1473 1259 1611 1296 infra.“

392 1342 613 1388 „Hactenus
645 1338 693 1376 de
721 1339 936 1387 astrologiae
955 1338 1229 1389 significatione
1260 1337 1439 1375 adiuncta
1467 1339 1618 1375 nomini
1638 1339 1771 1376 Astra-

280 1408 378 1447 baci.
435 1410 570 1460 Neque
589 1418 680 1444 vero
702 1406 890 1443 bestiarum
907 1406 1131 1456 significatio
1153 1406 1363 1444 omittenda
1387 1414 1454 1444 est.
1511 1407 1672 1457 Flagitat
1702 1406 1772 1444 ad-

280 1477 536 1514 versariorum
563 1474 776 1522 calumnia,
807 1486 905 1525 quae
926 1475 1117 1510 Demarati
1138 1469 1540 1525 patrem‘o’vozpopssov
1561 1475 1771 1515 effinxerat,

282 1545 444 1594 Flagitat
461 1538 704 1589 Ἀλώπεκος,
716 1554 831 1593 quem
851 1542 1007 1579 fratrem
1027 1543 1249 1593 sociumque
1259 1528 1465 1579 Astrabaco
1483 1542 1654 1594 adiungit
1669 1545 1774 1580 Pau-

281 1613 403 1649 sanias
423 1610 463 1648 h.
485 1625 518 1648 e.
539 1611 700 1646 asinario
717 1609 911 1659 vulpinum.
970 1610 1052 1654 Qu&
1072 1611 1111 1646 in
1132 1624 1172 1646 re
1192 1623 1271 1646 non
1290 1611 1418 1646 multis
1438 1611 1560 1647 verbis
1569 1623 1773 1662 exponam,

285 1677 390 1730 quod
419 1678 507 1714 alibi
535 1678 628 1714 feci:
664 1678 896 1714 Graecarum
927 1677 1142 1714 fabularum
1170 1676 1339 1714 indolem
1360 1679 1411 1715 ita
1431 1678 1552 1726 serre,
1582 1685 1646 1727 ut,
1677 1691 1774 1731 quae

284 1747 332 1783 ab
352 1746 594 1782 orientalibus
616 1743 832 1782 hominibus
853 1758 931 1782 uno
947 1746 1186 1798 simplicique
1214 1746 1390 1798 symbolo
1422 1747 1551 1783 iuncta
1572 1759 1775 1784 common-

283 1820 470 1862 strentur,
492 1826 536 1850 ea
556 1814 643 1850 illae
665 1812 884 1863 disiungant
903 1819 940 1849 et
970 1813 1010 1848 in
1030 1814 1278 1864 genealogiae
1298 1815 1463 1851 formam
1483 1813 1669 1864 redigant.
1726 1815 1777 1850 Et

284 1894 375 1919 vero
396 1880 492 1919 haec
511 1881 701 1918 Laconica
722 1879 899 1932 expedita
919 1879 1141 1928 redduntur,
1168 1896 1236 1932 per
1256 1889 1409 1919 tesseras
1430 1883 1649 1934 Aegyptias.
1704 1883 1776 1919 Et-

287 1950 392 1985 enim
416 1949 597 2001 Aegyptii
625 1949 730 1985 exosi
758 1955 865 1985 erant
894 1961 1063 1996 asmum,
1095 1955 1227 2000 utpote
1247 1950 1389 1985 animal
1418 1948 1634 2001 Typhonis,
1691 1950 1776 2000 Ty—

286 2016 476 2068 phonium
496 2024 625 2054 autem
646 2017 788 2052 animal
809 2015 985 2053 dicebant
1001 2017 1150 2053 asinum
1171 2029 1249 2053 non
1271 2018 1396 2054 minus
1422 2024 1575 2068 propter
1601 2017 1776 2053 inertiam

288 2098 332 2120 ac
353 2085 616 2135 petulantiam,
636 2097 752 2136 quam
772 2091 926 2135 propter
944 2084 1073 2120 rufum
1092 2085 1272 2122 colorem.
1331 2085 1483 2120 Rubent
1504 2085 1607 2120 enim
1628 2090 1669 2120 ut
1687 2085 1776 2134 plu-

288 2153 431 2188 rimum
452 2153 491 2188 in
511 2153 654 2188 oriente
675 2153 790 2190 aselli.
838 2150 1033 2189 Plutarch.
1052 2153 1109 2187 De
1128 2151 1214 2188 lsid.
1235 2166 1273 2201 p.
1295 2154 1375 2191 363
1397 2164 1434 2200 p.
1457 2150 1551 2192 488.
1572 2151 1776 2203 VVyttenb-

289 2214 506 2269 Αἰγύπτιοι
528 2217 570 2258 δὲ
594 2216 852 2270 πυῤῥόχρουν
880 2217 1083 2271 γεγονέναι
1102 2215 1172 2257 τόν
1199 2219 1374 2266 Τυφῶνα
1386 2213 1776 2268 νομίζοντες-ἄπο·-

288 2281 427 2324 λαύειν
440 2300 478 2324 τε
491 2285 557 2324 καὶ
570 2283 638 2324 τὸν
651 2283 748 2324 ὄνον
759 2282 890 2335 ὥσπερ
901 2285 1051 2336 εἴρηται
1062 2287 1131 2334 τῆς
1151 2282 1391 2336 ὁμοιότητος,
1410 2283 1476 2325 διᾶ
1498 2283 1570 2337 τήν
1592 2281 1778 2337 ἆμαθίαν

289 2350 357 2391 καὶ
369 2348 573 2402 τήνῧβριν
584 2347 655 2401 οὔχ
675 2346 793 2402 ιἧττον
805 2348 833 2402 ἢ
855 2348 920 2389 dan?
945 2349 1018 2402 τήν
1038 2348 1172 2403 χρόαν,
1187 2352 1352 2392 οἴονται.
1383 2353 1462 2391 Sed
1493 2353 1540 2391 de
1560 2355 1665 2391 asino
1682 2367 1778 2392 con-

290 2427 410 2456 tvmto
421 2420 466 2456 ab
477 2420 577 2469 Aeg)
589 2419 673 2469 ptiis
694 2419 765 2455 alia
786 2420 898 2454 etiam
920 2420 1015 2454 infra
1027 2432 1276 2470 apponemus.
1307 2421 1499 2459 Nunchoc
1511 2436 1634 2459 unum
1646 2429 1778 2460 tenea—

290 2500 397 2534 mus,
422 2494 464 2524 ut
483 2489 692 2537 cogitemus
712 2486 893 2535 vulpinum
906 2487 1038 2523 heroem
1049 2489 1205 2523 asinario
1220 2488 1405 2527 additum.
1439 2490 1605 2528 Proinde
1625 2504 1714 2528 cnm
1738 2491 1776 2527 in

290 2554 507 2592 Herodotea
526 2555 740 2591 narratione
762 2554 1010 2603 despicientiae
1030 2562 1066 2592 et
1087 2559 1298 2607 contemptus
1319 2559 1474 2609 vestigia
1492 2561 1664 2609 latitent,
1700 2574 1777 2612 quo

339 2751 376 2794 *)
403 2750 549 2796 Diogen.
576 2754 613 2787 L.
634 2754 785 2787 Prooem.
811 2756 842 2795 §-
867 2754 1016 2798 sibique
1041 2755 1183 2801 interpr.
1233 2757 1288 2792 Cf.
1308 2758 1493 2792 Heumann.
1513 2762 1547 2792 et
1572 2757 1707 2791 klarles.
1735 2757 1776 2791 ad

410 2808 546 2842 Fabric.
576 2809 612 2844 Β.
632 2810 696 2843 Gr.
724 2810 796 2844 Vol.
827 2811 852 2841 V
877 2823 908 2855 p.
934 2813 1000 2846 265
1025 2824 1092 2857 seq.
