1897 3340
435 324 516 363 178
834 320 1295 357 HERODOTI

435 445 545 481 ,,νον
575 425 634 479 ὥς
663 424 907 477 ἐπύθοντο,
949 426 1106 471 αὐτίκα
1133 429 1207 471 καὶ
1235 428 1284 471 τὸ
1312 427 1534 482 πρότερον
1560 414 1694 481 συνῆ-
1713 433 1755 465 10

101 476 376 539 ἷὲεἷῧῗέηῗῖᾞῑε-
383 505 569 551 12,,καν,
603 495 678 539 έὸν
706 494 909 551 συνῳδὸν
937 499 997 553 τῷ
1023 493 1262 547 ἸΙετίωνος.
1324 494 1523 544 συνέντες
1552 493 1597 536 δὲ
1627 493 1700 536 καὶ

100 548 158 577 aa,
433 569 613 620 ,,τοῦτο,
654 560 772 618 εἶχον
809 562 857 604 ἐν
894 561 1073 620 ἡσυχίῃ,
1114 563 1334 615 ἐθέλοντες
1371 561 1449 606 τόν
1486 562 1698 617 μέλλοντα

430 632 654 686 ,.Ἠετίωνι
683 629 890 686 γενέσθαι
925 628 1064 684 γόνον
1092 631 1361 687 διαφθεῖραι.
1421 629 1480 680 ὥς
1512 625 1553 672 δ’
1587 628 1700 672 ἔτεκε

432 699 488 758 „of
518 698 630 756 γυνή
662 696 860 752 τάχιστα,
908 696 1126 752 πέμπουσι
1156 697 1303 752 σφέων
1333 696 1481 740 αὐτῶν
1522 696 1626 740 δέκα
1655 696 1699 747 ἐς

437 767 541 819 ,,τὸν
565 769 708 821 δῆμον
736 763 783 806 ἐν
801 767 861 820 τῷ
891 765 1121 820 κατοίκητο
1139 763 1327 813 Ἠετίων,
1357 763 1701 815 ἀποκτενέοντας

382 833 514 887 13»τὸ
546 833 738 876 παιδίον.
776 829 1034 886 ἀπικόμενοι
1064 832 1110 877 δὲ
1139 827 1265 876 οὗτοι
1307 833 1349 883 ές
1386 832 1466 888 τήν
1507 831 1696 887 Πέτρην,
1712 835 1754 871 15

434 902 536 951 ..uoci
565 897 861 955 παρελθόντες
891 898 934 950 ἐς
959 898 1041 955 τήν
1071 898 1210 956 αὐλήν
1238 902 1320 943 τοῦ
1347 897 1598 949 Ἠετίωνος,
1635 899 1699 940 α’ί-

431 985 560 1023 ,,τεον
597 968 647 1012 τὸ
692 968 892 1010 παιδίον·
940 965 968 1022 ἡ
1010 967 1056 1011 δὲ
1093 966 1272 1025 Λάβδα,
1313 967 1454 1010 εἰδυῖά
1493 983 1538 1010 τε
1568 965 1723 1010 οὐδὲν-

435 1040 555 1088 ¹‚vt5v
587 1037 730 1079 εἵνεκα
757 1034 919 1094 ἐκεῖνοι
949 1033 1194 1088 ἀπικοίατο,
1226 1034 1298 1078 καὶ
1319 1033 1536 1078 δοκέουσα
1564 1045 1700 1091 σφεας

432 1100 801 1159 ,,φιλοφροσυ’νης
829 1105 912 1146 τοῦ
940 1101 1105 1156 πατρὸς
1143 1104 1286 1146 εἵνεκα
1317 1101 1494 1152 αἰτέειν,
1534 1100 1698 1166 φέρου-

434 1182 517 1223 ,,σα
549 1171 776 1226 ἐνεχείρισε
807 1170 955 1214 αὐτῶν
984 1170 1062 1214 ἑνί.
1099 1175 1214 1214 τοῖσι
1244 1170 1290 1213 δὲ
1326 1169 1412 1223 ἄρα
1441 1169 1694 1226 ἐβεβούλευ-
1707 1175 1753 1208 20

430 1255 506 1289 ,,το
537 1237 635 1281 κατ’
669 1237 802 1290 ὁδόν,
832 1238 911 1281 τόν
939 1241 1115 1291 πρῶτον
1135 1237 1280 1280 αὐτῶν
1299 1236 1492 1293 λαβόντα
1521 1236 1570 1281 τὸ
1600 1252 1695 1280 παι-

376 1307 559 1357 14,,δίον
588 1308 895 1360 προσουδίσαι.
953 1305 1043 1348 ἐπεί
1085 1320 1130 1347 τε
1169 1299 1231 1347 ὧν
1260 1304 1391 1348 ἔδωκε
1431 1304 1630 1360 φέρουσα
1668 1303 1695 1360 ἡ

430 1372 628 1430 ,,Λάβδα,
658 1374 736 1418 τόν
763 1372 959 1429 λαβόντα
983 1376 1073 1416 τῶν
1094 1369 1272 1427 ἀνδρῶν
1288 1373 1389 1429 θείῃ
1409 1371 1517 1428 τύχῃ
1543 1382 1697 1426 προσε·

101 451 165 471 rum
186 451 240 482 per
267 450 373 470 oracn

430 1438 610 1495 ,,γέλασε
647 1440 698 1485 τὸ
734 1443 914 1486 παιδίον
925 1456 936 1467 ·

990 1441 1064 1485 καὶ
1103 1439 1202 1492 τὸν,
1252 1439 1510 1495 φρασθέντα
1547 1443 1694 1491 τοῦτο,

428 1504 603 1559 ,,οἷκτός
626 1523 690 1559 τις
719 1511 828 1565 ἰ’σχει
857 1494 1134 1553 ἀποκτείναι·
1165 1509 1462 1563 κατοικτείρας
1485 1508 1531 1551 δὲ
1557 1523 1694 1562 παρα·
1707 1514 1751 1546 25

428 1576 575 1626 ,,διδοῖ
617 1580 680 1634 τῷ
730 1576 942 1633 δευτέρῳ·

372 1733 570 1773 Schaeser.
601 1730 645 1774 τό
671 1736 727 1789 τῷ
755 1728 948 1774 Ἠετίωνι.
979 1755 1034 1761 —-

371 1792 492 1828 Panlo
512 1791 609 1827 infra
625 1792 665 1827 in
677 1791 824 1829 verbis:
846 1791 914 1831 καὶ
932 1805 1035 1841 παρ-

371 1843 558 1893 ελθόντες
574 1846 613 1893 ἐς
631 1843 706 1896 τήν
728 1843 870 1898 αὐλήν,
898 1859 1037 1885 vocem

371 1900 500 1953 αὐλήν
515 1916 595 1939 non
625 1903 666 1940 de
704 1904 872 1952 impluvio
901 1903 968 1941 sed
988 1902 1036 1940 de

371 1961 491 1998 domus
520 1961 615 1996 atrio
633 1961 780 2010 ipsaque
810 1960 908 1998 adeo
939 1960 1037 1997 domo

370 2017 555 2066 intelligo.
590 2017 897 2054 PluraMCreuzer
919 2017 1039 2053 Com-

370 2045 907 2131 1nentt.0Herodd.pag.237.
937 2075 1036 2110 Hinc

372 2130 491 2166 iufra:
539 2124 758 2176 ἀποδόντες
803 2125 862 2169 ὧν
904 2125 1034 2169 ὀπίσω

371 2187 423 2238 τῆ
443 2197 610 2235 τεκουση
634 2180 676 2223 τὸ
697 2186 860 2226 παιδίον
887 2185 955 2224 καὶ
972 2185 1035 2233 ἔξ-

374 2237 556 2286 ελθὸντες
596 2238 690 2289 ἔξω,
744 2240 926 2288 ἑστεῶτες
967 2239 1031 2280 ἐπι

372 2299 451 2337 τῶν
475 2294 636 2346 θυρέων
658 2293 838 2348 ἆλληλων
859 2296 1031 2337 ἅπτοντο

372 2349 688 2403 καταιτιώμενοι.
709 2375 759 2382 ——
783 2357 857 2391 Pro
879 2350 1031 2393 αὐτέων

372 2410 495 2447 ubivis
516 2408 605 2446 dedi
627 2403 771 2449 αὐτῶν.

428 2465 721 2516 προσουδίσαι]
746 2467 771 2502 i.
792 2479 826 2502 e.
847 2466 948 2503 humo
962 2465 1032 2503 ad-

371 2522 500 2569 lidere,
521 2521 661 2559 humum
683 2524 828 2560 deiicere
853 2535 955 2573 eoque
975 2524 1032 2559 ιἰι-

373 2579 536 2628 terficere.
594 2579 652 2614 De
685 2579 758 2616 hoc
777 2580 892 2616 verbo
913 2580 1030 2615 citant

369 2633 542 2685 Euripid.
572 2633 748 2685 Iphigen.
776 2636 866 2672 Aul.
907 2635 1028 2676 1151.

370 2692 510 2727 Enseb.
531 2691 666 2741 Praep.
695 2694 844 2741 Evang.
868 2692 919 2727 IV
938 2703 1026 2741 pag.

373 2746 509 2787 1740.
540 2747 646 2784 Suid.
668 2761 697 2785 s.
719 2762 755 2784 v.
777 2721 829 2785 '1ss
856 2750 907 2783 ΙΙΙ
938 2761 1026 2798 pagl.

372 2805 477 2844 203-
536 2801 560 2842 o‘
609 2800 651 2842 δὲ
681 2801 781 2859 ἄρας
819 2803 1025 2855 μετέωρον,

371 2859 621 2910 προσουδίζει
639 2874 680 2899 τε
697 2861 764 2899 καὶ
787 2856 1025 2899 &nomima-

372 2918 454 2953 1100
495 2916 655 2953 verbtun
691 2916 843 2954 doricae
879 2918 1024 2953 formae.

991 1576 1014 1620 ὁ
1051 1576 1121 1625 δὲ,
1173 1578 1233 1634 τῷ
1272 1577 1426 1634 τρίτῳ·

1481 1574 1601 1619 οὕτω
1641 1575 1695 1630 δή

1091 1735 1193 1787 Hcs)
1197 1733 1302 1772 cl-uus
1322 1735 1373 1772 T.
1388 1735 1406 1771 I
1435 1748 1474 1786 p.
1497 1731 1605 1775 1406
1633 1733 1750 1770 inter-

1091 1799 1261 1841 pletatur
1282 1789 1495 1843 κατέβαλεν
1516 1789 1578 1830 ἐπὶ
1597 1792 1685 1842 γῆν.
1695 1811 1751 1817 ——-

1091 1847 1397 1885 Adlocutionem
1414 1848 1507 1899 θείη
1531 1842 1628 1901 τύχη
1648 1847 1749 1886 conf.

1092 1904 1155 1951 IV,
1169 1907 1208 1944 8.
1254 1903 1366 1950 Quod
1393 1905 1565 1956 sequitur
1589 1903 1751 1940 verbum

1092 1963 1328 2013 προσγελᾶν,
1358 1967 1413 1998 est
1443 1959 1618 2007 arridere,
1649 1959 1751 1996 dulce

1093 2017 1233 2064 ridere,
1283 2015 1614 2068 quemadmodum
1646 2014 1748 2067 apud

1093 2074 1230 2110 Catull.
1277 2075 1378 2120 LXI,
1418 2076 1500 2114 219
1541 2079 1578 2109 et
1615 2073 1749 2123 Virgil.

1088 2130 1225 2180 Eclog.
1248 2130 1313 2177 IV,
1337 2133 1412 2177 62,
1452 2136 1495 2166 ut
1525 2129 1748 2180 interpretes

1088 2193 1262 2233 monent,
1293 2187 1360 2237 qui
1385 2185 1490 2222 idem
1519 2186 1681 2222 verbum
1707 2187 1748 2222 in

1086 2241 1281 2281 Plutarch.
1304 2243 1395 2293 Sap.
1426 2243 1584 2280 Conviv.
1604 2243 1641 2279 ΙΙ
1658 2255 1749 2293 pag.

1090 2301 1168 2339 163
1191 2300 1230 2334 F.
1256 2301 1469 2335 restitutum
1497 2299 1653 2346 volunt,
1682 2300 1749 2335 ubi

1086 2354 1163 2391 vid.
1176 2354 1467 2406 Wyttenbachii
1484 2356 1748 2392 annotationes

1088 2409 1196 2448 adh.
1227 2412 1252 2448 l.
1285 2424 1373 2461 pag.
1403 2413 1500 2451 989.
1530 2410 1747 2448 Herodotea

1088 2466 1197 2504 affert
1226 2467 1402 2504 Eustath.
1439 2466 1487 2503 ad
1516 2469 1673 2504 Homeni
1701 2469 1746 2505 ΙΙ.

1087 2536 1176 2574 pag·
1196 2524 1290 2571 650,
1314 2525 1367 2565 59
1388 2536 1418 2563 S.
1441 2522 1584 2570 514,1‚
1607 2525 1671 2560 ubi
1691 2526 1748 2578 τῷ

1086 2576 1247 2630 λαβόντι
1269 2592 1337 2631 pro
1358 2595 1427 2618 τον
1448 2576 1636 2630 λαβόντα.

1142 2632 1270 2683 οἶκτός
1292 2651 1348 2683 τις
1367 2635 1464 2686 ἴσχει
1495 2631 1745 2685 ἀποκτεῖναι]

1082 2693 1109 2730 i.
1136 2706 1169 2730 e.
1200 2692 1439 2730 misericordia
1469 2693 1640 2741 quaedam
1667 2705 1745 2731 eum

1083 2763 1107 2786 α
1130 2763 1210 2786 nece
1237 2751 1394 2786 retinuit.
1452 2749 1526 2785 Ubi
1565 2750 1744 2787 articulus

1082 2808 1155 2843 τοῦ
1182 2814 1268 2842 ante
1290 2805 1521 2842 infinitivum
1542 2807 1743 2852 omittitur,

1084 2869 1123 2898 ut
1154 2864 1182 2910 1,
1214 2863 1304 2908 158,
1332 2862 1395 2898 ubi
1426 2861 1503 2899 vid.
1533 2861 1635 2903 Add.
1656 2863 1743 2907 VII,

1082 2918 1149 2959 64,
1190 2939 1245 2947 «-
1303 2920 1361 2955 De
1391 2920 1507 2957 verbo
1539 2913 1742 2972 διεργάσα-
