<?xml version="1.0" encoding="UTF-8"?>
<!DOCTYPE html PUBLIC "-//W3C//DTD XHTML 1.0 Transitional//EN"
    "http://www.w3.org/TR/xhtml1/DTD/xhtml1-transitional.dtd">
<html xmlns="http://www.w3.org/1999/xhtml" xml:lang="en" lang="en">
 <head>
  <title>
</title>
<meta http-equiv="Content-Type" content="text/html;charset=utf-8" />
  <meta name='ocr-system' content='tesseract 3.04.00' />
  <meta name='ocr-capabilities' content='ocr_page ocr_carea ocr_par ocr_line ocrx_word'/>
</head>
<body>
  <div class='ocr_page' id='page_1' title='image "./musaeher03hero/musaeher03hero_0494.png"; bbox 0 0 1897 3340; ppageno 0'>
   <div class='ocr_carea' id='block_1_1' title="bbox 90 611 340 882">
    <p class='ocr_par' dir='ltr' id='par_1_1' title="bbox 90 611 340 882">
     <span class='ocr_line' id='line_1_1' title="bbox 92 611 334 644; baseline 0.008 -6"><span class='ocrx_word' id='word_1_1' title='bbox 92 611 159 644; x_wconf 75' lang='lat' dir='ltr'>Qua</span> <span class='ocrx_word' id='word_1_2' title='bbox 178 620 211 638; x_wconf 83' lang='lat' dir='ltr'>re</span> <span class='ocrx_word' id='word_1_3' title='bbox 235 616 334 640; x_wconf 77' lang='lat' dir='ltr'>motus</span> 
     </span>
     <span class='ocr_line' id='line_1_2' title="bbox 92 646 340 673; baseline 0.004 -1"><span class='ocrx_word' id='word_1_4' title='bbox 92 646 208 672; x_wconf 57' lang='lat' dir='ltr'>xerxes</span> <span class='ocrx_word' id='word_1_5' title='bbox 229 646 242 672; x_wconf 78' lang='lat' dir='ltr'>f</span> <span class='ocrx_word' id='word_1_6' title='bbox 242 655 311 673; x_wconf 63' lang='lat'>11111</span> <span class='ocrx_word' id='word_1_7' title='bbox 314 655 340 673; x_wconf 88' lang='lat' dir='ltr'>m</span> 
     </span>
     <span class='ocr_line' id='line_1_3' title="bbox 90 679 290 721; baseline 0.01 -17"><span class='ocrx_word' id='word_1_8' title='bbox 90 688 147 721; x_wconf 66' lang='lat' dir='ltr'>pel·</span> <span class='ocrx_word' id='word_1_9' title='bbox 168 679 265 706; x_wconf 70' lang='lat' dir='ltr'>Athon</span> <span class='ocrx_word' id='word_1_10' title='bbox 282 680 290 706; x_wconf 82' lang='grc' dir='ltr'>ί</span> 
     </span>
     <span class='ocr_line' id='line_1_4' title="bbox 90 717 289 741; baseline -0.005 0"><span class='ocrx_word' id='word_1_11' title='bbox 90 721 130 741; x_wconf 81' lang='lat'>1111</span> <span class='ocrx_word' id='word_1_12' title='bbox 157 717 289 740; x_wconf 68' lang='lat' dir='ltr'>eraxernt</span> 
     </span>
     <span class='ocr_line' id='line_1_5' title="bbox 92 746 305 774; baseline 0.009 -2"><span class='ocrx_word' id='word_1_13' title='bbox 92 747 141 773; x_wconf 73' lang='lat' dir='ltr'>Ah</span> <span class='ocrx_word' id='word_1_14' title='bbox 150 746 177 772; x_wconf 84' lang='lat' dir='ltr'>ei</span> <span class='ocrx_word' id='word_1_15' title='bbox 196 747 212 772; x_wconf 61' lang='lat'>1&lt;</span> <span class='ocrx_word' id='word_1_16' title='bbox 228 747 263 773; x_wconf 76' lang='lat' dir='ltr'>t&#39;t</span> <span class='ocrx_word' id='word_1_17' title='bbox 288 747 305 774; x_wconf 88' lang='lat' dir='ltr'>d</span> 
     </span>
     <span class='ocr_line' id='line_1_6' title="bbox 90 781 289 814; baseline 0 -8"><span class='ocrx_word' id='word_1_18' title='bbox 90 781 233 814; x_wconf 66' lang='lat' dir='ltr'>strymon</span> <span class='ocrx_word' id='word_1_19' title='bbox 274 781 289 806; x_wconf 92' lang='lat' dir='ltr'>b</span> 
     </span>
     <span class='ocr_line' id='line_1_7' title="bbox 91 813 276 853; baseline 0 -13"><span class='ocrx_word' id='word_1_20' title='bbox 91 813 161 840; x_wconf 74' lang='lat' dir='ltr'>dem</span> <span class='ocrx_word' id='word_1_21' title='bbox 182 822 276 853; x_wconf 82' lang='lat' dir='ltr'>opera</span> 
     </span>
     <span class='ocr_line' id='line_1_8' title="bbox 91 851 284 882; baseline 0.016 -10"><span class='ocrx_word' id='word_1_22' title='bbox 91 852 185 882; x_wconf 80' lang='lat' dir='ltr'>ponte</span> <span class='ocrx_word' id='word_1_23' title='bbox 203 856 232 875; x_wconf 80' lang='grc' dir='ltr'>ιιι</span> <span class='ocrx_word' id='word_1_24' title='bbox 255 851 284 875; x_wconf 79' lang='lat' dir='ltr'>ct</span> 
     </span>
    </p>
   </div>
   <div class='ocr_carea' id='block_1_2' title="bbox 208 734 790 807">
    <p class='ocr_par' dir='ltr' id='par_1_2' title="bbox 208 734 790 807">
     <span class='ocr_line' id='line_1_9' title="bbox 208 734 790 807; baseline 0.021 -31"><span class='ocrx_word' id='word_1_25' title='bbox 208 756 224 773; x_wconf 70' lang='lat' dir='ltr'><strong><em>a</em></strong></span> <span class='ocrx_word' id='word_1_26' title='bbox 241 734 365 807; x_wconf 40' lang='lat'>¹2:¹³3.-</span> <span class='ocrx_word' id='word_1_27' title='bbox 392 749 538 786; x_wconf 74' lang='lat' dir='ltr'>26vvoc</span> <span class='ocrx_word' id='word_1_28' title='bbox 575 741 790 787; x_wconf 80' lang='grc' dir='ltr'><strong><em>λιπέσθαι.</em></strong></span> 
     </span>
    </p>
   </div>
   <div class='ocr_carea' id='block_1_3' title="bbox 418 232 502 272">
    <p class='ocr_par' dir='ltr' id='par_1_3' title="bbox 418 232 502 272">
     <span class='ocr_line' id='line_1_10' title="bbox 418 232 502 272; baseline -0.012 0"><span class='ocrx_word' id='word_1_29' title='bbox 418 232 502 272; x_wconf 80' lang='lat'>480</span> 
     </span>
    </p>
   </div>
   <div class='ocr_carea' id='block_1_4' title="bbox 824 230 1284 268">
    <p class='ocr_par' dir='ltr' id='par_1_4' title="bbox 824 230 1284 268">
     <span class='ocr_line' id='line_1_11' title="bbox 824 230 1284 268; baseline 0 -1"><span class='ocrx_word' id='word_1_30' title='bbox 824 230 1284 268; x_wconf 81' lang='lat' dir='ltr'>HERODOTI</span> 
     </span>
    </p>
   </div>
   <div class='ocr_carea' id='block_1_5' title="bbox 296 338 1743 665">
    <p class='ocr_par' dir='ltr' id='par_1_5' title="bbox 296 338 1743 665">
     <span class='ocr_line' id='line_1_12' title="bbox 392 338 1682 396; baseline 0.002 -16"><span class='ocrx_word' id='word_1_31' title='bbox 392 341 496 384; x_wconf 83' lang='grc' dir='ltr'><strong><em>4καὶ</em></strong></span> <span class='ocrx_word' id='word_1_32' title='bbox 534 339 730 393; x_wconf 79' lang='grc' dir='ltr'><strong><em>ἐξισοῦτο</em></strong></span> <span class='ocrx_word' id='word_1_33' title='bbox 772 343 885 382; x_wconf 88' lang='grc' dir='ltr'><strong><em>τοῖσι</em></strong></span> <span class='ocrx_word' id='word_1_34' title='bbox 926 339 1095 382; x_wconf 80' lang='grc' dir='ltr'><strong><em>ἄλλοισι</em></strong></span> <span class='ocrx_word' id='word_1_35' title='bbox 1132 338 1180 382; x_wconf 85' lang='grc' dir='ltr'>τὸ</span> <span class='ocrx_word' id='word_1_36' title='bbox 1212 339 1358 393; x_wconf 74' lang='grc' dir='ltr'><strong><em>ἔργον·</em></strong></span> <span class='ocrx_word' id='word_1_37' title='bbox 1402 339 1594 382; x_wconf 74' lang='grc' dir='ltr'><strong><em>ἐνθαῦτα</em></strong></span> <span class='ocrx_word' id='word_1_38' title='bbox 1629 340 1682 396; x_wconf 81' lang='grc' dir='ltr'>δή</span> 
     </span>
     <span class='ocr_line' id='line_1_13' title="bbox 422 405 1684 462; baseline -0.002 -12"><span class='ocrx_word' id='word_1_39' title='bbox 422 406 582 462; x_wconf 76' lang='grc' dir='ltr'><strong><em>λειμών</em></strong></span> <span class='ocrx_word' id='word_1_40' title='bbox 618 408 727 455; x_wconf 83' lang='grc' dir='ltr'><strong><em>ἐστι,</em></strong></span> <span class='ocrx_word' id='word_1_41' title='bbox 759 407 833 449; x_wconf 81' lang='grc' dir='ltr'><strong><em>ἵνα</em></strong></span> <span class='ocrx_word' id='word_1_42' title='bbox 871 418 951 462; x_wconf 85' lang='grc' dir='ltr'>σφι</span> <span class='ocrx_word' id='word_1_43' title='bbox 981 405 1124 462; x_wconf 76' lang='grc' dir='ltr'><strong><em>ἀγορή</em></strong></span> <span class='ocrx_word' id='word_1_44' title='bbox 1155 423 1198 449; x_wconf 87' lang='grc' dir='ltr'>τε</span> <span class='ocrx_word' id='word_1_45' title='bbox 1227 407 1388 462; x_wconf 81' lang='grc' dir='ltr'><strong><em>ἐγίνετο</em></strong></span> <span class='ocrx_word' id='word_1_46' title='bbox 1417 407 1491 449; x_wconf 83' lang='grc' dir='ltr'>καὶ</span> <span class='ocrx_word' id='word_1_47' title='bbox 1519 407 1684 462; x_wconf 78' lang='grc' dir='ltr'><strong><em>πρητή-</em></strong></span> 
     </span>
     <span class='ocr_line' id='line_1_14' title="bbox 422 473 1686 530; baseline 0.001 -14"><span class='ocrx_word' id='word_1_48' title='bbox 422 487 549 527; x_wconf 89' lang='grc' dir='ltr'><strong><em>ριον·</em></strong></span> <span class='ocrx_word' id='word_1_49' title='bbox 589 478 705 524; x_wconf 85' lang='grc' dir='ltr'><strong><em>σῖτος</em></strong></span> <span class='ocrx_word' id='word_1_50' title='bbox 745 474 791 516; x_wconf 86' lang='grc' dir='ltr'>δέ</span> <span class='ocrx_word' id='word_1_51' title='bbox 829 484 953 530; x_wconf 87' lang='grc' dir='ltr'><strong><em>σφισι</em></strong></span> <span class='ocrx_word' id='word_1_52' title='bbox 981 475 1143 526; x_wconf 79' lang='grc' dir='ltr'><strong><em>πολλός</em></strong></span> <span class='ocrx_word' id='word_1_53' title='bbox 1187 475 1338 530; x_wconf 78' lang='grc' dir='ltr'><strong><em>ἐφοίτα</em></strong></span> <span class='ocrx_word' id='word_1_54' title='bbox 1369 474 1415 518; x_wconf 82' lang='grc' dir='ltr'>ἐκ</span> <span class='ocrx_word' id='word_1_55' title='bbox 1443 478 1521 529; x_wconf 80' lang='grc' dir='ltr'>τῆς</span> <span class='ocrx_word' id='word_1_56' title='bbox 1544 473 1686 529; x_wconf 85' lang='grc' dir='ltr'><strong><em>Ἀσίης</em></strong></span> 
     </span>
     <span class='ocr_line' id='line_1_15' title="bbox 296 538 1743 598; baseline -0.001 -15"><span class='ocrx_word' id='word_1_57' title='bbox 296 550 363 593; x_wconf 61' lang='lat'>24</span> <span class='ocrx_word' id='word_1_58' title='bbox 421 539 721 597; x_wconf 79' lang='grc' dir='ltr'><strong><em>ἀληλεσμένος.</em></strong></span> <span class='ocrx_word' id='word_1_59' title='bbox 768 538 848 592; x_wconf 77' lang='grc' dir='ltr'>Ὡς</span> <span class='ocrx_word' id='word_1_60' title='bbox 870 541 949 596; x_wconf 81' lang='grc' dir='ltr'>μὲν</span> <span class='ocrx_word' id='word_1_61' title='bbox 974 542 1047 598; x_wconf 79' lang='grc' dir='ltr'><strong><em>ἐμὲ</em></strong></span> <span class='ocrx_word' id='word_1_62' title='bbox 1061 540 1441 598; x_wconf 86' lang='grc' dir='ltr'><strong><em>συμβαλλεόμενον</em></strong></span> <span class='ocrx_word' id='word_1_63' title='bbox 1459 541 1686 595; x_wconf 78' lang='grc' dir='ltr'><strong><em>εὑρίσκειν,</em></strong></span> <span class='ocrx_word' id='word_1_64' title='bbox 1698 547 1743 582; x_wconf 89' lang='grc'>65</span> 
     </span>
     <span class='ocr_line' id='line_1_16' title="bbox 424 607 1687 665; baseline 0.002 -15"><span class='ocrx_word' id='word_1_65' title='bbox 424 607 816 664; x_wconf 80' lang='grc' dir='ltr'><strong><em>μεγαλοφροσύνης</em></strong></span> <span class='ocrx_word' id='word_1_66' title='bbox 855 610 996 653; x_wconf 80' lang='grc' dir='ltr'><strong><em>εἵνεκα</em></strong></span> <span class='ocrx_word' id='word_1_67' title='bbox 1036 608 1144 653; x_wconf 85' lang='grc' dir='ltr'><strong><em>αὐτὸ</em></strong></span> <span class='ocrx_word' id='word_1_68' title='bbox 1185 611 1345 665; x_wconf 80' lang='grc' dir='ltr'><strong><em>,Ξέρξης</em></strong></span> <span class='ocrx_word' id='word_1_69' title='bbox 1373 608 1576 663; x_wconf 79' lang='grc' dir='ltr'><strong><em>ὀρύσσειν</em></strong></span> <span class='ocrx_word' id='word_1_70' title='bbox 1605 607 1687 652; x_wconf 79' lang='grc' dir='ltr'><strong><em>ἐκέ-</em></strong></span> 
     </span>
    </p>
   </div>
   <div class='ocr_carea' id='block_1_6' title="bbox 378 854 607 858">
    <p class='ocr_par' dir='ltr' id='par_1_6' title="bbox 378 854 607 858">
     <span class='ocr_line' id='line_1_17' title="bbox 378 854 607 858; baseline 0 0"><span class='ocrx_word' id='word_1_71' title='bbox 378 854 607 858; x_wconf 95' lang='lat' dir='ltr'> </span> 
     </span>
    </p>
   </div>
   <div class='ocr_carea' id='block_1_7' title="bbox 368 908 1032 1305">
    <p class='ocr_par' dir='ltr' id='par_1_7' title="bbox 368 908 1031 1187">
     <span class='ocr_line' id='line_1_18' title="bbox 368 908 1031 964; baseline 0.003 -11"><span class='ocrx_word' id='word_1_72' title='bbox 368 908 490 953; x_wconf 72' lang='grc' dir='ltr'><strong><em>Ατῖιείΐ</em></strong></span> <span class='ocrx_word' id='word_1_73' title='bbox 517 917 581 952; x_wconf 74' lang='lat' dir='ltr'>mit</span> <span class='ocrx_word' id='word_1_74' title='bbox 611 914 676 952; x_wconf 79' lang='lat' dir='ltr'>den</span> <span class='ocrx_word' id='word_1_75' title='bbox 704 916 854 964; x_wconf 76' lang='lat' dir='ltr'>iibrz&#39;gen</span> <span class='ocrx_word' id='word_1_76' title='bbox 876 917 1031 964; x_wconf 79' lang='lat' dir='ltr'>gleick.“</span> 
     </span>
     <span class='ocr_line' id='line_1_19' title="bbox 370 970 1029 1022; baseline 0.003 -15"><span class='ocrx_word' id='word_1_77' title='bbox 370 994 422 999; x_wconf 96' lang='lat'>—</span> <span class='ocrx_word' id='word_1_78' title='bbox 443 970 505 1007; x_wconf 89' lang='lat' dir='ltr'>Ad</span> <span class='ocrx_word' id='word_1_79' title='bbox 525 984 638 1008; x_wconf 87' lang='lat' dir='ltr'>usum</span> <span class='ocrx_word' id='word_1_80' title='bbox 650 973 921 1022; x_wconf 80' lang='lat' dir='ltr'>particularum</span> <span class='ocrx_word' id='word_1_81' title='bbox 935 988 1029 1012; x_wconf 80' lang='grc' dir='ltr'>τε-</span> 
     </span>
     <span class='ocr_line' id='line_1_20' title="bbox 369 1026 1031 1076; baseline 0 -10"><span class='ocrx_word' id='word_1_82' title='bbox 369 1026 436 1067; x_wconf 82' lang='grc' dir='ltr'>καὶ</span> <span class='ocrx_word' id='word_1_83' title='bbox 458 1028 559 1066; x_wconf 78' lang='lat' dir='ltr'>conf.</span> <span class='ocrx_word' id='word_1_84' title='bbox 580 1027 715 1065; x_wconf 82' lang='lat' dir='ltr'>Matth.</span> <span class='ocrx_word' id='word_1_85' title='bbox 727 1030 794 1066; x_wconf 83' lang='lat' dir='ltr'>Gr.</span> <span class='ocrx_word' id='word_1_86' title='bbox 811 1030 878 1068; x_wconf 86' lang='lat' dir='ltr'>Gr.</span> <span class='ocrx_word' id='word_1_87' title='bbox 901 1031 937 1076; x_wconf 60' lang='grc' dir='ltr'>ξ.</span> <span class='ocrx_word' id='word_1_88' title='bbox 951 1030 1031 1071; x_wconf 87' lang='grc'>565</span> 
     </span>
     <span class='ocr_line' id='line_1_21' title="bbox 368 1083 1031 1135; baseline 0.008 -16"><span class='ocrx_word' id='word_1_89' title='bbox 368 1091 447 1120; x_wconf 88' lang='lat' dir='ltr'>not.</span> <span class='ocrx_word' id='word_1_90' title='bbox 471 1087 494 1124; x_wconf 83' lang='lat'>3</span> <span class='ocrx_word' id='word_1_91' title='bbox 515 1096 604 1135; x_wconf 80' lang='lat' dir='ltr'><strong>pag.</strong></span> <span class='ocrx_word' id='word_1_92' title='bbox 629 1083 747 1124; x_wconf 76' lang='lat'><strong>11&#39;14.</strong></span> <span class='ocrx_word' id='word_1_93' title='bbox 804 1084 907 1123; x_wconf 87' lang='lat' dir='ltr'>Add.</span> <span class='ocrx_word' id='word_1_94' title='bbox 933 1093 1031 1125; x_wconf 78' lang='lat' dir='ltr'>nott.</span> 
     </span>
     <span class='ocr_line' id='line_1_22' title="bbox 369 1140 590 1187; baseline 0.005 -11"><span class='ocrx_word' id='word_1_95' title='bbox 369 1140 418 1177; x_wconf 84' lang='lat' dir='ltr'>ad</span> <span class='ocrx_word' id='word_1_96' title='bbox 437 1140 501 1187; x_wconf 88' lang='lat' dir='ltr'>IV,</span> <span class='ocrx_word' id='word_1_97' title='bbox 523 1141 590 1182; x_wconf 77' lang='lat'>53.</span> 
     </span>
    </p>

    <p class='ocr_par' dir='ltr' id='par_1_8' title="bbox 369 1193 1031 1305">
     <span class='ocr_line' id='line_1_23' title="bbox 425 1193 1031 1248; baseline -0.003 -12"><span class='ocrx_word' id='word_1_98' title='bbox 425 1195 605 1236; x_wconf 77' lang='grc' dir='ltr'><strong><em>ἐνθαῦτα</em></strong></span> <span class='ocrx_word' id='word_1_99' title='bbox 616 1193 665 1246; x_wconf 73' lang='grc' dir='ltr'>δή</span> <span class='ocrx_word' id='word_1_100' title='bbox 678 1199 698 1235; x_wconf 81' lang='grc' dir='ltr'><strong><em>λ</em></strong></span> <span class='ocrx_word' id='word_1_101' title='bbox 703 1194 1031 1248; x_wconf 68' lang='grc' dir='ltr'><strong><em>ειμώνᾙΙΠιιεΡᾶ-</em></strong></span> 
     </span>
     <span class='ocr_line' id='line_1_24' title="bbox 369 1251 1032 1305; baseline 0.003 -16"><span class='ocrx_word' id='word_1_102' title='bbox 369 1254 505 1290; x_wconf 85' lang='lat' dir='ltr'>risinus</span> <span class='ocrx_word' id='word_1_103' title='bbox 525 1254 621 1290; x_wconf 79' lang='lat' dir='ltr'>libei</span> <span class='ocrx_word' id='word_1_104' title='bbox 642 1251 693 1292; x_wconf 84' lang='grc' dir='ltr'><em>δ</em></span> <span class='ocrx_word' id='word_1_105' title='bbox 681 1268 709 1300; x_wconf 80' lang='grc' dir='ltr'>ε,</span> <span class='ocrx_word' id='word_1_106' title='bbox 731 1254 835 1305; x_wconf 88' lang='lat' dir='ltr'>quod</span> <span class='ocrx_word' id='word_1_107' title='bbox 848 1253 985 1292; x_wconf 77' lang='lat' dir='ltr'>Schwn</span> <span class='ocrx_word' id='word_1_108' title='bbox 966 1254 1032 1305; x_wconf 64' lang='lat' dir='ltr'>Dh.</span> 
     </span>
    </p>
   </div>
   <div class='ocr_carea' id='block_1_8' title="bbox 341 1310 1034 1377">
    <p class='ocr_par' dir='ltr' id='par_1_9' title="bbox 341 1310 1034 1377">
     <span class='ocr_line' id='line_1_25' title="bbox 341 1310 1034 1377; baseline 0.003 -31"><span class='ocrx_word' id='word_1_109' title='bbox 341 1332 344 1336; x_wconf 92' lang='lat'>-</span> <span class='ocrx_word' id='word_1_110' title='bbox 370 1316 407 1346; x_wconf 86' lang='lat' dir='ltr'>et</span> <span class='ocrx_word' id='word_1_111' title='bbox 437 1310 812 1360; x_wconf 82' lang='lat' dir='ltr'>Gaisf.recepe1u11t.</span> <span class='ocrx_word' id='word_1_112' title='bbox 840 1311 1034 1377; x_wconf 88' lang='lat' dir='ltr'>Equidem</span> 
     </span>
    </p>
   </div>
   <div class='ocr_carea' id='block_1_9' title="bbox 369 1363 964 1419">
    <p class='ocr_par' dir='ltr' id='par_1_10' title="bbox 369 1363 964 1419">
     <span class='ocr_line' id='line_1_26' title="bbox 369 1363 964 1419; baseline 0.01 -17"><span class='ocrx_word' id='word_1_113' title='bbox 369 1379 460 1403; x_wconf 84' lang='lat' dir='ltr'>cum</span> <span class='ocrx_word' id='word_1_114' title='bbox 479 1365 659 1404; x_wconf 84' lang='lat' dir='ltr'>Bekkero</span> <span class='ocrx_word' id='word_1_115' title='bbox 689 1369 865 1405; x_wconf 78' lang='lat' dir='ltr'>revocavi</span> <span class='ocrx_word' id='word_1_116' title='bbox 893 1363 964 1419; x_wconf 84' lang='grc' dir='ltr'><strong><em>δη</em></strong></span> 
     </span>
    </p>
   </div>
   <div class='ocr_carea' id='block_1_10' title="bbox 370 1418 1039 2869">
    <p class='ocr_par' dir='ltr' id='par_1_11' title="bbox 370 1418 1039 2656">
     <span class='ocr_line' id='line_1_27' title="bbox 428 1418 1033 1490; baseline 0.005 -29"><span class='ocrx_word' id='word_1_117' title='bbox 428 1418 554 1474; x_wconf 81' lang='grc' dir='ltr'><strong><em>αγορή</em></strong></span> <span class='ocrx_word' id='word_1_118' title='bbox 586 1437 627 1462; x_wconf 84' lang='grc' dir='ltr'>τε</span> <span class='ocrx_word' id='word_1_119' title='bbox 655 1422 803 1488; x_wconf 76' lang='grc' dir='ltr'><strong><em>ἐγίνετο</em></strong></span> <span class='ocrx_word' id='word_1_120' title='bbox 834 1423 903 1463; x_wconf 86' lang='grc' dir='ltr'>καὶ</span> <span class='ocrx_word' id='word_1_121' title='bbox 934 1439 1033 1490; x_wconf 86' lang='grc' dir='ltr'><strong><em>πρη-</em></strong></span> 
     </span>
     <span class='ocr_line' id='line_1_28' title="bbox 370 1474 1034 1533; baseline 0.003 -16"><span class='ocrx_word' id='word_1_122' title='bbox 370 1474 529 1531; x_wconf 79' lang='grc' dir='ltr'><strong><em>τήριον]</em></strong></span> <span class='ocrx_word' id='word_1_123' title='bbox 562 1475 782 1532; x_wconf 76' lang='grc' dir='ltr'><strong><em>πρητήριον</em></strong></span> <span class='ocrx_word' id='word_1_124' title='bbox 799 1481 860 1518; x_wconf 80' lang='lat' dir='ltr'>vel</span> <span class='ocrx_word' id='word_1_125' title='bbox 881 1496 1034 1533; x_wconf 83' lang='grc' dir='ltr'><strong><em>πρατη-</em></strong></span> 
     </span>
     <span class='ocr_line' id='line_1_29' title="bbox 371 1534 1034 1589; baseline 0 -15"><span class='ocrx_word' id='word_1_126' title='bbox 371 1550 460 1586; x_wconf 88' lang='grc' dir='ltr'><strong><em>ριον</em></strong></span> <span class='ocrx_word' id='word_1_127' title='bbox 478 1534 716 1586; x_wconf 78' lang='grc' dir='ltr'><strong><em>Ελληνικῶς</em></strong></span> <span class='ocrx_word' id='word_1_128' title='bbox 737 1536 821 1584; x_wconf 83' lang='lat' dir='ltr'>dici,</span> <span class='ocrx_word' id='word_1_129' title='bbox 837 1537 939 1589; x_wconf 88' lang='lat' dir='ltr'>quod</span> <span class='ocrx_word' id='word_1_130' title='bbox 959 1538 1034 1574; x_wconf 90' lang='lat' dir='ltr'>At-</span> 
     </span>
     <span class='ocr_line' id='line_1_30' title="bbox 370 1588 1032 1644; baseline 0.005 -17"><span class='ocrx_word' id='word_1_131' title='bbox 370 1593 453 1628; x_wconf 88' lang='lat' dir='ltr'>ticis</span> <span class='ocrx_word' id='word_1_132' title='bbox 483 1588 738 1643; x_wconf 76' lang='grc' dir='ltr'><strong><em>πωλητήριον</em></strong></span> <span class='ocrx_word' id='word_1_133' title='bbox 773 1594 826 1642; x_wconf 91' lang='lat' dir='ltr'>(i.</span> <span class='ocrx_word' id='word_1_134' title='bbox 850 1607 883 1630; x_wconf 90' lang='lat' dir='ltr'>e.</span> <span class='ocrx_word' id='word_1_135' title='bbox 907 1593 1032 1644; x_wconf 85' lang='lat' dir='ltr'>forum</span> 
     </span>
     <span class='ocr_line' id='line_1_31' title="bbox 370 1648 1031 1698; baseline 0 -13"><span class='ocrx_word' id='word_1_136' title='bbox 370 1660 486 1685; x_wconf 84' lang='lat' dir='ltr'>rerum</span> <span class='ocrx_word' id='word_1_137' title='bbox 515 1648 738 1698; x_wconf 78' lang='lat' dir='ltr'>venalium),</span> <span class='ocrx_word' id='word_1_138' title='bbox 760 1648 874 1686; x_wconf 81' lang='lat' dir='ltr'><strong>tradit</strong></span> <span class='ocrx_word' id='word_1_139' title='bbox 893 1651 1031 1686; x_wconf 84' lang='lat' dir='ltr'>Moeris</span> 
     </span>
     <span class='ocr_line' id='line_1_32' title="bbox 371 1704 1033 1756; baseline 0.003 -16"><span class='ocrx_word' id='word_1_140' title='bbox 371 1717 458 1755; x_wconf 84' lang='lat' dir='ltr'><strong>pag.</strong></span> <span class='ocrx_word' id='word_1_141' title='bbox 481 1704 582 1751; x_wconf 79' lang='lat'>314,</span> <span class='ocrx_word' id='word_1_142' title='bbox 612 1706 678 1741; x_wconf 89' lang='lat' dir='ltr'>ubi</span> <span class='ocrx_word' id='word_1_143' title='bbox 711 1704 788 1742; x_wconf 86' lang='lat' dir='ltr'>vid.</span> <span class='ocrx_word' id='word_1_144' title='bbox 820 1706 1033 1756; x_wconf 73' lang='lat' dir='ltr'>interprett.</span> 
     </span>
     <span class='ocr_line' id='line_1_33' title="bbox 371 1759 1034 1811; baseline 0.003 -14"><span class='ocrx_word' id='word_1_145' title='bbox 371 1759 472 1798; x_wconf 87' lang='lat' dir='ltr'>Add.</span> <span class='ocrx_word' id='word_1_146' title='bbox 494 1761 635 1798; x_wconf 86' lang='lat' dir='ltr'>Pollux</span> <span class='ocrx_word' id='word_1_147' title='bbox 661 1762 726 1808; x_wconf 90' lang='lat' dir='ltr'>III,</span> <span class='ocrx_word' id='word_1_148' title='bbox 749 1764 840 1802; x_wconf 87' lang='grc'>126.</span> <span class='ocrx_word' id='word_1_149' title='bbox 863 1763 943 1811; x_wconf 86' lang='lat' dir='ltr'>VII,</span> <span class='ocrx_word' id='word_1_150' title='bbox 969 1765 1034 1802; x_wconf 86' lang='lat'>11.</span> 
     </span>
     <span class='ocr_line' id='line_1_34' title="bbox 371 1816 1036 1856; baseline 0 -2"><span class='ocrx_word' id='word_1_151' title='bbox 371 1816 529 1854; x_wconf 89' lang='lat' dir='ltr'>Videtur</span> <span class='ocrx_word' id='word_1_152' title='bbox 557 1825 687 1854; x_wconf 84' lang='lat' dir='ltr'>autem</span> <span class='ocrx_word' id='word_1_153' title='bbox 715 1817 930 1856; x_wconf 88' lang='lat' dir='ltr'>Herodotus</span> <span class='ocrx_word' id='word_1_154' title='bbox 950 1819 1036 1855; x_wconf 86' lang='lat' dir='ltr'>voci</span> 
     </span>
     <span class='ocr_line' id='line_1_35' title="bbox 373 1870 1034 1927; baseline -0.003 -15"><span class='ocrx_word' id='word_1_155' title='bbox 373 1870 514 1926; x_wconf 77' lang='grc' dir='ltr'>οἷγορή,</span> <span class='ocrx_word' id='word_1_156' title='bbox 547 1887 622 1925; x_wconf 89' lang='lat' dir='ltr'>quo</span> <span class='ocrx_word' id='word_1_157' title='bbox 657 1874 792 1911; x_wconf 86' lang='lat' dir='ltr'>melius</span> <span class='ocrx_word' id='word_1_158' title='bbox 823 1876 901 1912; x_wconf 84' lang='lat' dir='ltr'>eius</span> <span class='ocrx_word' id='word_1_159' title='bbox 936 1887 1034 1927; x_wconf 86' lang='lat' dir='ltr'>quae</span> 
     </span>
     <span class='ocr_line' id='line_1_36' title="bbox 372 1930 1036 1981; baseline 0 -14"><span class='ocrx_word' id='word_1_160' title='bbox 372 1930 447 1967; x_wconf 84' lang='lat' dir='ltr'>hoc</span> <span class='ocrx_word' id='word_1_161' title='bbox 469 1931 553 1967; x_wconf 87' lang='lat' dir='ltr'>loco</span> <span class='ocrx_word' id='word_1_162' title='bbox 574 1932 620 1967; x_wconf 88' lang='lat' dir='ltr'>sit</span> <span class='ocrx_word' id='word_1_163' title='bbox 635 1931 689 1968; x_wconf 86' lang='lat' dir='ltr'>vis</span> <span class='ocrx_word' id='word_1_164' title='bbox 711 1942 753 1967; x_wconf 79' lang='lat' dir='ltr'>ac</span> <span class='ocrx_word' id='word_1_165' title='bbox 774 1938 950 1981; x_wconf 78' lang='lat' dir='ltr'>potestas,</span> <span class='ocrx_word' id='word_1_166' title='bbox 972 1933 1036 1967; x_wconf 87' lang='lat' dir='ltr'>iu-</span> 
     </span>
     <span class='ocr_line' id='line_1_37' title="bbox 372 1986 1035 2040; baseline 0.005 -17"><span class='ocrx_word' id='word_1_167' title='bbox 372 1988 625 2037; x_wconf 84' lang='lat' dir='ltr'>telligeretur,</span> <span class='ocrx_word' id='word_1_168' title='bbox 665 1986 853 2024; x_wconf 85' lang='lat' dir='ltr'>addidisse</span> <span class='ocrx_word' id='word_1_169' title='bbox 881 1986 1035 2040; x_wconf 83' lang='grc' dir='ltr'><strong><em>πρητή-</em></strong></span> 
     </span>
     <span class='ocr_line' id='line_1_38' title="bbox 374 2042 1034 2095; baseline -0.002 -13"><span class='ocrx_word' id='word_1_170' title='bbox 374 2056 484 2094; x_wconf 67' lang='grc' dir='ltr'><strong><em>ριον,</em></strong></span> <span class='ocrx_word' id='word_1_171' title='bbox 527 2043 630 2080; x_wconf 87' lang='lat' dir='ltr'>uude</span> <span class='ocrx_word' id='word_1_172' title='bbox 671 2042 1034 2095; x_wconf 81' lang='lat' dir='ltr'>Schweighaeusero</span> 
     </span>
     <span class='ocr_line' id='line_1_39' title="bbox 374 2095 1037 2153; baseline 0.003 -15"><span class='ocrx_word' id='word_1_173' title='bbox 374 2100 488 2138; x_wconf 72' lang='lat' dir='ltr'>verba</span> <span class='ocrx_word' id='word_1_174' title='bbox 511 2095 638 2152; x_wconf 78' lang='grc' dir='ltr'><strong><em>α’γορή</em></strong></span> <span class='ocrx_word' id='word_1_175' title='bbox 659 2114 699 2140; x_wconf 87' lang='grc' dir='ltr'>τε</span> <span class='ocrx_word' id='word_1_176' title='bbox 717 2099 785 2138; x_wconf 83' lang='grc' dir='ltr'>καὶ</span> <span class='ocrx_word' id='word_1_177' title='bbox 812 2097 1037 2153; x_wconf 85' lang='grc' dir='ltr'><strong><em>πρητήριον</em></strong></span> 
     </span>
     <span class='ocr_line' id='line_1_40' title="bbox 374 2156 1036 2208; baseline 0.005 -17"><span class='ocrx_word' id='word_1_178' title='bbox 374 2169 442 2205; x_wconf 81' lang='lat' dir='ltr'>per</span> <span class='ocrx_word' id='word_1_179' title='bbox 473 2156 648 2205; x_wconf 81' lang='lat' dir='ltr'>figuram,</span> <span class='ocrx_word' id='word_1_180' title='bbox 671 2169 790 2208; x_wconf 80' lang='lat' dir='ltr'>quam</span> <span class='ocrx_word' id='word_1_181' title='bbox 825 2164 964 2194; x_wconf 76' lang='lat' dir='ltr'>vocant</span> <span class='ocrx_word' id='word_1_182' title='bbox 990 2157 1036 2195; x_wconf 68' lang='grc' dir='ltr'><strong><em>ἓν</em></strong></span> 
     </span>
     <span class='ocr_line' id='line_1_41' title="bbox 376 2208 1036 2263; baseline -0.002 -14"><span class='ocrx_word' id='word_1_183' title='bbox 376 2208 442 2249; x_wconf 65' lang='lat' dir='ltr'>dte}</span> <span class='ocrx_word' id='word_1_184' title='bbox 458 2212 583 2259; x_wconf 82' lang='grc' dir='ltr'><strong><em>δυοῖν,</em></strong></span> <span class='ocrx_word' id='word_1_185' title='bbox 596 2214 785 2262; x_wconf 82' lang='lat' dir='ltr'>explicare</span> <span class='ocrx_word' id='word_1_186' title='bbox 796 2214 929 2263; x_wconf 81' lang='lat' dir='ltr'>placet.</span> <span class='ocrx_word' id='word_1_187' title='bbox 952 2214 1036 2262; x_wconf 86' lang='lat' dir='ltr'>Ipsa</span> 
     </span>
     <span class='ocr_line' id='line_1_42' title="bbox 375 2263 1036 2319; baseline 0.002 -16"><span class='ocrx_word' id='word_1_188' title='bbox 375 2280 453 2303; x_wconf 83' lang='lat' dir='ltr'>vox</span> <span class='ocrx_word' id='word_1_189' title='bbox 483 2263 608 2319; x_wconf 76' lang='grc' dir='ltr'><strong><em>οἷγορὴ</em></strong></span> <span class='ocrx_word' id='word_1_190' title='bbox 640 2269 805 2305; x_wconf 80' lang='lat' dir='ltr'>crebrius</span> <span class='ocrx_word' id='word_1_191' title='bbox 834 2267 1036 2304; x_wconf 85' lang='lat' dir='ltr'>adhibetur</span> 
     </span>
     <span class='ocr_line' id='line_1_43' title="bbox 376 2323 1036 2369; baseline -0.002 -9"><span class='ocrx_word' id='word_1_192' title='bbox 376 2323 424 2360; x_wconf 91' lang='lat' dir='ltr'>de</span> <span class='ocrx_word' id='word_1_193' title='bbox 444 2323 548 2369; x_wconf 72' lang='lat' dir='ltr'>foro,</span> <span class='ocrx_word' id='word_1_194' title='bbox 582 2325 647 2360; x_wconf 91' lang='lat' dir='ltr'>ubi</span> <span class='ocrx_word' id='word_1_195' title='bbox 668 2337 724 2360; x_wconf 85' lang='lat' dir='ltr'>res</span> <span class='ocrx_word' id='word_1_196' title='bbox 737 2323 785 2360; x_wconf 78' lang='lat' dir='ltr'>ad</span> <span class='ocrx_word' id='word_1_197' title='bbox 805 2326 948 2361; x_wconf 76' lang='lat' dir='ltr'>victum</span> <span class='ocrx_word' id='word_1_198' title='bbox 965 2337 1036 2360; x_wconf 89' lang='lat' dir='ltr'>ne-</span> 
     </span>
     <span class='ocr_line' id='line_1_44' title="bbox 377 2379 1037 2431; baseline 0.002 -16"><span class='ocrx_word' id='word_1_199' title='bbox 377 2381 558 2416; x_wconf 79' lang='lat' dir='ltr'>cessariae</span> <span class='ocrx_word' id='word_1_200' title='bbox 580 2387 848 2430; x_wconf 84' lang='lat' dir='ltr'>exponuntur,</span> <span class='ocrx_word' id='word_1_201' title='bbox 869 2379 1037 2431; x_wconf 86' lang='lat' dir='ltr'>indeque</span> 
     </span>
     <span class='ocr_line' id='line_1_45' title="bbox 376 2434 1038 2487; baseline 0 -15"><span class='ocrx_word' id='word_1_202' title='bbox 376 2436 491 2472; x_wconf 82' lang='lat' dir='ltr'>etiam</span> <span class='ocrx_word' id='word_1_203' title='bbox 511 2434 559 2472; x_wconf 87' lang='lat' dir='ltr'>de</span> <span class='ocrx_word' id='word_1_204' title='bbox 583 2437 670 2487; x_wconf 87' lang='lat' dir='ltr'>ipsis</span> <span class='ocrx_word' id='word_1_205' title='bbox 699 2437 810 2473; x_wconf 84' lang='lat' dir='ltr'>rebus</span> <span class='ocrx_word' id='word_1_206' title='bbox 831 2437 1038 2484; x_wconf 84' lang='lat' dir='ltr'>venalibus,</span> 
     </span>
     <span class='ocr_line' id='line_1_46' title="bbox 378 2491 1039 2542; baseline 0.002 -13"><span class='ocrx_word' id='word_1_207' title='bbox 378 2491 426 2529; x_wconf 88' lang='lat' dir='ltr'>de</span> <span class='ocrx_word' id='word_1_208' title='bbox 455 2505 620 2529; x_wconf 85' lang='lat' dir='ltr'>annona.</span> <span class='ocrx_word' id='word_1_209' title='bbox 692 2491 777 2531; x_wconf 80' lang='lat' dir='ltr'>vid.</span> <span class='ocrx_word' id='word_1_210' title='bbox 807 2494 966 2542; x_wconf 81' lang='lat' dir='ltr'>Kriiger.</span> <span class='ocrx_word' id='word_1_211' title='bbox 990 2492 1039 2530; x_wconf 83' lang='lat' dir='ltr'>ad</span> 
     </span>
     <span class='ocr_line' id='line_1_47' title="bbox 376 2547 1038 2600; baseline 0.003 -14"><span class='ocrx_word' id='word_1_212' title='bbox 376 2547 626 2600; x_wconf 89' lang='lat' dir='ltr'>Xenophont.</span> <span class='ocrx_word' id='word_1_213' title='bbox 655 2549 780 2586; x_wconf 80' lang='lat' dir='ltr'>Anab.</span> <span class='ocrx_word' id='word_1_214' title='bbox 825 2561 914 2600; x_wconf 81' lang='lat' dir='ltr'><strong>pag.</strong></span> <span class='ocrx_word' id='word_1_215' title='bbox 953 2548 1038 2589; x_wconf 83' lang='lat'>455</span> 
     </span>
     <span class='ocr_line' id='line_1_48' title="bbox 379 2604 1038 2656; baseline 0 -15"><span class='ocrx_word' id='word_1_216' title='bbox 379 2606 466 2641; x_wconf 88' lang='lat' dir='ltr'><strong>coll.</strong></span> <span class='ocrx_word' id='word_1_217' title='bbox 499 2607 594 2645; x_wconf 88' lang='lat' dir='ltr'>Lex.</span> <span class='ocrx_word' id='word_1_218' title='bbox 627 2604 874 2656; x_wconf 87' lang='lat' dir='ltr'>Xenophont.</span> <span class='ocrx_word' id='word_1_219' title='bbox 894 2608 911 2642; x_wconf 94' lang='grc' dir='ltr'>Ι</span> <span class='ocrx_word' id='word_1_220' title='bbox 950 2617 1038 2656; x_wconf 81' lang='lat' dir='ltr'><strong>pag.</strong></span> 
     </span>
    </p>

    <p class='ocr_par' dir='ltr' id='par_1_12' title="bbox 380 2716 1039 2869">
     <span class='ocr_line' id='line_1_49' title="bbox 434 2716 1039 2768; baseline -0.007 -11"><span class='ocrx_word' id='word_1_221' title='bbox 434 2716 598 2768; x_wconf 79' lang='grc' dir='ltr'><strong><em>ἐφοίτα]</em></strong></span> <span class='ocrx_word' id='word_1_222' title='bbox 639 2717 765 2754; x_wconf 80' lang='lat' dir='ltr'>vana:</span> <span class='ocrx_word' id='word_1_223' title='bbox 801 2718 1039 2767; x_wconf 77' lang='lat' dir='ltr'>comportaba-</span> 
     </span>
     <span class='ocr_line' id='line_1_50' title="bbox 381 2773 1039 2825; baseline -0.002 -15"><span class='ocrx_word' id='word_1_224' title='bbox 381 2777 452 2810; x_wconf 82' lang='lat' dir='ltr'>tur.</span> <span class='ocrx_word' id='word_1_225' title='bbox 509 2774 575 2810; x_wconf 91' lang='lat' dir='ltr'>Tu</span> <span class='ocrx_word' id='word_1_226' title='bbox 617 2773 694 2811; x_wconf 86' lang='lat' dir='ltr'>vid.</span> <span class='ocrx_word' id='word_1_227' title='bbox 733 2775 797 2821; x_wconf 89' lang='lat'>111,</span> <span class='ocrx_word' id='word_1_228' title='bbox 829 2775 882 2814; x_wconf 82' lang='lat'>90</span> <span class='ocrx_word' id='word_1_229' title='bbox 911 2774 1039 2825; x_wconf 85' lang='lat' dir='ltr'>ibique</span> 
     </span>
     <span class='ocr_line' id='line_1_51' title="bbox 380 2828 1039 2869; baseline 0.003 -4"><span class='ocrx_word' id='word_1_230' title='bbox 380 2837 474 2869; x_wconf 84' lang='lat' dir='ltr'>nott.</span> <span class='ocrx_word' id='word_1_231' title='bbox 509 2828 757 2869; x_wconf 80' lang='lat' dir='ltr'>Valckenaer.</span> <span class='ocrx_word' id='word_1_232' title='bbox 788 2831 884 2866; x_wconf 90' lang='lat' dir='ltr'>bene</span> <span class='ocrx_word' id='word_1_233' title='bbox 917 2831 1039 2867; x_wconf 77' lang='lat' dir='ltr'>attulit</span> 
     </span>
    </p>
   </div>
   <div class='ocr_carea' id='block_1_11' title="bbox 294 674 1689 800">
    <p class='ocr_par' dir='ltr' id='par_1_13' title="bbox 294 674 1689 800">
     <span class='ocr_line' id='line_1_52' title="bbox 294 674 1689 733; baseline 0.002 -16"><span class='ocrx_word' id='word_1_234' title='bbox 294 680 350 707; x_wconf 71' lang='lat'><strong>¹⁰¹1</strong></span> <span class='ocrx_word' id='word_1_235' title='bbox 423 680 532 726; x_wconf 86' lang='grc' dir='ltr'><strong><em>λευε,</em></strong></span> <span class='ocrx_word' id='word_1_236' title='bbox 564 674 729 718; x_wconf 78' lang='grc' dir='ltr'><strong><em>ἐθέλων</em></strong></span> <span class='ocrx_word' id='word_1_237' title='bbox 754 691 799 719; x_wconf 89' lang='grc' dir='ltr'>τε</span> <span class='ocrx_word' id='word_1_238' title='bbox 825 675 1015 732; x_wconf 87' lang='grc' dir='ltr'><strong><em>δύναμιν</em></strong></span> <span class='ocrx_word' id='word_1_239' title='bbox 1045 675 1401 728; x_wconf 77' lang='grc' dir='ltr'><strong><em>ἀποδείκνυσθαι,</em></strong></span> <span class='ocrx_word' id='word_1_240' title='bbox 1432 677 1505 719; x_wconf 85' lang='grc' dir='ltr'>καὶ</span> <span class='ocrx_word' id='word_1_241' title='bbox 1527 678 1689 733; x_wconf 85' lang='grc' dir='ltr'><strong><em>μνημό-</em></strong></span> 
     </span>
     <span class='ocr_line' id='line_1_53' title="bbox 857 742 1689 800; baseline 0 -13"><span class='ocrx_word' id='word_1_242' title='bbox 857 743 1024 800; x_wconf 83' lang='grc' dir='ltr'><strong><em>παρεόν</em></strong></span> <span class='ocrx_word' id='word_1_243' title='bbox 1051 743 1152 800; x_wconf 76' lang='grc' dir='ltr'><strong><em>γὰρ,</em></strong></span> <span class='ocrx_word' id='word_1_244' title='bbox 1183 746 1347 800; x_wconf 83' lang='grc' dir='ltr'><strong><em>μηδένα</em></strong></span> <span class='ocrx_word' id='word_1_245' title='bbox 1375 742 1516 788; x_wconf 87' lang='grc' dir='ltr'><strong><em>πόνον</em></strong></span> <span class='ocrx_word' id='word_1_246' title='bbox 1532 743 1689 800; x_wconf 88' lang='grc' dir='ltr'><strong><em>λαβόν-</em></strong></span> 
     </span>
    </p>
   </div>
   <div class='ocr_carea' id='block_1_12' title="bbox 1088 915 1750 1308">
    <p class='ocr_par' dir='ltr' id='par_1_14' title="bbox 1088 915 1750 1308">
     <span class='ocr_line' id='line_1_54' title="bbox 1088 915 1745 969; baseline -0.005 -14"><span class='ocrx_word' id='word_1_247' title='bbox 1088 915 1357 969; x_wconf 83' lang='lat' dir='ltr'>Xenophontis</span> <span class='ocrx_word' id='word_1_248' title='bbox 1386 918 1514 965; x_wconf 79' lang='lat' dir='ltr'>locum</span> <span class='ocrx_word' id='word_1_249' title='bbox 1549 918 1597 953; x_wconf 82' lang='lat'>11.</span> <span class='ocrx_word' id='word_1_250' title='bbox 1627 916 1693 952; x_wconf 88' lang='lat' dir='ltr'>Gr.</span> <span class='ocrx_word' id='word_1_251' title='bbox 1714 917 1745 963; x_wconf 90' lang='grc' dir='ltr'>Ι,</span> 
     </span>
     <span class='ocr_line' id='line_1_55' title="bbox 1089 972 1745 1023; baseline 0.006 -14"><span class='ocrx_word' id='word_1_252' title='bbox 1089 977 1126 1020; x_wconf 65' lang='grc' dir='ltr'>ξ.</span> <span class='ocrx_word' id='word_1_253' title='bbox 1157 976 1210 1016; x_wconf 80' lang='grc'>25</span> <span class='ocrx_word' id='word_1_254' title='bbox 1247 981 1283 1010; x_wconf 92' lang='lat' dir='ltr'>et</span> <span class='ocrx_word' id='word_1_255' title='bbox 1314 972 1503 1010; x_wconf 90' lang='lat' dir='ltr'>Andocid.</span> <span class='ocrx_word' id='word_1_256' title='bbox 1532 986 1570 1023; x_wconf 90' lang='lat' dir='ltr'>p.</span> <span class='ocrx_word' id='word_1_257' title='bbox 1595 975 1661 1020; x_wconf 87' lang='grc'>22,</span> <span class='ocrx_word' id='word_1_258' title='bbox 1693 974 1745 1012; x_wconf 87' lang='lat'>17</span> 
     </span>
     <span class='ocr_line' id='line_1_56' title="bbox 1091 1029 1749 1081; baseline -0.002 -14"><span class='ocrx_word' id='word_1_259' title='bbox 1091 1032 1148 1081; x_wconf 88' lang='lat' dir='ltr'>[p.</span> <span class='ocrx_word' id='word_1_260' title='bbox 1169 1030 1222 1070; x_wconf 89' lang='lat'>85</span> <span class='ocrx_word' id='word_1_261' title='bbox 1243 1029 1406 1078; x_wconf 76' lang='lat' dir='ltr'>Reisk.].</span> <span class='ocrx_word' id='word_1_262' title='bbox 1437 1029 1499 1066; x_wconf 89' lang='lat' dir='ltr'>Ad</span> <span class='ocrx_word' id='word_1_263' title='bbox 1518 1042 1630 1065; x_wconf 86' lang='lat' dir='ltr'>voces</span> <span class='ocrx_word' id='word_1_264' title='bbox 1650 1031 1749 1068; x_wconf 88' lang='grc' dir='ltr'><strong><em>πολ-</em></strong></span> 
     </span>
     <span class='ocr_line' id='line_1_57' title="bbox 1089 1082 1745 1137; baseline -0.005 -12"><span class='ocrx_word' id='word_1_265' title='bbox 1089 1085 1153 1134; x_wconf 83' lang='grc' dir='ltr'><strong><em>λὸς</em></strong></span> <span class='ocrx_word' id='word_1_266' title='bbox 1184 1082 1449 1137; x_wconf 66' lang='grc' dir='ltr'><strong><em>ἀληλεσμένος</em></strong></span> <span class='ocrx_word' id='word_1_267' title='bbox 1478 1086 1576 1122; x_wconf 83' lang='lat' dir='ltr'>conf.</span> <span class='ocrx_word' id='word_1_268' title='bbox 1608 1082 1745 1123; x_wconf 84' lang='lat' dir='ltr'>Matth.</span> 
     </span>
     <span class='ocr_line' id='line_1_58' title="bbox 1088 1139 1750 1194; baseline -0.005 -14"><span class='ocrx_word' id='word_1_269' title='bbox 1088 1145 1155 1180; x_wconf 87' lang='lat' dir='ltr'>Gr.</span> <span class='ocrx_word' id='word_1_270' title='bbox 1177 1144 1242 1180; x_wconf 87' lang='lat' dir='ltr'>Gr.</span> <span class='ocrx_word' id='word_1_271' title='bbox 1263 1156 1349 1194; x_wconf 80' lang='lat' dir='ltr'>pag.</span> <span class='ocrx_word' id='word_1_272' title='bbox 1371 1145 1465 1190; x_wconf 82' lang='lat'>830,</span> <span class='ocrx_word' id='word_1_273' title='bbox 1494 1143 1561 1194; x_wconf 91' lang='lat' dir='ltr'>qui</span> <span class='ocrx_word' id='word_1_274' title='bbox 1585 1139 1689 1178; x_wconf 88' lang='lat' dir='ltr'>idem</span> <span class='ocrx_word' id='word_1_275' title='bbox 1710 1141 1750 1186; x_wconf 83' lang='lat'>§.</span> 
     </span>
     <span class='ocr_line' id='line_1_59' title="bbox 1091 1196 1749 1250; baseline -0.003 -15"><span class='ocrx_word' id='word_1_276' title='bbox 1091 1202 1170 1240; x_wconf 83' lang='lat'>168</span> <span class='ocrx_word' id='word_1_277' title='bbox 1200 1213 1288 1250; x_wconf 79' lang='lat' dir='ltr'><strong>pag.</strong></span> <span class='ocrx_word' id='word_1_278' title='bbox 1318 1202 1398 1240; x_wconf 80' lang='lat'>306</span> <span class='ocrx_word' id='word_1_279' title='bbox 1419 1197 1673 1236; x_wconf 85' lang='lat' dir='ltr'>consulendus</span> <span class='ocrx_word' id='word_1_280' title='bbox 1701 1196 1749 1234; x_wconf 89' lang='lat' dir='ltr'>de</span> 
     </span>
     <span class='ocr_line' id='line_1_60' title="bbox 1089 1251 1569 1308; baseline 0.006 -15"><span class='ocrx_word' id='word_1_281' title='bbox 1089 1255 1212 1293; x_wconf 60' lang='lat' dir='ltr'>formai</span> <span class='ocrx_word' id='word_1_282' title='bbox 1233 1251 1504 1308; x_wconf 70' lang='grc' dir='ltr'><strong><em>ἀληλεσμένος.</em></strong></span> <span class='ocrx_word' id='word_1_283' title='bbox 1565 1298 1569 1302; x_wconf 75' lang='grc'>,</span> 
     </span>
    </p>
   </div>
   <div class='ocr_carea' id='block_1_13' title="bbox 1295 1345 1553 1396">
    <p class='ocr_par' dir='ltr' id='par_1_15' title="bbox 1295 1345 1553 1396">
     <span class='ocr_line' id='line_1_61' title="bbox 1295 1345 1553 1396; baseline 0.016 -14"><span class='ocrx_word' id='word_1_284' title='bbox 1295 1346 1388 1396; x_wconf 84' lang='lat' dir='ltr'><strong>Cap.</strong></span> <span class='ocrx_word' id='word_1_285' title='bbox 1409 1345 1553 1386; x_wconf 85' lang='lat' dir='ltr'><strong>XXIV.</strong></span> 
     </span>
    </p>
   </div>
   <div class='ocr_carea' id='block_1_14' title="bbox 1088 1419 1761 2882">
    <p class='ocr_par' dir='ltr' id='par_1_16' title="bbox 1088 1419 1761 2315">
     <span class='ocr_line' id='line_1_62' title="bbox 1143 1419 1751 1476; baseline -0.005 -12"><span class='ocrx_word' id='word_1_286' title='bbox 1143 1422 1212 1471; x_wconf 82' lang='grc' dir='ltr'>Ὡς</span> <span class='ocrx_word' id='word_1_287' title='bbox 1231 1421 1304 1476; x_wconf 81' lang='grc' dir='ltr'>μὲν</span> <span class='ocrx_word' id='word_1_288' title='bbox 1321 1421 1388 1475; x_wconf 79' lang='grc' dir='ltr'><strong><em>ἐμὲ</em></strong></span> <span class='ocrx_word' id='word_1_289' title='bbox 1409 1419 1751 1475; x_wconf 85' lang='grc' dir='ltr'><strong><em>συμβαλλεόμενον</em></strong></span> 
     </span>
     <span class='ocr_line' id='line_1_63' title="bbox 1091 1477 1751 1532; baseline -0.006 -12"><span class='ocrx_word' id='word_1_290' title='bbox 1091 1479 1316 1532; x_wconf 72' lang='grc' dir='ltr'><strong><em>εὑρίσκειν]</em></strong></span> <span class='ocrx_word' id='word_1_291' title='bbox 1364 1480 1475 1517; x_wconf 87' lang='lat' dir='ltr'>Conf.</span> <span class='ocrx_word' id='word_1_292' title='bbox 1512 1477 1648 1516; x_wconf 78' lang='lat' dir='ltr'>Matth.</span> <span class='ocrx_word' id='word_1_293' title='bbox 1683 1479 1751 1516; x_wconf 89' lang='lat' dir='ltr'>Gr.</span> 
     </span>
     <span class='ocr_line' id='line_1_64' title="bbox 1089 1537 1751 1588; baseline -0.005 -14"><span class='ocrx_word' id='word_1_294' title='bbox 1089 1539 1154 1574; x_wconf 89' lang='lat' dir='ltr'>Gr.</span> <span class='ocrx_word' id='word_1_295' title='bbox 1185 1539 1222 1583; x_wconf 84' lang='lat'>§.</span> <span class='ocrx_word' id='word_1_296' title='bbox 1251 1537 1334 1579; x_wconf 83' lang='lat'>545</span> <span class='ocrx_word' id='word_1_297' title='bbox 1363 1549 1452 1588; x_wconf 82' lang='lat' dir='ltr'><strong>pag.</strong></span> <span class='ocrx_word' id='word_1_298' title='bbox 1487 1539 1606 1577; x_wconf 80' lang='lat'><strong>1069.</strong></span> <span class='ocrx_word' id='word_1_299' title='bbox 1672 1537 1751 1572; x_wconf 88' lang='lat' dir='ltr'>Nec</span> 
     </span>
     <span class='ocr_line' id='line_1_65' title="bbox 1089 1591 1752 1639; baseline 0.005 -10"><span class='ocrx_word' id='word_1_300' title='bbox 1089 1595 1196 1630; x_wconf 77' lang='lat' dir='ltr'>aliter</span> <span class='ocrx_word' id='word_1_301' title='bbox 1206 1595 1284 1630; x_wconf 81' lang='lat' dir='ltr'>fere</span> <span class='ocrx_word' id='word_1_302' title='bbox 1303 1596 1438 1630; x_wconf 82' lang='lat' dir='ltr'>Noster</span> <span class='ocrx_word' id='word_1_303' title='bbox 1456 1594 1536 1639; x_wconf 88' lang='lat' dir='ltr'>VII,</span> <span class='ocrx_word' id='word_1_304' title='bbox 1552 1591 1644 1632; x_wconf 86' lang='lat'><strong>184.</strong></span> <span class='ocrx_word' id='word_1_305' title='bbox 1660 1593 1752 1632; x_wconf 85' lang='lat'><strong>187·</strong></span> 
     </span>
     <span class='ocr_line' id='line_1_66' title="bbox 1088 1648 1754 1696; baseline -0.005 -10"><span class='ocrx_word' id='word_1_306' title='bbox 1088 1650 1188 1696; x_wconf 86' lang='lat' dir='ltr'>VIII,</span> <span class='ocrx_word' id='word_1_307' title='bbox 1210 1653 1275 1690; x_wconf 80' lang='lat'>30.</span> <span class='ocrx_word' id='word_1_308' title='bbox 1327 1650 1432 1695; x_wconf 80' lang='lat' dir='ltr'>Quae.</span> <span class='ocrx_word' id='word_1_309' title='bbox 1453 1648 1600 1694; x_wconf 79' lang='lat' dir='ltr'>eadem,</span> <span class='ocrx_word' id='word_1_310' title='bbox 1621 1648 1754 1684; x_wconf 70' lang='lat' dir='ltr'>obser—</span> 
     </span>
     <span class='ocr_line' id='line_1_67' title="bbox 1089 1702 1753 1752; baseline -0.002 -10"><span class='ocrx_word' id='word_1_311' title='bbox 1089 1712 1204 1743; x_wconf 81' lang='lat' dir='ltr'>vante</span> <span class='ocrx_word' id='word_1_312' title='bbox 1237 1705 1319 1752; x_wconf 61' lang='lat' dir='ltr'>Cr„</span> <span class='ocrx_word' id='word_1_313' title='bbox 1341 1706 1464 1742; x_wconf 79' lang='lat' dir='ltr'>attulit</span> <span class='ocrx_word' id='word_1_314' title='bbox 1493 1703 1687 1742; x_wconf 80' lang='lat' dir='ltr'>Schaefer.</span> <span class='ocrx_word' id='word_1_315' title='bbox 1704 1702 1753 1741; x_wconf 83' lang='lat' dir='ltr'>ad</span> 
     </span>
     <span class='ocr_line' id='line_1_68' title="bbox 1089 1763 1754 1813; baseline 0 -16"><span class='ocrx_word' id='word_1_316' title='bbox 1089 1763 1248 1813; x_wconf 80' lang='lat' dir='ltr'>Dionys.</span> <span class='ocrx_word' id='word_1_317' title='bbox 1277 1763 1468 1800; x_wconf 82' lang='lat' dir='ltr'>Halicarn.</span> <span class='ocrx_word' id='word_1_318' title='bbox 1499 1763 1556 1798; x_wconf 92' lang='lat' dir='ltr'>De</span> <span class='ocrx_word' id='word_1_319' title='bbox 1584 1772 1754 1810; x_wconf 86' lang='lat' dir='ltr'>compos.</span> 
     </span>
     <span class='ocr_line' id='line_1_69' title="bbox 1090 1817 1755 1868; baseline -0.003 -14"><span class='ocrx_word' id='word_1_320' title='bbox 1090 1819 1223 1855; x_wconf 73' lang='lat' dir='ltr'>verbb.</span> <span class='ocrx_word' id='word_1_321' title='bbox 1243 1830 1330 1868; x_wconf 82' lang='lat' dir='ltr'><strong>pag.</strong></span> <span class='ocrx_word' id='word_1_322' title='bbox 1349 1821 1441 1858; x_wconf 86' lang='lat'><strong>199.</strong></span> <span class='ocrx_word' id='word_1_323' title='bbox 1502 1818 1601 1854; x_wconf 87' lang='lat' dir='ltr'>Cum</span> <span class='ocrx_word' id='word_1_324' title='bbox 1629 1817 1755 1853; x_wconf 85' lang='lat' dir='ltr'>verbis</span> 
     </span>
     <span class='ocr_line' id='line_1_70' title="bbox 1091 1870 1753 1927; baseline -0.008 -14"><span class='ocrx_word' id='word_1_325' title='bbox 1091 1870 1447 1927; x_wconf 77' lang='grc' dir='ltr'><strong><em>μεγαλοφροσύνης</em></strong></span> <span class='ocrx_word' id='word_1_326' title='bbox 1484 1874 1615 1913; x_wconf 77' lang='grc' dir='ltr'><strong><em>εἵνεκα</em></strong></span> <span class='ocrx_word' id='word_1_327' title='bbox 1660 1873 1753 1909; x_wconf 81' lang='lat' dir='ltr'>Val-</span> 
     </span>
     <span class='ocr_line' id='line_1_71' title="bbox 1091 1927 1754 1968; baseline -0.003 0"><span class='ocrx_word' id='word_1_328' title='bbox 1091 1930 1205 1968; x_wconf 83' lang='lat' dir='ltr'>cken.</span> <span class='ocrx_word' id='word_1_329' title='bbox 1221 1930 1417 1968; x_wconf 84' lang='lat' dir='ltr'>contendit</span> <span class='ocrx_word' id='word_1_330' title='bbox 1427 1929 1581 1967; x_wconf 86' lang='lat' dir='ltr'>Aristid.</span> <span class='ocrx_word' id='word_1_331' title='bbox 1592 1930 1632 1966; x_wconf 88' lang='lat' dir='ltr'>in</span> <span class='ocrx_word' id='word_1_332' title='bbox 1642 1927 1754 1966; x_wconf 87' lang='lat' dir='ltr'>The-</span> 
     </span>
     <span class='ocr_line' id='line_1_72' title="bbox 1090 1984 1756 2037; baseline -0.005 -13"><span class='ocrx_word' id='word_1_333' title='bbox 1090 1989 1254 2024; x_wconf 87' lang='lat' dir='ltr'>mistocl.</span> <span class='ocrx_word' id='word_1_334' title='bbox 1276 1988 1326 2024; x_wconf 90' lang='grc' dir='ltr'>Τ.</span> <span class='ocrx_word' id='word_1_335' title='bbox 1346 1989 1400 2023; x_wconf 90' lang='grc' dir='ltr'>ΙΙΙ</span> <span class='ocrx_word' id='word_1_336' title='bbox 1416 2001 1454 2037; x_wconf 89' lang='lat' dir='ltr'>p.</span> <span class='ocrx_word' id='word_1_337' title='bbox 1472 1989 1553 2028; x_wconf 81' lang='lat'>297</span> <span class='ocrx_word' id='word_1_338' title='bbox 1574 1993 1611 2023; x_wconf 92' lang='lat' dir='ltr'>et</span> <span class='ocrx_word' id='word_1_339' title='bbox 1622 1984 1756 2026; x_wconf 82' lang='lat' dir='ltr'>Schol,</span> 
     </span>
     <span class='ocr_line' id='line_1_73' title="bbox 1093 2040 1758 2095; baseline -0.003 -15"><span class='ocrx_word' id='word_1_340' title='bbox 1093 2056 1182 2095; x_wconf 84' lang='lat' dir='ltr'><strong>pag.</strong></span> <span class='ocrx_word' id='word_1_341' title='bbox 1205 2047 1287 2084; x_wconf 88' lang='grc'>222</span> <span class='ocrx_word' id='word_1_342' title='bbox 1300 2043 1360 2081; x_wconf 86' lang='lat' dir='ltr'>ed.</span> <span class='ocrx_word' id='word_1_343' title='bbox 1383 2044 1589 2080; x_wconf 86' lang='lat' dir='ltr'>Frommel.</span> <span class='ocrx_word' id='word_1_344' title='bbox 1608 2064 1665 2070; x_wconf 86' lang='lat'>—-·</span> <span class='ocrx_word' id='word_1_345' title='bbox 1693 2040 1758 2078; x_wconf 88' lang='lat' dir='ltr'>Ad</span> 
     </span>
     <span class='ocr_line' id='line_1_74' title="bbox 1093 2095 1761 2150; baseline -0.001 -13"><span class='ocrx_word' id='word_1_346' title='bbox 1093 2101 1328 2137; x_wconf 87' lang='lat' dir='ltr'>locutionem</span> <span class='ocrx_word' id='word_1_347' title='bbox 1368 2095 1604 2150; x_wconf 86' lang='grc' dir='ltr'><strong><em>μνημόσυνα</em></strong></span> <span class='ocrx_word' id='word_1_348' title='bbox 1650 2096 1761 2137; x_wconf 54' lang='lat' dir='ltr'>Mne-³</span> 
     </span>
     <span class='ocr_line' id='line_1_75' title="bbox 1094 2155 1756 2206; baseline -0.006 -12"><span class='ocrx_word' id='word_1_349' title='bbox 1094 2160 1192 2195; x_wconf 77' lang='grc' dir='ltr'><strong><em>σθαι</em></strong></span> <span class='ocrx_word' id='word_1_350' title='bbox 1213 2156 1258 2192; x_wconf 86' lang='lat' dir='ltr'>cf.</span> <span class='ocrx_word' id='word_1_351' title='bbox 1276 2157 1339 2203; x_wconf 76' lang='lat' dir='ltr'>VI,</span> <span class='ocrx_word' id='word_1_352' title='bbox 1355 2157 1445 2196; x_wconf 88' lang='grc'>109.</span> <span class='ocrx_word' id='word_1_353' title='bbox 1463 2156 1526 2202; x_wconf 88' lang='lat' dir='ltr'>IV,</span> <span class='ocrx_word' id='word_1_354' title='bbox 1552 2157 1630 2195; x_wconf 84' lang='lat'>166</span> <span class='ocrx_word' id='word_1_355' title='bbox 1663 2155 1756 2206; x_wconf 83' lang='lat' dir='ltr'>ibiq.</span> 
     </span>
     <span class='ocr_line' id='line_1_76' title="bbox 1090 2207 1758 2263; baseline 0.004 -15"><span class='ocrx_word' id='word_1_356' title='bbox 1090 2219 1188 2248; x_wconf 89' lang='lat' dir='ltr'>nott.</span> <span class='ocrx_word' id='word_1_357' title='bbox 1209 2218 1246 2248; x_wconf 85' lang='lat' dir='ltr'>et</span> <span class='ocrx_word' id='word_1_358' title='bbox 1267 2211 1315 2248; x_wconf 82' lang='lat' dir='ltr'>ad</span> <span class='ocrx_word' id='word_1_359' title='bbox 1340 2213 1583 2263; x_wconf 82' lang='lat' dir='ltr'>participium</span> <span class='ocrx_word' id='word_1_360' title='bbox 1607 2207 1758 2263; x_wconf 79' lang='grc' dir='ltr'><strong><em>παρεόν</em></strong></span> 
     </span>
     <span class='ocr_line' id='line_1_77' title="bbox 1091 2267 1425 2315; baseline 0.009 -11"><span class='ocrx_word' id='word_1_361' title='bbox 1091 2269 1202 2304; x_wconf 78' lang='lat' dir='ltr'>allata</span> <span class='ocrx_word' id='word_1_362' title='bbox 1223 2267 1271 2303; x_wconf 78' lang='lat' dir='ltr'>ad</span> <span class='ocrx_word' id='word_1_363' title='bbox 1292 2268 1336 2315; x_wconf 90' lang='lat' dir='ltr'>V,</span> <span class='ocrx_word' id='word_1_364' title='bbox 1358 2267 1425 2309; x_wconf 82' lang='lat'>49.</span> 
     </span>
    </p>

    <p class='ocr_par' dir='ltr' id='par_1_17' title="bbox 1093 2319 1759 2882">
     <span class='ocr_line' id='line_1_78' title="bbox 1152 2319 1756 2375; baseline -0.002 -13"><span class='ocrx_word' id='word_1_365' title='bbox 1152 2322 1302 2374; x_wconf 82' lang='grc' dir='ltr'><strong><em>μηδένα</em></strong></span> <span class='ocrx_word' id='word_1_366' title='bbox 1331 2320 1457 2363; x_wconf 87' lang='grc' dir='ltr'><strong><em>πόνον</em></strong></span> <span class='ocrx_word' id='word_1_367' title='bbox 1489 2319 1678 2375; x_wconf 81' lang='grc' dir='ltr'><strong><em>λαβόντες</em></strong></span> <span class='ocrx_word' id='word_1_368' title='bbox 1717 2337 1756 2362; x_wconf 80' lang='grc' dir='ltr'>κ.</span> 
     </span>
     <span class='ocr_line' id='line_1_79' title="bbox 1093 2381 1758 2431; baseline -0.005 -12"><span class='ocrx_word' id='word_1_369' title='bbox 1093 2395 1124 2419; x_wconf 91' lang='grc' dir='ltr'>τ.</span> <span class='ocrx_word' id='word_1_370' title='bbox 1145 2381 1197 2428; x_wconf 87' lang='grc' dir='ltr'>λ.]</span> <span class='ocrx_word' id='word_1_371' title='bbox 1229 2382 1336 2416; x_wconf 88' lang='lat' dir='ltr'>Bene</span> <span class='ocrx_word' id='word_1_372' title='bbox 1355 2381 1632 2431; x_wconf 81' lang='lat' dir='ltr'>VVesselingius</span> <span class='ocrx_word' id='word_1_373' title='bbox 1661 2391 1758 2417; x_wconf 87' lang='lat' dir='ltr'>con·-</span> 
     </span>
     <span class='ocr_line' id='line_1_80' title="bbox 1093 2433 1759 2489; baseline 0.003 -17"><span class='ocrx_word' id='word_1_374' title='bbox 1093 2443 1151 2473; x_wconf 85' lang='lat' dir='ltr'>tra</span> <span class='ocrx_word' id='word_1_375' title='bbox 1171 2438 1345 2473; x_wconf 80' lang='lat' dir='ltr'>Pawium</span> <span class='ocrx_word' id='word_1_376' title='bbox 1367 2436 1518 2487; x_wconf 78' lang='grc' dir='ltr'><strong><em>μηδένα</em></strong></span> <span class='ocrx_word' id='word_1_377' title='bbox 1539 2433 1665 2489; x_wconf 86' lang='grc' dir='ltr'><strong><em>πόρον</em></strong></span> <span class='ocrx_word' id='word_1_378' title='bbox 1691 2439 1759 2474; x_wconf 75' lang='grc' dir='ltr'><strong><em>λω-</em></strong></span> 
     </span>
     <span class='ocr_line' id='line_1_81' title="bbox 1095 2489 1754 2544; baseline -0.006 -12"><span class='ocrx_word' id='word_1_379' title='bbox 1095 2489 1237 2544; x_wconf 82' lang='grc' dir='ltr'><strong><em>χόντας</em></strong></span> <span class='ocrx_word' id='word_1_380' title='bbox 1254 2493 1407 2542; x_wconf 81' lang='lat' dir='ltr'>(nullum</span> <span class='ocrx_word' id='word_1_381' title='bbox 1419 2495 1605 2531; x_wconf 75' lang='lat' dir='ltr'>transitum</span> <span class='ocrx_word' id='word_1_382' title='bbox 1616 2490 1754 2543; x_wconf 71' lang='lat' dir='ltr'>nactos)</span> 
     </span>
     <span class='ocr_line' id='line_1_82' title="bbox 1095 2549 1756 2600; baseline -0.002 -15"><span class='ocrx_word' id='word_1_383' title='bbox 1095 2549 1374 2600; x_wconf 77' lang='lat' dir='ltr'>refingentem:</span> <span class='ocrx_word' id='word_1_384' title='bbox 1396 2550 1490 2587; x_wconf 79' lang='lat' dir='ltr'>haec</span> <span class='ocrx_word' id='word_1_385' title='bbox 1510 2550 1625 2587; x_wconf 74' lang='lat' dir='ltr'>verba</span> <span class='ocrx_word' id='word_1_386' title='bbox 1647 2560 1756 2586; x_wconf 81' lang='lat' dir='ltr'>com-</span> 
     </span>
     <span class='ocr_line' id='line_1_83' title="bbox 1095 2605 1756 2657; baseline -0.002 -15"><span class='ocrx_word' id='word_1_387' title='bbox 1095 2613 1225 2656; x_wconf 77' lang='lat' dir='ltr'>parate.</span> <span class='ocrx_word' id='word_1_388' title='bbox 1246 2614 1334 2644; x_wconf 88' lang='lat' dir='ltr'>sunt</span> <span class='ocrx_word' id='word_1_389' title='bbox 1354 2605 1585 2657; x_wconf 82' lang='lat' dir='ltr'>accipienda.</span> <span class='ocrx_word' id='word_1_390' title='bbox 1630 2605 1756 2642; x_wconf 82' lang='lat' dir='ltr'>Labor</span> 
     </span>
     <span class='ocr_line' id='line_1_84' title="bbox 1098 2660 1756 2714; baseline -0.002 -16"><span class='ocrx_word' id='word_1_391' title='bbox 1098 2670 1177 2699; x_wconf 84' lang='lat' dir='ltr'>erat</span> <span class='ocrx_word' id='word_1_392' title='bbox 1209 2670 1263 2699; x_wconf 87' lang='lat' dir='ltr'>tot</span> <span class='ocrx_word' id='word_1_393' title='bbox 1293 2676 1408 2700; x_wconf 79' lang='lat' dir='ltr'>naves</span> <span class='ocrx_word' id='word_1_394' title='bbox 1437 2675 1505 2714; x_wconf 84' lang='lat' dir='ltr'>per</span> <span class='ocrx_word' id='word_1_395' title='bbox 1532 2660 1662 2698; x_wconf 84' lang='lat' dir='ltr'>isthmi</span> <span class='ocrx_word' id='word_1_396' title='bbox 1693 2661 1756 2697; x_wconf 88' lang='lat' dir='ltr'>iu-</span> 
     </span>
     <span class='ocr_line' id='line_1_85' title="bbox 1095 2717 1757 2770; baseline -0.003 -15"><span class='ocrx_word' id='word_1_397' title='bbox 1095 2732 1189 2770; x_wconf 82' lang='lat' dir='ltr'>gum</span> <span class='ocrx_word' id='word_1_398' title='bbox 1219 2718 1379 2767; x_wconf 77' lang='lat' dir='ltr'>trahere,</span> <span class='ocrx_word' id='word_1_399' title='bbox 1400 2720 1520 2756; x_wconf 86' lang='lat' dir='ltr'>multo</span> <span class='ocrx_word' id='word_1_400' title='bbox 1536 2719 1658 2754; x_wconf 84' lang='lat' dir='ltr'>maior</span> <span class='ocrx_word' id='word_1_401' title='bbox 1677 2717 1757 2753; x_wconf 84' lang='lat' dir='ltr'>fos-</span> 
     </span>
     <span class='ocr_line' id='line_1_86' title="bbox 1095 2772 1757 2813; baseline -0.005 -1"><span class='ocrx_word' id='word_1_402' title='bbox 1095 2788 1177 2812; x_wconf 84' lang='lat' dir='ltr'>sum</span> <span class='ocrx_word' id='word_1_403' title='bbox 1204 2782 1283 2812; x_wconf 87' lang='lat' dir='ltr'>tam</span> <span class='ocrx_word' id='word_1_404' title='bbox 1308 2777 1435 2813; x_wconf 82' lang='lat' dir='ltr'>laxam</span> <span class='ocrx_word' id='word_1_405' title='bbox 1465 2782 1503 2811; x_wconf 87' lang='lat' dir='ltr'>et</span> <span class='ocrx_word' id='word_1_406' title='bbox 1537 2774 1652 2810; x_wconf 76' lang='lat' dir='ltr'>altam</span> <span class='ocrx_word' id='word_1_407' title='bbox 1686 2772 1757 2810; x_wconf 83' lang='lat' dir='ltr'>de·-</span> 
     </span>
     <span class='ocr_line' id='line_1_87' title="bbox 1096 2830 1758 2882; baseline -0.003 -14"><span class='ocrx_word' id='word_1_408' title='bbox 1096 2833 1302 2882; x_wconf 84' lang='lat' dir='ltr'>primere.“</span> <span class='ocrx_word' id='word_1_409' title='bbox 1344 2831 1460 2870; x_wconf 86' lang='lat' dir='ltr'>Addit</span> <span class='ocrx_word' id='word_1_410' title='bbox 1482 2831 1659 2882; x_wconf 88' lang='lat' dir='ltr'>deinceps</span> <span class='ocrx_word' id='word_1_411' title='bbox 1678 2830 1758 2866; x_wconf 87' lang='lat' dir='ltr'>Po-</span> 
     </span>
    </p>
   </div>
   <div class='ocr_carea' id='block_1_15' title="bbox 1832 0 1897 2151">
    <p class='ocr_par' dir='ltr' id='par_1_18' title="bbox 1832 0 1897 2151">
     <span class='ocr_line' id='line_1_88' title="bbox 1832 0 1897 2151; baseline 0 0"><span class='ocrx_word' id='word_1_412' title='bbox 1832 0 1897 2151; x_wconf 95' lang='lat' dir='ltr'> </span> 
     </span>
    </p>
   </div>
  </div>
 </body>
</html>
