1897 3340
495 164 1158 204 TERPSIOHORE.
1220 166 1261 200 V.

1465 170 1518 207 '13

228 286 347 329 Ξτες,
378 277 407 332 ἢ
430 275 566 324 ἄλλως
592 276 650 329 γῇ
675 271 934 325 κρύψαντες.
977 276 1100 329 χῶμα
1126 273 1171 316 δὲ
1191 271 1374 328 χέαντες,
1407 273 1520 329 οἳγῶ-
1532 284 1576 316 80

255 363 311 389 να
339 349 494 387 τιθεῖσι
521 345 750 391 παντοῖον,
793 341 840 383 ἐν
868 343 929 396 τῷ
958 341 1009 384 τὰ
1038 341 1217 397 μέγιστα
1246 339 1381 383 ἄεθλα
1409 342 1520 385 τίθε-

259 429 328 455 ται
356 410 466 454 κατὰ
497 409 630 464 λόγον
663 411 973 465 μουνομαχίης.
1020 410 1158 465 ταφαὶ
1186 409 1266 466 μὲν
1306 410 1359 466 δὴ
1391 413 1520 468 Θρηΐ-

257 494 347 524 κων
376 477 456 520 εἰσὶ
490 473 629 520 αὗται.

166 548 198 591 9

254 614 336 669 ἔχει
366 613 536 667 φράσαι
567 613 616 656 τό
651 611 848 667 ἀτρεκὲς,
892 613 1049 663 οἵτινές
1078 615 1161 656 εἰσι
1190 609 1446 667 ἀνθρώπων
1476 613 1519 656 οἱ

252 680 466 731 οἰκέοντες
505 679 659 736 αὐτήν·
710 680 818 724 ἄλλα
855 679 909 723 τοὶ
950 682 1088 737 πέρην
1126 680 1210 737 ἤδη
1238 684 1319 723 τοῦ
1345 680 1850 750 ''1⁶²9‘W8⁵..2¹.¹.SS1³53.¹1¹.¹.¹1?130-

224 750 416 805 Ξέρῆμος
444 747 560 804 χώρη
591 749 791 803 φαίνεται,
821 749 955 792 ἐοῦσα
985 750 1058 793 καὶ
1089 749 1278 803 ἄπειρος.
1319 747 1518 804 μούνους

253 819 299 861 δὲ
330 816 521 872 δύναμαι
554 816 778 860 πυθέσθαι
809 817 1033 868 οἰκέοντας
1070 817 1210 872 πέρην
1241 821 1321 860 τοῦ
1339 815 1517 871 Ἴστρου

257 885 547 942 ἀνθρώπους,
585 890 698 929 τοῖσι
733 885 904 942 οὔνομα
936 883 1047 930 εἶναι
1076 885 1326 942 Σιγύννας,
1364 887 1516 944 ἐσθῆτι

200 1074 338 1110 bustum
360 1073 459 1111 terrei
478 1073 676 1111 condunt.“
697 1071 759 1109 Ad
769 1086 858 1109 sen-

199 1143 284 1167 sum
315 1138 428 1167 recte.
494 1131 682 1168 Voculam
717 1127 857 1177 ἄλλως,

200 1200 318 1238 quam
338 1189 378 1224 in
399 1189 708 1239 interpretatione
732 1188 858 1224 omisit

200 1243 444 1294 Scliweigh.‚
484 1246 660 1295 accipio:
711 1246 858 1290 omnino,

195 1301 314 1351 plane.
393 1300 451 1337 Cf.
500 1302 583 1337 Ast.
623 1299 672 1336 ad
707 1301 856 1336 Platon.

201 1356 364 1393 Phaedr.
387 1370 474 1408 pag.
496 1356 598 1405 2413
619 1356 668 1393 ad
687 1358 799 1393 Polit.
820 1371 859 1407 p.

202 1413 296 1454 415.
319 1414 412 1454 521.
435 1413 530 1454 641.

258 1472 370 1520 χῶμα
391 1468 434 1509 δὲ
458 1467 641 1519 χέαντες]
672 1469 747 1505 Vix
768 1469 857 1519 plu-

200 1527 302 1562 ribus
331 1539 491 1562 monere
532 1527 665 1562 attinet
679 1555 688 1573 ,
739 1527 855 1562 moris

200 1582 312 1619 fuisse
333 1582 435 1634 apud
455 1584 630 1629 Graecos,
660 1589 703 1618 ut
727 1583 859 1633 sepul-

201 1640 342 1676 cralem
354 1640 549 1677 tumulum
562 1640 763 1690 erigerent.
786 1639 858 1687 Cf„

199 1709 249 1732 ne
278 1697 406 1747 plura,
446 1697 647 1747 Virgilium
669 1697 768 1732 Aen.
792 1697 858 1744 III,

201 1755 267 1799 63,
307 1766 327 1789 a
355 1752 544 1791 Larchero
572 1753 782 1790 laudatum.
803 1775 860 1780 —

202 1804 339 1861 οἷγαῖνα
378 1814 570 1850 παντοῖον
610 1812 858 1861 interpretor:

201 1868 307 1903 varia
330 1870 555 1905 certaminum
575 1880 784 1916 genera.—-
811 1868 859 1919 in

201 1936 306 1975 seqq.
329 1925 445 1961 verba
461 1921 559 1963 κατοέ
577 1919 692 1976 λόγον
714 1939 859 1974 μουνο·

204 1981 346 2030 μαχίης
384 1983 451 2018 vix
491 1989 664 2018 accurate
694 1980 860 2018 reddidit

203 2035 435 2088 Schweigh„
448 2045 571 2075 totum
590 2039 719 2075 locum
731 2040 783 2074 ita
798 2039 861 2074 in-

201 2100 429 2145 terpretans:
451 2117 506 2122 —
536 2097 787 2143 „certaminum
797 2108 861 2132 va-

202 2152 259 2188 ria
275 2156 472 2201 proponunt
497 2165 646 2201 genera,
676 2154 712 2189 in
735 2153 860 2202 quibus

202 2209 359 2245 maxima
399 2211 515 2259 pretia
557 2211 740 2259 proposita
775 2214 858 2246 sunt

203 2264 280 2311 his,
307 2267 389 2315 qui
415 2265 675 2314 singulari
702 2270 855 2304 certa-

203 2323 315 2358 mine
334 2323 572 2362 vincunt.“
600 2324 652 2359 At
671 2319 768 2362 κατὰ
790 2320 860 2362 λό-

205 2392 276 2429 γον
290 2376 330 2415 h.
342 2379 381 2425 l.,
403 2379 514 2429 plane
527 2386 568 2415 ut
579 2381 607 2427 I,
624 2378 714 2427 134,
736 2380 856 2416 valet:

202 2447 269 2484 pro
296 2448 326 2472 s.
356 2448 399 2472 ex
430 2438 589 2483 ratione,
636 2438 690 2472 ita
723 2440 763 2473 ut
788 2450 859 2486 par

207 2494 278 2534 est‚·
297 2492 489 2528 Letronne
511 2492 567 2540 (in
580 2493 716 2530 Journ.
734 2492 770 2530 d.
785 2494 860 2530 Sa-

194 2559 299 2584 .vans
323 2549 428 2589 1817
449 2561 536 2600 pag.
559 2550 630 2599 99)
654 2550 857 2601 explicuit:

194 2615 291 2640 >avec
320 2607 455 2653 raison,
499 2618 622 2642 comme
659 2606 700 2644 cle
730 2608 861 2654 raison,

210 2661 306 2695 ainsi
329 2673 391 2709 que
410 2662 484 2698 cela
505 2662 579 2699 doit
602 2663 680 2699 are.
728 2664 862 2700 Malim

212 2715 410 2765 equidem:
435 2731 502 2767 pro
518 2721 717 2757 certaminis
739 2722 863 2768 singu-

214 2770 300 2807 laris
325 2775 482 2822 ratione,
512 2788 542 2812 ε.
566 2778 693 2826 prouti
720 2779 863 2827 quisque

915 1075 954 1110 in
984 1073 1046 1110 hoc
1071 1073 1125 1110 vel
1145 1073 1207 1110 illo
1234 1076 1434 1112 certaminis
1454 1088 1576 1124 genere

914 1130 969 1166 vel
1008 1132 1123 1179 magis
1152 1130 1207 1167 vel
1235 1133 1352 1168 minus
1377 1136 1574 1183 praestitit.

914 1188 1024 1223 —In
1045 1187 1122 1223 fine
1143 1189 1274 1238 capitis
1288 1202 1376 1225 cum
1388 1188 1574 1240 Schwgh.

916 1250 952 1279 et
964 1245 1079 1281 Gaisf.
1101 1245 1230 1294 scripsi
1251 1240 1368 1284 αὗται
1388 1260 1456 1297 pro
1469 1249 1574 1298 vulg.

915 1300 1015 1349 αἵδε,
1038 1300 1142 1352 quod
1161 1300 1284 1338 Matth
1304 1304 1470 1340 retinuit.

1157 1391 1250 1442 Cap.
1274 1392 1344 1429 IX.

974 1462 1195 1518 ου’δεὶςέχει
1216 1467 1369 1520 φράσαι
1393 1468 1437 1510 τό
1461 1467 1575 1523 α’τρε-

915 1519 998 1572 κὲς]
1032 1524 1158 1561 Simili
1178 1526 1295 1563 modo
1313 1530 1448 1564 Noster
1466 1529 1576 1565 locu-

916 1586 975 1617 tus
997 1588 1051 1617 est
1072 1582 1137 1628 ΙΙΙ,
1161 1585 1226 1623 98.
1249 1584 1312 1632 IV,
1330 1588 1392 1625 16.
1406 1583 1472 1626 24.
1493 1586 1574 1632 Vll,

918 1637 1010 1678 152.
1041 1639 1141 1686 VIII,
1172 1642 1210 1680 8.
1267 1642 1312 1677 In
1343 1643 1464 1678 verbis
1484 1655 1576 1693 pro-

914 1695 1020 1730 xime
1041 1695 1350 1735 antecedentibus
1377 1713 1397 1735 e
1418 1700 1577 1735 Floren-

916 1752 997 1787 tino
1028 1765 1118 1789 cum
1149 1752 1370 1805 Schweigh.
1400 1763 1436 1792 et
1458 1756 1577 1793 Gaisf.

920 1807 1021 1844 edidi
1041 1813 1112 1860 τῆς
1130 1805 1262 1862 χώρης
1285 1812 1351 1860 ἔτι,
1374 1813 1440 1849 ubi
1459 1814 1576 1863 vulgo

919 1863 973 1903 ἔτι
1015 1869 1085 1916 τῆς
1124 1863 1274 1917 χώρης-5
1329 1882 1448 1921 quem
1488 1883 1577 1907 ver-

917 1922 1056 1959 borum
1115 1923 1291 1960 ordinem
1339 1927 1577 1964 retinuerunt

918 1977 1146 2017 Schaeferus
1160 1987 1195 2016 et
1204 1980 1458 2020 Matthiae.—'
1471 1984 1576 2020 Arti-

918 2036 1025 2073 culus
1042 2036 1083 2075 οἷ
1102 2044 1189 2074 ante
1212 2037 1407 2086 οἰκέοντες
1426 2042 1466 2077 in
1487 2043 1577 2092 plu-

916 2093 1020 2130 rimis
1042 2093 1153 2130 codd.
1177 2094 1302 2143 deest,
1333 2104 1375 2134 ut
1402 2111 1497 2134 mox
1518 2104 1576 2134 et-

915 2150 994 2186 iam
1022 2148 1070 2189 τοὶ
1102 2159 1188 2188 ante
1217 2150 1355 2205 πέρην.

973 2202 1070 2247 ἄλλα
1113 2205 1160 2247 τοὶ
1205 2208 1332 2274 πέρην
1379 2206 1460 2261 ἤδη
1504 2212 1576 2249 τοῦ

901 2260 1067 2315 ’Ἴστρου
1097 2264 1246 2317 ἔρῆμος
1275 2281 1382 2318 χωρη
1404 2282 1440 2306 κ.
1465 2282 1496 2307 τ.
1519 2267 1574 2316 λ.]

916 2320 1075 2358 Videtur
1095 2320 1190 2359 haec
1224 2324 1412 2374 scriptoris
1434 2325 1575 2374 opinio,

917 2377 993 2428 quit
1021 2380 1119 2415 ultra
1156 2380 1294 2416 Istrum
1333 2380 1478 2417 deserta
1507 2382 1577 2418 sibi

915 2433 1035 2472 videri
1067 2438 1259 2484 enuntiat,
1300 2450 1348 2474 ex
1388 2436 1577 2474 Thraciae

916 2491 1040 2528 forma
1062 2491 1110 2529 ad
1140 2495 1440 2544 septentrionem
1468 2495 1580 2531 nimis

916 2548 1121 2599 producta,
1155 2563 1272 2602 quam
1293 2553 1421 2588 animo
1441 2553 1577 2588 Noster

916 2606 987 2642 sibi
1006 2605 1168 2644 finxerat
1183 2637 1193 2654 ,
1224 2608 1443 2659 repetenda.
1466 2608 1576 2645 Conf.

916 2669 1012 2700 nott.
1033 2662 1081 2700 ad
1101 2664 1146 2711 V,
1169 2667 1207 2704 3.

975 2723 1078 2758 τοῖσι
1109 2717 1264 2771 οὕνομα
1293 2717 1394 2759 εἶναι
1425 2714 1576 2770 Σιγύν-

918 2777 1016 2824 νας]
1048 2777 1251 2814 Fluctuant
1270 2778 1368 2824 libri,
1390 2784 1431 2812 ut
1451 2775 1514 2822 fit,
1535 2776 1575 2811 in

343 543 401 588 Τό
434 544 480 588 δὲ
508 545 619 599 πρός
646 545 788 601 βορέω
818 547 894 600 τῆς
919 542 1062 601 χώρης
1092 543 1154 588 ἔτι
1182 541 1344 601 ταύτης
1373 541 1520 596 οὐδεὶς
1578 551 1745 580 Thraciam
1764 554 1801 581 ab

1577 587 1721 626 aquilone
1734 587 1782 627 qui
1800 594 1849 622 po-

1577 621 1641 655 puli
1666 623 1852 655 contingant,

1598 663 1683 682 arum
1708 659 1834 681 constat.

1574 756 1649 792 gniti
1659 778 1666 789 ,
1693 765 1711 783 a
1738 755 1852 789 Medis,

1576 791 1620 817 uti
1639 790 1722 817 sama.
1740 791 1850 824 fertur,

1574 824 1712 858 oriundi,
1739 827 1770 851 et
1788 832 1835 850 us-

1598 867 1634 885 ue
1654 858 1692 884 ad
1712 858 1826 885 Enetos

1601 892 1688 918 driae
1715 891 1835 919 accolas

1577 927 1614 960 (l,
1635 925 1704 957 196.)
1725 925 1818 961 perti—

1576 962 1701 987 nentes:
1731 967 1840 997 eorum.

1579 994 1710 1021 vestitus
1725 996 1756 1020 et
1773 1000 1850 1028 equi.
