1897 3340
606 173 1040 213 ERATo.v1.
1382 178 1465 218 333

172 286 251 329 3οἱ
276 283 568 341 προσήκοντες
596 283 643 326 ἐν
671 279 795 338 ξύλῳ.
835 278 860 324 ὁ
891 280 938 324 δὲ
968 280 1130 331 δεθεὶς,
1160 279 1237 324 τὸν
1264 280 1463 336 φύλακον

200 355 487 408 μουνωθέντα
525 349 632 394 ἰδών
667 364 756 392 των
796 346 939 392 ἀλλων
978 351 1089 393 αἴτεε
1129 347 1362 404 μάχαιραν
1408 348 1462 393 οὐ

202 420 475 477 βουλομένου
515 419 561 461 δὲ
608 415 661 459 τὰ
706 420 860 470 πρῶτα
898 421 978 460 τοῦ
1019 416 1222 498 φυλάκου
1272 415 1460 498 διδόναι,

199 486 364 531 ἀπείλεε
384 485 437 529 τά
466 500 541 539 μιν
564 478 685 535 αὖτις
708 484 916 541 ποιήσειε·
948 484 990 536 ἐς
1021 484 1046 528 ὃ
1068 486 1212 534 δείσας
1242 501 1319 535 τας
1342 483 1461 527 ἀπει-

195 554 271 605 λὰς
308 553 330 598 ὁ
361 552 581 609 φύλακος,
621 547 677 606 ἦν
714 552 799 609 γὰρ
838 557 926 597 τῶν
962 570 1027 604 τις
1067 551 1299 603 εἱλωτέων,
1344 555 1464 596 διδοῖ

167 625 242 666 4οἱ
271 623 494 678 μάχαιραν.
553 621 798 678 Κλεομένης
837 622 882 665 δὲ
917 620 1184 677 παραλαβὼν
1218 621 1297 664 τὸν
1340 623 1456 678 σίδη·
1471 628 1516 662 60

197 705 300 743 ρον,
343 687 496 743 ἄρχετο
537 686 583 730 ἐκ
620 691 709 732 τῶν
745 688 944 746 κνημέων
978 689 1144 732 ἑωυτὸν
1172 687 1458 744 λωβώμενος·

193 755 439 811 ἐπιτάμνων
475 755 558 810 γὰρ
589 756 698 799 κατα
727 761 863 813 μῆκος
892 756 968 807 τοὶς
1001 756 1184 812 σάρκας,
1216 755 1459 813 προῦβαινε

193 824 239 867 ἐκ
268 828 357 867 τῶν
387 824 588 879 κνημέων
626 824 667 875 ἐς
697 826 800 876 τοὺς
841 823 1029 880 μηρούς·
1075 824 1122 867 ἐκ
1161 823 1206 866 δὲ
1249 828 1338 866 τῶν
1380 820 1472 880 μη-χ

193 896 285 948 ρῶν
315 892 357 943 ἔς
393 907 437 934 τε
473 891 525 934 τὰ
554 893 689 948 ἰσχία,
728 894 801 936 καὶ
834 894 912 944 τοὶς
940 891 1156 946 λαπάρας·
1196 891 1238 942 ἐς
1269 890 1294 934 ὃ
1316 891 1357 943 ἐς
1377 892 1458 947 τήν

190 960 378 1016 γαστέρα
416 957 615 1013 ἀπίκετο,
654 961 728 1005 καὶ
771 960 934 1018 ταύτην
979 958 1314 1017 καταχορδεύων
1353 957 1450 1003 ἀπέ-

162 1033 304 1071 ὅθανε
341 1027 487 1086 τρόπῳ
526 1028 732 1087 τοιούτῳ·
784 1027 839 1081 ὥς
879 1028 957 1086 μὲν
999 1031 1042 1073 οἱ
1078 1029 1235 1072 πολλοὶ
1279 1028 1512 1084 λέγουσι66

184 1093 426 1152 Ἑλλήνων,
463 1095 530 1141 ὅτι
566 1096 646 1155 τήν
686 1099 865 1153 Πυθίην
904 1095 1121 1153 ἀνέγνωσε
1154 1096 1205 1140 τὰ
1234 1096 1336 1152 περὶ
1364 1101 1455 1153 Δη-

133 1302 219 1351 des,
249 1310 291 1340 ut
321 1304 419 1340 bene
447 1304 604 1354 exponit
631 1304 792 1341 Wesse-

132 1361 226 1411 ling.
275 1362 451 1413 Namque
471 1359 512 1399 τὸ
528 1357 647 1408 ξύλον
668 1368 722 1397 est
743 1361 792 1397 le·-

131 1429 224 1466 gnea
245 1430 402 1467 compes,
439 1430 513 1469 quo
544 1419 661 1454 vincti
690 1417 792 1468 apud

132 1475 276 1510 Atticos
289 1475 489 1511 facinorosi
510 1472 683 1511 homines
696 1487 792 1524 poe-

132 1544 198 1567 nas
211 1532 331 1577 luunt,
352 1532 402 1567 ita
419 1537 460 1567 ut
480 1527 521 1570 τὸ
548 1528 667 1578 ξύλον
687 1531 793 1567 idem

132 1586 210 1623 fere
230 1588 276 1624 sit
292 1594 406 1639 atque
435 1583 682 1637 ποδοκάκκη.
732 1588 791 1624 Cf.

131 1642 405 1681 Wachsmuth.
426 1644 575 1681 Hellen.
595 1642 790 1685 Alterthk,

130 1701 177 1748 Π,
202 1703 221 1740 1
244 1713 333 1751 pag.
354 1700 450 1741 250.

188 1763 344 1807 ἀπείλεε
371 1764 420 1805 τοί
445 1781 513 1818 μιν
539 1760 651 1814 αὖτις
675 1763 791 1818 ποιή-

133 1825 238 1872 σειε]
265 1818 376 1870 αὖτις
394 1824 789 1875 interpretorpostlaac,

132 1879 312 1931 deinceps‚·
343 1879 391 1917 de
422 1893 497 1932 qua
526 1881 733 1932 particulae
752 1882 792 1918 vi

129 1939 321 1973 monitum
341 1949 361 1973 a
382 1938 509 1988 Viger.
538 1939 596 1974 De
611 1937 789 1975 idiotism.

128 2006 165 2043 p.
189 1995 282 2033 392.
305 1993 399 2034 752.
457 1993 558 2031 Add.
589 1993 711 2030 Monk
740 1994 788 2031 ad

127 2049 300 2100 Euripid.
320 2051 472 2101 Hippol.
496 2049 590 2091 304-
609 2052 705 2092 896.
743 2052 787 2087 In

130 2118 207 2143 uno
229 2105 314 2143 cod.
343 2107 502 2155 λυθείς,
531 2106 634 2159 quod
658 2114 789 2158 patro-

131 2175 228 2199 num
246 2176 368 2214 nuper
387 2170 543 2200 nactum
557 2166 789 2215 estHoeger.

132 2219 172 2255 in
191 2220 292 2257 Aott.
313 2219 405 2271 phil.
426 2222 599 2258 Monacc.
622 2222 676 2257 111
696 2222 722 2262 4
747 2235 786 2272 p.

130 2276 210 2316 500
226 2289 303 2328 seq.
336 2277 559 2314 Cleomenes
581 2279 685 2314 enim
706 2279 788 2327 (ille

130 2332 208 2380 ait)
238 2345 316 2369 non
337 2339 416 2370 tam
437 2333 528 2386 quid
549 2335 675 2372 deinde
690 2363 700 2382 ,
720 2334 787 2372 sed

131 2386 224 2438 quid
251 2391 372 2426 statim
410 2392 443 2427 si
469 2391 702 2428 exsolveretur
733 2391 789 2440 (εἰ

129 2444 286 2494 λυθείη,
315 2457 413 2482 werm
431 2459 467 2482 er
494 2447 544 2483 los
569 2447 697 2497 lcc‘ime)
728 2448 788 2485 fa-

132 2506 258 2536 cturus
289 2508 400 2548 esset,
441 2515 548 2539 servo
578 2505 788 2542 minitatur.

131 2555 306 2593 Eandem
335 2558 596 2595 confusionem
625 2561 664 2595 in
684 2561 786 2597 Plut.

133 2609 385 2650 Themistocl.
416 2612 441 2652 4
470 2615 572 2651 idem
602 2615 784 2653 observat.

134 2667 209 2702 Nos
241 2670 474 2720 reliquorum
503 2672 685 2706 librorum
716 2684 787 2708 au-

135 2723 344 2760 ctoritatem
389 2727 471 2762 iure
528 2728 787 2777 praetulimus.

135 2777 246 2824 Quod
284 2792 373 2818 vero
398 2794 491 2819 mox
519 2796 588 2834 pro
608 2778 788 2834 ποιήσειε

850 1302 1070 1354 Schweigh.
1091 1304 1167 1354 legi
1177 1305 1323 1342 mavult
1338 1301 1510 1356 ποιήσει,

850 1374 895 1397 eo
916 1375 995 1398 non
1016 1374 1122 1412 opus,
1146 1375 1247 1409 cum,
1270 1369 1311 1398 ut
1331 1362 1429 1398 bene
1450 1364 1511 1399 vi-

850 1417 903 1454 dit
915 1418 1020 1454 idem
1032 1420 1209 1468 Ηοεξςετ.7
1224 1420 1342 1455 oratio
1355 1420 1509 1471 obliqua

848 1473 910 1511 hic
951 1477 1161 1525 optativiun
1203 1477 1291 1512 satis
1340 1483 1505 1513 tueatur.

846 1530 910 1568 Ad
929 1532 1046 1568 verba
1065 1525 1118 1583 ἦν
1139 1528 1214 1584 γάρ
1234 1534 1332 1571 τῶν
1353 1547 1400 1572 τι
1415 1548 1434 1579 ς
1455 1533 1504 1570 cf.

880 1615 1166 1708 ,wpoz'lssoctve'
1148 1671 1191 1696 εκ
1213 1658 1294 1696 τῶν
1322 1653 1507 1706 κνημέων

847 1710 887 1758 ἒς
905 1727 1000 1759 τους
1013 1708 1185 1763 μηοους]
1211 1711 1331 1765 μηροὶ
1355 1714 1420 1764 qui
1432 1726 1505 1749 vo-

846 1775 991 1816 centur,
1012 1768 1261 1807 indicavimus
1274 1768 1396 1817 adIII,
1412 1771 1506 1810 103.

844 1839 891 1863 τα
917 1825 1023 1876 ἰσχία
1043 1833 1131 1863 sunt
1152 1839 1281 1874 coxae3
1312 1821 1506 1876 λαπάρας,

847 1894 940 1933 quas
980 1889 1110 1931 vocat,
1161 1884 1353 1933 attigimus
1389 1882 1437 1918 ad
1456 1883 1506 1930 11,

845 1940 911 1978 86.
933 1961 982 1966 ——
1007 1938 1118 1983 Quod
1137 1952 1231 1976 mox
1250 1940 1420 1991 sequitur
1438 1954 1507 1978 κα-

844 1992 1119 2046 ταχορδεύων,
1159 1997 1237 2032 eius
1265 1997 1350 2032 loco
1384 1993 1504 2032 Athe-

844 2063 962 2088 naeus
983 2053 1033 2099 X,
1059 2051 1112 2093 48
1129 2053 1258 2103 p.436
1270 2054 1312 2089 F.
1336 2051 1382 2089 de
1392 2053 1506 2090 Cleo—

844 2110 967 2145 menis
988 2109 1116 2145 furore
1138 2122 1254 2159 agens
1276 2116 1312 2146 et
1332 2108 1507 2146 Herodo-

842 2171 904 2201 tea
923 2167 1036 2202 simul
1055 2168 1256 2217 respiciens
1276 2167 1401 2217 posuit
1418 2180 1506 2204 ver-

846 2222 940 2258 bum
969 2224 1091 2273 magis
1118 2223 1404 2275 frequentatum
1432 2239 1504 2262 κα·-

841 2277 1057 2328 τατέμνειν,
1074 2293 1146 2317 nec
1162 2281 1269 2317 aliter
1279 2281 1411 2317 Glossa
1422 2282 1504 2316 He-

844 2334 926 2373 rod.
944 2332 1168 2387 χορδεύων·
1197 2335 1364 2388 τέμνων.
1399 2337 1504 2374 Con-

842 2399 900 2429 tra
930 2392 1193 2430 Herodoteum
1232 2394 1386 2430 retinuit
1413 2395 1504 2430 Ari-

843 2448 955 2486 stides
975 2451 1011 2485 II
1041 2464 1080 2500 p.
1102 2452 1181 2490 393
1204 2451 1369 2502 citatque
1396 2452 1504 2488 Lon-

844 2507 923 2556 gin.
944 2507 1002 2542 De
1022 2507 1174 2544 sublim.
1197 2509 1247 2547 31
1270 2521 1308 2558 p.
1324 2510 1414 2547 170.
1443 2508 1501 2544 Ac

841 2569 943 2599 recte
963 2562 1161 2610 Vale-ken„
1190 2564 1352 2600 verbum
1382 2579 1501 2602 κατα-

841 2615 1043 2670 χορδεύειν
1076 2620 1241 2670 explicat
1277 2620 1333 2666 εἰς
1356 2616 1502 2670 χορδάς

841 2673 1030 2724 τέμνοντα
1061 2676 1315 2726 διαφθείρειν
1345 2678 1501 2712 minuta-

842 2732 903 2766 tim
920 2731 1113 2779 dissecare,
1161 2732 1346 2769 secundum
1380 2731 1501 2779 longi-

841 2787 1008 2836 tudinem,
1031 2790 1070 2825 in
1089 2788 1254 2835 laminas,
1277 2800 1365 2824 cum
1384 2787 1499 2837 paulo

1538 972 1617 1014 473
