1897 3340
506 173 979 214 POLYMNIA.
1036 173 1138 213 V11.

1376 180 1459 221 715

203 280 477 328 στεινότατον
496 288 571 340 τῆς
589 284 730 341 χώρης
749 285 823 339 τῆς
842 280 990 337 ἄλλης,
1033 278 1121 324 ἀλλ’
1164 281 1379 336 ἔμπροσθέ
1416 303 1460 330 τε

207 352 525 407 Θερμοπυλέων
553 353 626 397 καὶ
657 351 830 396 ὄπισθε·
859 348 972 394 κατά
1001 365 1046 393 τε
1071 346 1324 405 Ἀλπηνοὺς,
1357 349 1459 395 ὄπι-

143 596 245 620 rum.
292 581 381 632 (cf,
414 583 602 618 Mannert.
622 581 692 617 VII
711 592 801 631 pag.

144 640 260 691 620.)
304 641 361 677 Ibi
385 639 487 674 euim
505 643 656 674 montes
676 638 800 674 utrium

144 709 220 749 que
254 697 422 732 maxime
470 695 801 746 appropinquant3

144 753 211 806 qui
225 759 354 789 tamen
385 764 476 788 cum
495 752 666 801 superari
687 751 798 788 facile

141 808 585 861 potuerint,intelligitur,
597 821 665 845 cur
675 809 798 845 Grae-

143 868 178 903 ci
199 879 243 902 eo
263 867 348 902 loco
374 865 574 902 subsistere
591 866 795 911 noluerint,

141 921 209 960 sed
241 922 414 960 faucibus
446 922 517 958 illis
540 921 726 958 derelictis
747 919 796 958 ad

142 979 241 1030 ipsas
262 980 368 1030 pylas
396 977 545 1028 regredi
574 979 798 1026 maluerint,-

144 1048 243 1088 quae
263 1037 327 1071 ubi
348 1041 560 1072 exstructae
591 1042 717 1083 erant,
752 1035 798 1070 ab

144 1093 261 1129 altera
289 1099 396 1142 parte
425 1092 630 1128 imminent
650 1098 801 1128 montes

142 1150 357 1200 praerupti,
378 1148 424 1184 ab
442 1149 559 1186 altera
586 1148 745 1200 paludes
765 1155 802 1185 et

142 1212 278 1255 stagna
306 1204 574 1251 ¹extenduntur
613 1205 663 1242 ad
693 1218 801 1242 mare

142 1275 286 1314 usque,
327 1263 379 1299 ita
405 1268 448 1298 ut
476 1275 554 1298 uno
587 1269 687 1299 certe
715 1263 801 1299 loco

141 1331 210 1358 le
248 1319 447 1368 sexaginta
488 1332 670 1369 passuum
708 1325 803 1356 esset

141 1375 320 1412 transitus
341 1382 434 1412 teste
452 1376 563 1412 Livio
587 1374 688 1425 (loco
709 1389 803 1413 mox

142 1430 355 1482 laudando)
385 1433 567 1484 ipsaeque
586 1445 702 1470 naves
724 1445 803 1469 non

141 1489 217 1526 nisi
226 1489 346 1525 fluctu
359 1490 472 1525 maris
484 1490 657 1526 maximo
673 1491 803 1526 omnia

144 1546 350 1596 obtegente
372 1553 410 1583 et
439 1545 661 1583 exundante
690 1559 803 1583 acce-

144 1600 235 1639 dere
255 1609 422 1653 possent.
479 1604 551 1640 Hic
572 1603 695 1640 fontes
710 1616 802 1654 pro-

143 1660 274 1701 siliunt
303 1659 427 1707 calidi,
449 1657 543 1696 haec
556 1673 667 1697 verae
680 1659 803 1697 Ther-

143 1716 324 1767 mopylae
373 1714 623 1753 Trachiniam
644 1747 653 1765 ,
704 1730 802 1768 quae

145 1770 365 1810 Thessaliae
386 1772 628 1821 adscribitur,
672 1776 803 1810 seiun-

144 1835 278 1879 gentes
299 1842 320 1865 a
339 1831 550 1866 Locrorum
580 1828 699 1877 terra,
739 1829 802 1867 hic

144 1898 277 1923 murus
307 1898 328 1922 a
358 1884 618 1923 Phocensibus
653 1893 802 1923 exstru-

144 1948 239 1990 ctus,
291 1943 357 1994 qui
395 1943 448 1979 ibi
488 1955 578 1979 cum
609 1941 802 1979 Thessalis

145 1999 238 2036 olim
275 2005 514 2049 pugnarunt3
564 1998 626 2035 hio
667 2000 803 2036 Graeci

143 2068 234 2092 cum
253 2056 387 2103 Persis,
418 2056 545 2092 Aetoli
567 2068 656 2092 cum
672 2057 804 2092 Mace-

145 2110 319 2160 donibus,
357 2111 571 2149 Antiochus
607 2125 697 2149 cum
723 2114 804 2149 Ro-

145 2169 284 2214 manis,
323 2169 459 2206 Graeci
509 2182 599 2206 cum
648 2171 803 2206 Brenno

146 2231 388 2274 pugnarunt3
411 2226 503 2277 quin
524 2226 645 2262 multo
667 2233 750 2276 post
768 2233 804 2263 et

147 2281 281 2316 Hunni
299 2287 335 2316 et
355 2281 487 2329 Turci,
499 2280 596 2319 duce
608 2281 802 2331 Baiazeth,

147 2350 217 2388 per
247 2335 316 2372 has
346 2336 472 2373 fauces
513 2339 712 2375 Graeciam
741 2341 804 2376 in-

147 2399 342 2431 vaserunt.
421 2393 555 2430 Omnis
596 2395 724 2443 regio,
773 2396 803 2432 si

147 2448 337 2487 Dodwell.
363 2448 490 2498 (Reise
518 2448 557 2486 d.
586 2449 736 2487 Griech.
757 2453 804 2499 ΙΙ,

152 2511 173 2546 1
197 2519 283 2557 cap.
317 2508 367 2546 18
389 2519 427 2555 p.
452 2504 531 2545 134
552 2518 631 2556 seq.
646 2505 706 2542 ed.
717 2520 804 2542 ver-

149 2562 278 2612 naec.)
300 2560 443 2609 audias,
465 2561 708 2597 laetissimam
732 2561 807 2598 ho-

151 2618 289 2672 dieque
310 2619 466 2669 praebet
494 2619 661 2667 speciem
692 2624 806 2669 atque

152 2677 202 2713 ob
229 2676 372 2712 multos
415 2675 539 2711 fontes
580 2674 807 2712 fertilissima

154 2739 221 2780 est,
241 2731 436 2769 montibus
454 2731 663 2781 praeruptis
685 2731 807 2768 cincta

154 2789 268 2840 sylvis
296 2788 515 2840 campisque
553 2785 807 2838 pulcherrime

859 579 1058 628 distinctar,
1081 580 1135 618 ita
1155 586 1197 616 ut
1217 579 1284 617 vix
1304 578 1517 633 quidquam

858 636 1060 674 desideres.
1120 636 1208 674 vid.
1238 638 1359 674 Kruse
1389 639 1517 677 Hellas

856 696 905 742 II,
927 697 952 734 2
974 707 1058 745 pag.
1085 696 1164 733 132
1176 706 1255 745 seq.
1296 693 1408 739 Quod
1427 709 1517 734 vero

859 749 997 788 Clarke
1018 751 1216 800 regionem
1239 751 1377 788 clamat
1388 753 1518 788 omni-

854 821 923 844 um
944 821 1022 844 esse
1043 808 1381 844 insaluberrimam
1402 815 1518 861 atque

854 863 1127 911 foedissimam,
1145 864 1184 899 in
1200 863 1274 915 qua
1285 878 1400 901 nemo
1413 867 1518 917 quis-

855 934 985 972 quam,
998 922 1070 958 nisi
1090 921 1164 957 loci
1177 921 1361 957 memori-31
1373 929 1517 972 captus,

857 978 996 1015 diutius
1016 979 1243 1014 immoretur
1263 977 1382 1028 (Vid.
1412 980 1444 1016 V
1447 992 1518 1016 au—

857 1034 1055 1074 doncourt.
1095 1032 1284 1073 Schilder.
1336 1034 1374 1072 d.
1408 1033 1517 1078 heut.

857 1090 1074 1129 Griechenl.
1108 1105 1146 1141 p.
1182 1091 1297 1139 284),
1329 1090 1369 1128 id
1399 1094 1520 1142 perti—

857 1156 923 1186 net
951 1161 1031 1185 non
1063 1154 1144 1184 tam
1180 1146 1228 1184 ad
1247 1149 1346 1198 ipsos
1367 1156 1518 1187 montes

857 1206 1065 1257 faucesque
1150 1203 1518 1256 Thermopylarum,

861 1276 979 1314 quam
1010 1261 1058 1298 ad
1088 1260 1264 1311 Sperchii
1292 1261 1398 1298 ssuvii
1434 1264 1519 1299 val-

858 1320 937 1356 lem
974 1319 1220 1365 inferiorem,
1269 1331 1367 1369 quae
1406 1319 1519 1356 latior

859 1377 1046 1427 paulatim
1085 1381 1281 1425 patescens
1323 1376 1362 1410 in
1398 1378 1518 1425 aperti

860 1434 986 1483 campi
1006 1432 1171 1468 formam
1190 1432 1278 1478 exit,
1300 1432 1520 1481 planitiem-

861 1503 935 1542 que
949 1489 1075 1537 efficit,
1096 1490 1195 1525 inter
1208 1489 1430 1524 Zeitunium
1447 1503 1519 1540 op-

860 1545 997 1597 pidum
1018 1553 1131 1598 atque
1156 1543 1438 1596 Thermopylas
1459 1547 1519 1582 la—

857 1603 1021 1641 titudine
1050 1603 1162 1639 unius
1201 1603 1353 1638 milliar.
1384 1615 1517 1653 geogr.

859 1667 897 1698 et
927 1659 1031 1713 quod
1053 1659 1242 1706 excurrit,
1271 1672 1292 1695 a
1321 1660 1518 1696 Maliensi-

857 1718 928 1755 bus
959 1718 1051 1754 olim
1078 1715 1289 1752 habitatam
1304 1742 1321 1759 ,
1357 1722 1393 1752 et
1412 1729 1517 1753 nunc

857 1773 968 1812 valde
999 1779 1216 1819 extensam,
1238 1778 1384 1808 mutata
1404 1772 1518 1809 totius

858 1831 1023 1879 regionis
1052 1828 1182 1865 indole
1210 1827 1307 1876 (vid.
1342 1835 1439 1869 nott.
1468 1828 1517 1865 ad

857 1888 939 1933 Vn,
963 1885 1075 1935 198).
1132 1886 1236 1920 Haec
1257 1884 1382 1934 regio,
1419 1898 1517 1936 qnae

858 1943 972 1979 maris
989 1940 1229 1992 superficiem
1242 1940 1439 1977 altitudine
1452 1942 1517 1978 vix

859 2005 1037 2050 superat,
1068 1996 1227 2034 humida
1256 2004 1310 2034 est
1339 2010 1382 2034 ac
1403 1999 1516 2048 palu-

860 2055 972 2103 dosa,
1003 2055 1203 2106 quotannis
1225 2054 1303 2090 fere
1333 2053 1516 2091 inundata

858 2112 1025 2164 indeque
1037 2113 1205 2148 maxime
1222 2118 1412 2161 stagnans.
1432 2112 1517 2147 Un-

860 2169 908 2207 de
938 2182 1024 2215 aer,
1054 2169 1194 2205 aestivo
1223 2168 1393 2204 maxime
1421 2174 1519 2204 tem-

859 2239 964 2277 pore,
987 2232 1184 2276 corruptus
1205 2231 1241 2261 et
1258 2225 1430 2272 nocivus,
1452 2225 1518 2274 qui

859 2283 1024 2333 regionis
1055 2282 1198 2319 incolas
1230 2282 1398 2317 multum
1420 2281 1519 2317 affli-

860 2341 928 2390 git.
997 2337 1076 2376 Sed
1122 2351 1242 2389 prope
1281 2338 1517 2384 Zeitunium,

860 2397 927 2432 ubi
943 2397 1052 2432 altior
1070 2402 1168 2432 terra
1191 2401 1228 2431 et
1247 2395 1391 2442 siccior,
1412 2395 1517 2444 regio

858 2452 1088 2489 feracissima
1138 2452 1314 2488 omnium
1344 2452 1423 2487 fere
1455 2463 1517 2486 re-

862 2521 971 2554 rum,
1019 2507 1231 2559 eademque
1272 2506 1516 2544 saluberrima

862 2564 1181 2616 laetissimamque
1210 2564 1394 2614 praebens
1428 2574 1516 2610 spe-

863 2621 972 2660 ciem.
1030 2620 1116 2658 Vid.
1157 2618 1314 2668 Kriegk.
1343 2620 1401 2654 De
1431 2618 1517 2653 Ma-

863 2677 987 2714 lienss.
1015 2677 1123 2728 Disp.
1152 2688 1284 2727 geogr.
1300 2688 1338 2725 p.
1362 2675 1425 2714 18.
1451 2675 1516 2713 19.

920 2728 1002 2772 ἄλλ’
1035 2730 1237 2785 ἔμπροσθέ
1281 2744 1322 2769 τε
1365 2731 1517 2780 Θερμο-

863 2788 1021 2830 πυλέων
1042 2788 1111 2829 καὶ
1146 2785 1324 2836 ὄπισθε]
1369 2785 1518 2838 ἔμπρο-
