1897 3340
342 214 423 255 120
731 211 1193 249 HERODOTI

343 320 537 373 ἀπέδεξε,
577 322 734 371 θυσίας
769 336 813 364 τε
849 321 920 362 καὶ
961 318 1091 373 ὁρτάς
1118 318 1349 374 Ἀδρήστου
1387 315 1589 367 ἀπελόμε-
1605 323 1650 356 60

342 406 430 442 νος,
461 389 592 432 ἔδωκε
622 391 681 444 τῷ
704 390 987 442 Μελανίππῳ.
1052 387 1104 428 Οἱ
1133 386 1177 429 δὲ
1204 384 1442 428 Σικυώνιοι
1469 383 1597 427 ἐώθε-

315 465 429 500 8σαν
467 457 705 511 μεγαλωστὶ
733 455 870 508 κάρτα
906 457 1034 508 τιμᾶν
1063 453 1139 495 τὸν
1158 451 1408 508 Ἄδρηστον.
1458 450 1484 507 ἡ
1514 450 1598 507 γὰρ

343 523 462 580 χώρη
491 518 545 579 ἦν
576 521 684 578 αὕτη
717 521 951 577 Πολύβου·
984 519 1007 561 ὁ
1040 521 1085 562 δὲ
1103 519 1340 575 ’Ἄδρηστος
1367 515 1420 574 ἦν
1452 519 1599 562 Πολύ-

345 595 430 647 βου
460 590 767 645 θυγατριδέος·
800 587 930 638 ἅπαις
959 586 1003 630 δὲ
1026 586 1225 641 Πόλυβος
1246 592 1466 636 ,τελευτῶν
1488 589 1607 631 διδοῖ

319 656 568 716 9Ἀδρήστῳ
596 657 676 712 τήν
705 655 854 710 οἷρχήν.
914 652 966 696 τά
995 669 1038 696 τε
1068 654 1120 708 δὴ
1151 654 1258 698 ἄλλα
1288 657 1331 698 οἱ
1359 655 1602 699 Σικυώνιοι
1616 663 1658 697 65

348 726 504 780 ἐτίμων
532 724 610 766 τόν
628 722 894 778 Ἄδρηστον,
936 721 1008 764 καὶ
1038 720 1089 776 δὴ
1118 721 1229 774 πρὸς
1267 723 1318 765 τοὶ
1354 723 1496 766 πάθεα
1526 722 1603 767 αὕ-

348 797 430 836 τοῦ
452 794 702 846 τραγικοῖσι
730 794 901 845 χοροῖσι
929 788 1180 844 ἐγέραιρον·
1221 788 1299 832 τὸν
1336 790 1415 844 μὲν
1443 789 1604 834 Διόνυ-

296 870 427 903 1οσον
457 858 511 902 ου’
558 857 807 912 τιμέωντες,
844 856 922 901 τόν
960 858 1004 900 δὲ
1031 855 1287 911 Ἄδρηστον.
1343 860 1607 914 Κλεισθένης

350 928 397 971 δὲ
425 924 586 982 χοροὺς
614 924 693 979 μὲν
722 928 782 980 τῷ
813 923 1017 983 Διονύσῳ
1049 922 1263 974 ἀπέδωκε,
1291 924 1370 980 τὴν
1399 926 1444 969 δὲ
1474 924 1608 982 ἄλλην

349 997 509 1051 θυσίην
540 996 601 1051 τῷ
631 993 913 1048 Μελανίππῳ.
960 996 1097 1035 ταῦτα
1125 993 1203 1047 μἐν
1233 991 1536 1048 έςἍδρηστόν
1565 995 1662 1036 οἷ7ο

228 1071 293 1115 68
350 1061 573 1119 πεποίητο.
638 1061 784 1112 Φυλὰς
823 1060 869 1103 δὲ
907 1059 984 1111 τὰς
1021 1059 1250 1114 Δωριέων,
1289 1061 1361 1103 ἵνα
1391 1059 1443 1116 δή
1475 1059 1532 1116 μὴ
1563 1061 1609 1103 αἱ

21 1135 297 1199 ffiffitsrifffigffiffio-
356 1130 485 1175 αὐταὶ
524 1130 625 1174 ἔωσι
663 1133 774 1172 τοῖσι
803 1129 1089 1172 Σικυωνίοισι
1127 1127 1199 1171 καὶ
1231 1132 1344 1171 τοῖσι
1368 1126 1608 1184 Ἀργείοισι,
1666 1121 1748 1165 406

23 1213 63 1232 va
83 1203 205 1231 nomina
226 1202 281 1230 im-

24 1240 180 1273 posuerat.

298 1339 385 1365 sum
404 1327 539 1363 Noster
559 1326 742 1375 cogitasse
771 1324 957 1362 videatur.

298 1385 475 1435 Namque
490 1395 567 1420 vox
586 1381 746 1432 τέμενος
760 1394 875 1433 quam
882 1381 957 1418 late

299 1446 426 1491 pateat
445 1452 560 1476 nemo
577 1439 657 1475 fere
685 1439 817 1475 nescit.

357 1494 425 1535 καὶ
449 1492 567 1547 ὁρτὰς
587 1489 819 1544 ’Ἀδρήστου
856 1487 958 1532 οἷπε-

301 1548 467 1602 λόμενος
484 1552 500 1599 ]
541 1552 599 1587 De
635 1557 822 1587 structura
857 1549 958 1586 conf.

301 1606 436 1645 Matth.
459 1609 524 1644 Gr.
552 1608 618 1644 Gr.
635 1619 722 1657 pag.
744 1608 840 1646 766.
869 1607 962 1641 Mox

302 1664 440 1702 retinui
458 1659 650 1710 ἐώθεσαν,
668 1661 772 1714 quod
792 1663 961 1713 plerique

304 1720 445 1758 habent
473 1720 559 1756 libri
587 1720 735 1769 scriptiz,
770 1719 962 1756 Sancrosti

305 1778 402 1814 liber
435 1775 549 1812 habet
588 1775 734 1814 ἔθεσαν
750 1805 759 1822 ,
821 1774 962 1811 Aldina

308 1829 475 1873 ἐώθασι.
514 1831 631 1882 Apud
651 1830 804 1868 Pindar.
833 1830 963 1868 Schol.

310 1888 358 1926 ad
377 1891 488 1925 Nem.
517 1889 585 1934 IX,
608 1890 672 1935 27,
693 1888 759 1924 ubi
779 1886 839 1924 hic
860 1888 964 1924 locus

311 1947 463 1992 citatur,
502 1945 640 1995 legitur
671 1941 905 1992 εἰώθεισαν,
926 1945 965 1980 in

312 2001 372 2039 ed.
392 1999 566 2038 Boeckh.

370 2075 559 2130 Πολύβου
579 2076 854 2130 θυγατριδέος]
883 2079 909 2114 i.
934 2091 967 2115 e.

311 2148 330 2173 e
349 2134 474 2185 Polybi
505 2136 593 2185 filia
628 2139 755 2182 natus,
806 2134 970 2171 Tot-later-

313 2192 416 2238 sulm,
447 2205 476 2228 s.
498 2191 627 2238 Enkel,
657 2204 747 2236 non,
779 2198 819 2227 ut
839 2193 969 2240 Lange

313 2249 453 2284 vertit:
508 2247 784 2284 Schwestersolm
871 2248 970 2283 Nam

315 2305 458 2341 Talaus
504 2302 664 2340 duxerat
702 2301 969 2354 Lysimachen,

317 2372 414 2412 quae
446 2360 582 2410 Polybi
613 2361 687 2395 tilia
719 2366 818 2405 erat,
861 2359 971 2410 equ&

316 2417 478 2466 suscepit
498 2415 722 2462 Adrastum,
753 2417 782 2452 si
817 2415 971 2452 Pindari

318 2471 460 2509 scholia
477 2485 692 2524 sequamur,
706 2485 725 2508 a
749 2472 882 2523 quibus
896 2472 972 2509 dis-

319 2529 418 2565 cedit
462 2528 684 2578 Apollodor.
721 2530 750 2575 1,
791 2530 815 2568 9
845 2529 879 2572 ξ.
911 2532 973 2574 13,

319 2583 604 2636 Lysimachen,
654 2585 762 2620 Talai
803 2596 975 2631 uxorem,

320 2642 476 2678 Abantis
505 2653 583 2677 esse
614 2641 730 2676 filiam
759 2646 871 2691 atque
893 2641 976 2675 Me-

321 2698 438 2749 lampi
472 2704 650 2747 nepotem
670 2704 821 2733 testans.
880 2698 976 2732 Hinc

324 2751 445 2800 ὂῖπαις
465 2751 503 2790 h.
525 2754 549 2790 Ι.
569 2754 730 2794 nonnisi
750 2754 777 2789 is
792 2766 870 2789 esse
891 2759 977 2803 pot—

325 2817 378 2848 est
399 2837 410 2853 ,
456 2810 520 2862 qui
557 2809 717 2847 mascula
749 2809 845 2858 prole
883 2812 977 2846 caret

1013 1323 1189 1374 (ἔρσενος
1199 1319 1330 1375 γόνου,
1341 1330 1382 1360 ut
1394 1323 1474 1360 aliis
1488 1322 1579 1360 locis
1589 1324 1669 1359 He—

1014 1379 1168 1417 rodotus
1202 1381 1370 1431 loquitur
1407 1381 1438 1427 Ι,
1468 1381 1558 1420 109.
1588 1380 1669 1426 V11,

1013 1436 1096 1477 205
1117 1437 1203 1473 coll.
1229 1438 1294 1483 111,
1317 1437 1388 1485 66)
1419 1436 1479 1473 vel
1508 1442 1608 1473 certe
1627 1437 1670 1482 is,

1017 1493 1083 1543 qui
1102 1494 1227 1529 liberis
1249 1493 1399 1529 orbatus
1421 1498 1498 1539 est,
1530 1493 1672 1543 quippe

1015 1550 1096 1599 ipso
1113 1547 1237 1585 adhuc
1257 1550 1343 1586 vivo
1365 1548 1563 1585 defunctis.
1619 1549 1673 1584 11-

1016 1604 1083 1641 lud
1121 1612 1247 1641 tuetur
1283 1604 1437 1641 Pindari
1474 1603 1674 1641 scholiasta

1020 1660 1221 1698 Adrastum
1259 1674 1436 1698 enarrans
1474 1668 1675 1712 postquam

1019 1718 1226 1768 Sicyonem
1256 1718 1496 1768 confugisset,
1537 1717 1674 1767 Polybi

1019 1775 1136 1810 liliam
1157 1775 1198 1810 iu
1219 1775 1505 1810 matrimonium
1524 1772 1675 1810 duxisse

1021 1831 1245 1882 Polyboque
1258 1829 1376 1880 χωρὶς
1397 1829 1586 1881 ἐπιγονῆς
1604 1825 1675 1880 ἆρ-

1023 1889 1180 1936 σενικῆς
1207 1888 1391 1924 exstincto
1421 1899 1584 1936 regumn
1610 1899 1676 1922 ac-

1023 1945 1177 1993 cepisse.
1236 1944 1339 1988 Quae
1370 1942 1419 1980 ad
1456 1941 1678 1980 illustranda

1024 1999 1238 2036 Herodotea
1266 1998 1441 2036 nonnihil
1457 1999 1610 2037 faciunt.
1626 2021 1675 2026 —

1024 2057 1098 2092 Pro
1121 2051 1245 2106 ἀρχὴν
1275 2057 1312 2092 iu
1333 2055 1484 2093 scholiis
1504 2054 1681 2092 Pindari-

1024 2113 1076 2149 cis
1096 2119 1217 2149 exstat
1236 2108 1379 2164 χώρην.

1081 2189 1147 2229 καὶ
1165 2188 1214 2241 δή
1228 2188 1326 2242 πρός
1337 2187 1383 2228 τοὶ
1402 2186 1541 2228 πάθεα
1555 2183 1684 2228 αὐτοῦ

1025 2251 1245 2298 τραγικοῖσι
1267 2251 1417 2297 χοροῖσι
1440 2262 1475 2284 κ.
1490 2247 1584 2294 τ.λ.]
1626 2246 1683 2281 De

1028 2316 1104 2354 quo
1137 2304 1219 2340 loco
1241 2303 1315 2339 vid.
1344 2303 1411 2340 Cr.
1433 2304 1529 2343 Exc.
1579 2302 1684 2346 Quae

1034 2361 1072 2395 in
1093 2361 1169 2396 line
1190 2361 1320 2410 capitis
1337 2360 1535 2408 leguntur:
1566 2360 1689 2396 ταῦτα

1030 2413 1100 2465 μὲν
1119 2410 1390 2466 ε’ς”Αδρηστόν
1415 2415 1457 2454 οἱ
1480 2415 1685 2463 πεποίητο,

1030 2474 1067 2508 in
1090 2473 1133 2508 iis
1154 2473 1292 2508 retinui
1310 2471 1521 2520 πεποίητο,
1548 2482 1688 2521 quam-

1032 2529 1085 2565 vis
1106 2529 1143 2564 in
1167 2529 1336 2564 Parisino
1367 2540 1443 2563 uno
1465 2540 1508 2562 ac
1529 2526 1688 2562 Floren-

1032 2585 1111 2620 tino
1133 2583 1358 2633 ἐπεποίητο,
1381 2590 1417 2618 et
1437 2584 1475 2618 in
1498 2583 1577 2618 aliis
1600 2581 1686 2620 ἕπε-

1033 2641 1186 2679 ποίατο.
1246 2641 1309 2676 Tu
1336 2640 1435 2675 cons.
1456 2645 1550 2675 nott.
1576 2637 1623 2674 ad
1642 2639 1687 2683 V,

1035 2698 1100 2735 54.
1133 2697 1198 2737 51.
1242 2694 1281 2741 ές
1306 2692 1526 2744 ’Ἄδρηστον
1565 2695 1686 2731 valet:

1035 2752 1127 2801 quod
1162 2753 1287 2788 attinet
1310 2751 1359 2787 ad
1384 2751 1600 2798 Aclrastum3
1638 2750 1688 2789 cf.

1036 2806 1168 2845 Matth.
1191 2809 1256 2846 Gr.
1289 2808 1354 2844 Gr.
1377 2820 1464 2858 pag.
1485 2806 1605 2847 1144.
