1897 3340
505 193 976 232 POLYMNI‘A.
1034 193 1138 233 VII.

36 368 37 374 ¹
62 307 124 351 21
195 304 306 358 πρὸς
323 305 587 386 μεσαμβρίης
602 301 782 373 ἤλασαν.

1378 201 1461 241 475

842 294 985 345 Αὗται
1016 302 1062 344 αἰ
1089 305 1240 354 πᾶσαι,
1270 304 1345 347 καὶ
1367 304 1725 369 0236'15M011112A1h0
1747 313 1774 338 i·

1551 348 1610 370 nte
1630 346 1669 371 λι
1657 355 1739 383 crxc,

196 375 233 416 εἰ
253 389 396 428 ετεραι
425 387 536 427 προς
563 371 743 426 ταύτῃσι
768 369 1003 427 γενόμεναι
1026 373 1461 428 στρατηλασίαι,μιῆς
1517 344 1681 412 :erimus

166 442 326 497 Ξτῆσδε
366 456 449 484 ουκ
484 437 610 490 ἄξιαι
666 439 708 481 τί
745 437 831 494 γὰρ
864 438 948 483 οὐκ
976 437 1110 495 ἤγαγε
1140 440 1187 483 ἐκ
1216 443 1291 494 τῆς
1320 439 1462 496 Ἀσίης

192 509 323 560 ἔθνος
339 507 406 551 ἐπὶ
429 507 506 560 τὴν
530 504 712 549 Ἐλλάδα
723 506 908 563 Ξέρξηςς
925 512 1051 550 κοῖον
1072 508 1118 551 δὲ
1130 507 1371 564 πινόμενόν
1383 524 1460 563 μιν

163 574 318 629 Βῧδωρ
339 572 419 618 οὐκ
448 574 630 626 ἐπέλιπε,
659 573 773 630 πλήν
801 579 891 618 τῶν
920 575 1119 631 μεγάλων
1147 580 1381 632 ποταμῶνς
1413 578 1456 620 οἱ

190 641 368 698 μὲνγὰρ
398 641 499 692 νέας
518 643 802 698 παρείχοντο,
836 644 879 685 οἵ
909 643 955 686 δὲ
987 644 1028 702 ἐς
1057 643 1186 696 πεζὸν
1217 644 1455 700 ἐτετάχατο,
1470 653 1514 686 ΞΟ

187 716 299 754 τοῖσι
339 710 387 754 δὲ
428 711 557 761 ἵππος
593 709 929 765 προσετέτακτο,
984 717 1098 755 τοῖσι
1136 713 1182 756 δὲ
1226 714 1458 769 ἱππαγωγὰ

187 782 346 830 πλοῖα,
377 776 468 833 ἅμα
498 779 904 834 στρατευομένοισι’
935 785 1047 823 τοῖσι
1079 781 1125 824 δὲ
1159 781 1199 831 ἐς
1220 782 1297 832 τοὶς
1326 781 1455 838 γεφύ-

185 862 265 900 ρας
300 845 470 908 μακρὰς
508 847 610 898 νέας
649 847 871 903 παρέχειν

183 912 298 965 νέας.

347 1123 440 1175 cap.
461 1124 568 1160 xxl.

182 1201 252 1242 καὶ
282 1198 367 1242 οὐδ’
391 1203 426 1243 εἰ
445 1201 597 1254 ἕτεραι]
619 1204 674 1241 Ita
696 1204 787 1241 Flo-

126 1267 237 1308 reut.‚
259 1260 453 1298 Mediceus
483 1260 533 1309 (a
550 1274 626 1313 quo
658 1268 787 1299 tamen

125 1318 229 1354 abest
250 1316 347 1366 καὶ)
388 1331 431 1354 ac
466 1325 540 1355 tres
571 1319 635 1355 alii
656 1317 788 1365 codd„

124 1375 311 1425 probante
342 1373 575 1425 Schweigh„
609 1376 727 1413 Gaisf.
750 1383 788 1412 et

123 1432 205 1482 ipso
227 1431 361 1470 Matth.
376 1432 415 1468 in
438 1432 504 1468 Gr.
526 1433 592 1468 Gr.
613 1446 653 1483 p.
680 1432 784 1473 1251

125 1485 209 1553 (υἱοὶ
240 1487 287 1524 de
308 1489 500 1525 locutione
524 1487 595 1525 hac
616 1490 785 1538 monuit)

124 1551 163 1581 et
182 1545 222 1580 in
242 1552 333 1582 nota
353 1544 461 1582 adh.
484 1546 522 1594 l.,
543 1545 608 1582 ubi
638 1541 724 1585 οὐδ’
753 1545 789 1584 εἰ

125 1598 251 1651 ε’τεραι
270 1601 374 1639 idem
395 1615 473 1639 esse
494 1603 545 1638 ait
564 1609 679 1654 atque
702 1597 786 1641 οὐδ’

123 1656 272 1709 ε’τεραι,
306 1659 340 1698 εἰ
361 1657 488 1710 ἕτεραι
514 1653 632 1709 ἦσαν,
666 1661 785 1696 citans

123 1715 172 1752 G.
188 1717 399 1753 Hermann.
421 1715 468 1752 ad
481 1714 665 1766 Sophocl.
678 1717 784 1753 Aiac-

121 1785 176 1809 νε.
216 1774 308 1812 179.
385 1774 417 1808 Ε
459 1772 652 1810 Sancrosti
689 1774 785 1809 libro

123 1826 350 1865 Schaeserus
379 1836 416 1865 et
434 1828 665 1871 ,Bekkerusz
701 1824 787 1868 οὐδ’

123 1883 272 1936 ἕτεραι,
325 1884 430 1937 quod
458 1887 498 1921 in
529 1881 623 1924 ου’ὄὲ
660 1884 787 1937 ἕτεραι

120 1943 261 1978 mutari
274 1941 421 1978 dudum
432 1943 603 1979 voluerat
615 1941 783 1979 Valcke-

121 2000 284 2046 naerins,
307 2012 382 2051 qno
404 2000 560 2036 iubente
581 2000 784 2036 articulum

121 2054 168 2094 αἴ
196 2062 284 2092 ante
319 2056 598 2107 στρατηλασίαι
619 2055 742 2093 delevi
762 2069 784 2093 a

120 2113 340 2150 melioribus
359 2114 461 2150 libris
482 2114 678 2151 omissum.

180 2204 274 2251 μιῆς
300 2203 420 2253 τῆσδε
442 2198 516 2243 οὐκ
541 2201 677 2252 ἄξιαι]
707 2205 731 2241 i.
749 2217 782 2241 e.

120 2258 292 2306 indignae
318 2264 419 2307 sunt,
469 2274 558 2311 quae
595 2274 672 2297 cum
711 2275 784 2298 una

122 2314 195 2349 ista
212 2320 464 2363 comparentur.
503 2318 602 2368 Apte
624 2331 784 2368 compa-

124 2375 182 2405 rat
218 2369 402 2408 Valcken.
433 2373 513 2421 VII,
553 2377 628 2414 20:
675 2391 783 2423 παρα

125 2426 268 2463 τοῦτον
312 2424 436 2476 μηδὲν
479 2429 710 2479 φαίνεσθαι,
744 2431 783 2469 id

127 2480 231 2533 quod
252 2481 388 2518 eodem
404 2482 510 2531 redit,
519 2485 660 2523 addens
670 2489 784 2524 scribi

125 2550 280 2589 quoque
310 2540 474 2588 potuisse
503 2541 548 2577 ab
590 2543 782 2581 Herodoto

126 2609 195 2648 μιη
216 2596 309 2664 τῇδε
328 2590 402 2634 οὔκ
421 2593 528 2644 ἄξιαι
545 2599 783 2652 συμβληθῆ-

126 2653 192 2689 ναί
214 2651 303 2690 εἰσι.

179 2743 291 2779 κοῖον
321 2739 364 2780 δὲ
393 2737 612 2792 πινόμενόν
647 2760 714 2794 μιν
741 2741 784 2785 v'-

127 2795 208 2849 δωρ
228 2792 301 2836 οὐκ
323 2795 508 2848 ἐπέλιπε]
541 2798 783 2852 Schweigh.:

931 853 1046 892 τοῖσι
1086 849 1133 892 δὲ
1173 849 1271 892 σῖτά
1308 866 1353 894 τε
1382 851 1456 894 καὶ

847 1137 965 1175 „qaae
982 1138 1099 1176 aqua,
1136 1137 1225 1175 quae
1243 1139 1311 1163 non
1333 1125 1511 1175 defecerit,

845 1182 890 1219 ab
910 1185 1065 1220 exercitu
1099 1183 1172 1219 eius
1202 1183 1334 1232 epota?
1367 1184 1510 1220 Vocula

845 1254 926 1289 μιν,
950 1252 1069 1292 quam
1089 1241 1254 1276 retinent
1284 1240 1509 1288 Florentia„

845 1296 1058 1344 Mediceus,
1091 1296 1172 1344 alii,
1194 1297 1234 1332 in
1255 1297 1448 1334 Saucrofti
1463 1298 1511 1333 li-

845 1353 913 1390 bro
944 1355 1102 1405 alfisque
1132 1366 1212 1390 nou
1232 1355 1420 1404 reperitur
1438 1367 1511 1390 ne—

846 1424 921 1462 que
940 1411 1083 1463 requiri
1102 1409 1254 1447 videtur
1267 1409 1510 1447 Valckenae-

844 1469 922 1516 rio⁷
972 1468 1037 1520 qui
1067 1467 1155 1504 citat
1189 1466 1440 1505 Demosthen.
1476 1482 1509 1505 c.

843 1525 990 1576 Polycl.
1013 1537 1104 1575 pag.
1135 1523 1236 1569 674,
1258 1526 1325 1565 87.
1353 1524 1509 1562 Aristid.

842 1582 860 1617 I
880 1595 918 1632 p.
942 1584 1038 1622 223.
1061 1579 1221 1622 Diodor,
1242 1582 1310 1629 XI,
1332 1580 1371 1621 5.
1429 1583 1509 1618 Nec

842 1645 973 1675 tamen
1006 1637 1188 1690 equidem
1217 1639 1408 1675 eiecerim.
1449 1639 1507 1680 Cf,

839 1696 888 1745 ΙΙ,
910 1695 965 1736 25
985 1696 1078 1747 ibiq.
1100 1693 1230 1732 laudd.

900 1785 942 1824 οἷ
975 1782 1017 1825 δὲ
1041 1784 1081 1833 ἒς
1120 1782 1236 1833 πεζὸν
1273 1782 1505 1835 ἐτετάχατο]

842 1841 992 1879 Eadem
1021 1840 1162 1879 locutio
1184 1843 1265 1890 Vll,
1287 1844 1353 1882 81.
1375 1842 1428 1882 85
1440 1842 1507 1879 fin.

844 1901 911 1940 96.
936 1899 1028 1938 119.
1049 1902 1144 1940 203.
1166 1900 1266 1947 VIII,
1292 1901 1327 1938 1.
1351 1900 1417 1938 66.
1438 1900 1508 1947 lx,

841 1957 906 1996 32.
923 1953 976 1994 44
997 1956 1083 1994 coll.
1106 1957 1172 2003 111,
1194 1958 1262 1997 97.
1310 1954 1373 1991 Ad
1393 1956 1509 1993 verba

843 2009 1054 2062 ἱππαγωγοὶ
1084 2015 1205 2052 πλοῖα
1235 2019 1271 2049 et
1291 2010 1386 2058 νέας
1406 2013 1507 2050 conf.

840 2075 937 2105 nott.
970 2067 1018 2104 ad
1047 2069 1112 2116 VI,
1138 2069 1191 2109 48
1220 2076 1257 2105 et
1278 2068 1326 2105 de
1345 2082 1508 2107 numero

840 2127 998 2162 navium
1040 2127 1326 2177 copiarumque,
1368 2127 1505 2177 quibus

839 2181 935 2220 haec
945 2182 1137 2233 expeditio
1149 2184 1315 2219 constitit
1326 2183 1405 2229 Vll,
1416 2182 1506 2225 184.

840 2241 1047 2289 Distinguit
1067 2247 1197 2276 autem
1220 2238 1259 2278 h.
1282 2241 1307 2277 l.
1329 2239 1507 2276 Herodo-

840 2304 900 2334 tus
912 2296 1005 2343 νέας
1024 2293 1067 2348 (i.
1081 2310 1114 2333 e.
1133 2310 1248 2333 naves
1261 2297 1425 2344 bellicas,
1437 2298 1508 2333 tri-

774 2372 782 2386 x
841 2352 992 2403 remes)
1025 2360 1061 2390 et
1080 2351 1294 2405 ἱππαγωγοὶ
1323 2357 1443 2392 πλοῖα
1466 2355 1505 2397 (i.

840 2424 873 2449 e.
896 2411 1049 2461 navigia
1065 2410 1113 2447 ad
1140 2423 1261 2462 equos
1282 2409 1505 2460 vehendos)

840 2474 878 2504 et
899 2464 1053 2518 μακρὰς
1074 2466 1168 2513 νέας
1187 2469 1212 2504 i.
1236 2481 1269 2504 e.
1291 2481 1406 2504 naves
1418 2468 1506 2504 lon-

840 2537 905 2574 gas
938 2523 986 2560 ad
1006 2531 1165 2574 pontem
1199 2524 1441 2574 iungendum
1463 2536 1505 2559 a-

839 2587 943 2630 ptas:
966 2594 1058 2632 quas
1078 2594 1157 2617 non
1178 2581 1268 2617 alias
1289 2595 1368 2618 esse
1391 2588 1504 2631 atque

841 2635 1180 2688 πεντηκοντέρους
1209 2639 1292 2685 VII,
1326 2636 1403 2677 184
1434 2650 1499 2685 ap-

840 2693 996 2742 pellatas
1017 2695 1206 2730 existimat
1218 2696 1358 2730 Kruse:
1381 2693 1506 2728 Ueber

840 2748 1028 2786 Hemdots
1048 2751 1311 2800 Ausmessung
1322 2749 1386 2786 des
1398 2749 1502 2784 Pon-

843 2812 904 2843 tus
925 2812 997 2846 etc.
1019 2819 1106 2857 pag.
1130 2805 1195 2846 94.
