1897 3340
431 169 515 211 714

829 169 1289 208 HERODOTI

434 275 536 331 ρέος
554 277 785 333 συνάγεται
814 278 857 329 ἐς
886 276 1057 321 στεινὸν
1084 276 1238 331 πόρον,
1268 278 1348 322 τόν
1375 279 1534 334 μεταξὺ
1559 279 1686 324 ἐόντα

404 342 579 400 Ξνήσου
607 361 651 388 τε
675 345 880 389 Σκιάθου
914 346 988 388 καὶ
1015 344 1196 401 ἠπείρου
1225 348 1497 403 Μαγνησίης.
1555 346 1602 391 ἐκ
1640 347 1686 392 δὲ

430 415 511 456 τοῦ
540 416 724 460 στεινοῦ,
755 417 833 468 τῆς
866 410 1060 469 Εὐβοίης
1089 413 1171 469 ἤδη
1201 413 1250 456 τό
1278 412 1541 469 Ἀρτεμίσιον
1570 415 1684 458 δέκε-

427 496 498 523 ται
524 480 739 535 αἰγιαλός·
771 480 817 523 ἐν
846 481 905 533 δὲ,
934 480 1178 536 Ἀρτέμιδος
1208 481 1316 535 ἱρόν.
1369 479 1429 524 ‘H
1451 483 1497 526 δὲ
1527 477 1586 525 αὖ
1611 481 1684 525 διὰ
1697 490 1740 523 20

433 551 644 604 Τρηχῖνος
673 548 826 598 ἔσοδος
854 549 897 599 ἐς
935 548 1015 604 τήν
1040 548 1223 593 Ἑλλάδα
1253 551 1354 600 ἔστι,
1383 554 1435 607 τῇ
1465 550 1685 593 στεινοτά-

399 621 421 656 3
433 631 498 671 τη,
534 614 819 671 ἡμίπλεθρον.

374 799 632 851 nc'ovJAegaei
644 802 756 839 maris
770 814 812 838 ea
825 815 1024 854 pars,quae

374 854 424 891 ad
444 859 741 907 septentrionem
758 860 926 895 maxime
936 872 1025 910 spe-

370 912 495 950 ctabat
516 912 704 951 Thraciae
724 927 766 951 ac
777 914 1024 952 Macedoniae

371 981 483 1005 oram
517 970 661 1008 alluens
678 1001 688 1019 ,
713 970 916 1008 meridiem
936 985 1024 1009 ver-

370 1037 433 1062 sus
463 1024 511 1062 ad
539 1027 738 1064 Euboeam
767 1041 887 1080 usque
908 1029 1026 1079 perti-

370 1095 464 1118 nens
481 1111 490 1129 ,
525 1081 674 1122 Thracii
698 1087 805 1121 maris
826 1088 1026 1135 cognomi-

369 1150 419 1174 ne
440 1137 642 1177 indicatur.
679 1140 766 1180 vid.
790 1143 910 1178 Krnse
932 1143 1027 1178 Hel-

317 1194 320 1198 ’
368 1194 423 1231 las
442 1196 460 1230 Ι
475 1208 563 1247 pag.
587 1199 665 1237 160
694 1198 823 1250 ibique
845 1197 1024 1249 Sophocl.

369 1250 465 1291 Oed.
487 1253 533 1288 R.
559 1255 649 1293 197.

339 1314 346 1330 ·‘
424 1304 492 1346 τὸν
524 1306 666 1359 μεταξύ
692 1305 808 1349 ε’όντα
834 1305 962 1360 νήσου
984 1324 1024 1349 τε

366 1362 554 1403 Σκιοίθου
576 1365 643 1404 καὶ
664 1362 832 1416 ἠπείρου
854 1369 1023 1417 Μαγνη-

369 1420 492 1470 σίης]
543 1423 601 1458 De
630 1422 827 1471 BIagne-sia
856 1424 905 1460 cf.
925 1430 1021 1462 nott.

367 1475 417 1513 ad
437 1478 515 1525 VII,
550 1479 642 1518 1'32.
701 1479 888 1516 Sciathum
915 1480 1023 1516 insu-

365 1533 461 1581 lam,
491 1547 606 1585 quam
627 1534 841 1572 Herodotus
872 1548 1023 1572 memo-

366 1596 424 1626 rat
453 1591 532 1637 VII,
568 1593 658 1631 179.
683 1595 774 1632 182.
801 1595 893 1632 183.
922 1593 1020 1640 VIII,

366 1648 394 1686 7
424 1658 445 1681 e
480 1647 698 1695 Magnesiae
730 1650 885 1697 regione
914 1650 1021 1699 ponit

365 1701 503 1740 Strabo
524 1704 580 1739 lX
599 1717 637 1753 p.
660 1706 740 1744 300
760 1718 789 1740 s.
808 1703 888 1744 436
906 1712 1019 1756 atque

365 1770 387 1794 a
419 1760 674 1809 septentrione
705 1761 885 1797 Euboeae
923 1763 1017 1798 vici-

365 1827 457 1851 nam
468 1817 595 1852 insulis
608 1828 618 1853 ε
643 1816 869 1867 Peparetho,
883 1818 1016 1869 Scyro,

365 1872 568 1909 Haloneso.
642 1874 804 1910 Desertis
844 1874 934 1910 locis
981 1881 1018 1911 et

365 1930 576 1978 asperrimis
608 1931 675 1966 etsi
693 1929 862 1967 Sciathus
891 1943 1018 1967 annu-

363 1992 532 2022 meratur
559 1998 580 2021 a
608 1986 744 2024 senec.
767 1986 815 2023 ad
845 1988 954 2024 Helv.
977 1990 1015 2035 6,

364 2053 462 2092 quae
496 2043 608 2078 etiam
640 2044 766 2093 piratis
797 2044 1014 2094 perfugium

363 2098 556 2146 praebuit,
594 2105 635 2135 ut
673 2113 720 2135 ex
740 2101 904 2150 Appian.
940 2101 1015 2136 Mi-

363 2151 477 2191 thrid.
518 2156 571 2194 29
601 2156 841 2205 intelligitur,
880 2157 1013 2193 vinum

362 2214 492 2244 tamen
513 2211 591 2246 eius
602 2212 752 2260 nigrum
773 2224 1013 2248 commemo-

362 2271 421 2300 rat
439 2264 656 2303 Athenaeus
687 2268 714 2312 1,
738 2266 829 2315 (24)
852 2268 903 2307 56
925 2279 1012 2316 pag.

363 2321 479 2360 301³.
535 2322 644 2358 Nunc
675 2323 802 2358 Italico
838 2335 1012 2358 sermone

362 2376 588 2427 plerumque
618 2385 754 2414 vocant
797 2378 945 2415 Sciatho
982 2392 1010 2415 s.

363 2431 509 2469 Sm‘athi
527 2433 696 2485 duosque
716 2435 816 2471 vicos
838 2442 873 2471 et
904 2442 1010 2472 vete-

363 2488 411 2525 ris
431 2490 530 2526 urbis
553 2490 726 2541 reliquias
758 2492 793 2526 iu
818 2505 859 2527 ea
880 2505 1008 2542 super-

361 2558 441 2581 esse
459 2547 637 2583 scribunt.
687 2546 770 2587 vid,
792 2547 1009 2586 Tzschuck.

363 2600 412 2638 ad
432 2603 519 2639 Mel.
541 2603 593 2650 11,
611 2606 635 2643 7
656 2604 730 2649 §.8
753 2611 845 2640 nott.
873 2618 1008 2655 exegg.

359 2669 449 2708 pag.
480 2660 558 2700 665
586 2671 664 2710 seq.
686 2659 872 2697 Dodwell.
901 2663 1008 2698 Reise

360 2712 399 2750 d.
422 2713 573 2752 Griech.
600 2716 647 2764 11,
673 2720 689 2757 1
715 2730 775 2767 cp.
798 2718 847 2756 19
868 2731 906 2767 p.
932 2720 1003 2758 171

358 2782 454 2809 verso
474 2784 623 2810 vernac-

879 615 934 661 ου’
972 616 1118 672 μέντοι
1156 617 1263 661 κατὰ
1303 617 1433 662 τοῦτό
1455 616 1492 674 γ’
1518 617 1606 662 ἔστι
1633 615 1684 660 τὰ

1344 693 1361 713 0

1135 801 1207 849 τῆς
1245 797 1428 852 Εὐβοίης
1468 798 1548 853 ἤδη
1579 799 1621 842 τό
1648 795 1735 853 Ἀρ-

1079 857 1254 907 τεμίσιον
1310 855 1460 896 δέκεται
1515 854 1732 909 αἰγιαλός]

1081 912 1192 958 Quod
1223 911 1417 954 Schaefer,
1447 920 1484 950 et
1514 912 1649 951 Matth.
1671 927 1734 949 re-

1080 970 1275 1006 tinuerunt
1331 967 1568 1017 ἐκδὲκεται,
1647 970 1733 1006 libri

1081 1027 1239 1076 scripti,
1289 1037 1383 1078 quos
1427 1025 1605 1076 equidem
1645 1039 1734 1063 cum

1082 1081 1315 1132 Schweigh„
1347 1081 1464 1118 Gaiss.
1494 1088 1530 1118 et
1557 1080 1735 1120 Bekkero

1081 1146 1229 1176 secutus
1259 1151 1366 1186 sum,
1395 1139 1586 1188 ignorant.
1633 1138 1735 1175 Sen-

1081 1209 1142 1233 sus
1152 1202 1226 1232 est:
1258 1195 1446 1245 angustias
1463 1194 1544 1231 illas
1555 1195 1735 1232 Euboeae

1083 1253 1222 1302 excipit
1236 1253 1333 1299 litus,
1345 1251 1591 1287 Artemisium
1612 1250 1734 1302 (quod

1078 1309 1291 1356 vocatur),
1340 1309 1377 1344 in
1417 1320 1484 1357 quo
1507 1311 1558 1344 est
1593 1306 1735 1345 Dianae

1079 1366 1262 1416 templum3
1292 1363 1395 1400 unde
1415 1376 1530 1401 omne
1558 1364 1645 1401 litus
1673 1365 1733 1401 vi-

1079 1423 1212 1459 cinum
1238 1422 1382 1457 Dianae
1426 1433 1577 1457 sacrum
1612 1420 1732 1467 ,fuisse

1078 1485 1185 1516 notat
1230 1479 1422 1527 Musgrav.
1464 1475 1512 1513 ad
1549 1475 1730 1527 Sophocl.

1078 1533 1222 1572 Trach.
1254 1536 1347 1574 639.
1407 1533 1507 1570 Cum
1536 1532 1730 1570 Herodoto

1076 1592 1190 1643 plane
1210 1590 1385 1640 congruit
1413 1588 1638 1627 Plutarchus
1657 1590 1684 1627 l.
1700 1589 1726 1627 1⁴

1129 1701 1181 1742 ‘H
1216 1699 1259 1741 δὲ
1291 1695 1344 1741 αὖ
1361 1698 1426 1741 διοῖ
1452 1704 1642 1753 Τρηχῖνος
1663 1699 1728 1740 ἕσ-

1075 1760 1167 1806 οδος
1185 1774 1222 1798 κ.
1248 1773 1280 1797 τ.
1297 1759 1349 1807 L]
1370 1760 1430 1805 Iis,
1453 1759 1518 1809 qui
1538 1764 1726 1808 asepteu-

1073 1818 1195 1852 trione
1223 1816 1249 1852 i.
1271 1828 1305 1852 e.
1327 1828 1348 1851 a
1367 1813 1590 1851 Macedonia
1611 1821 1725 1866 atque

1075 1872 1272 1910 Thessalia
1292 1872 1490 1908 Graeciam
1505 1871 1644 1907 intrare
1655 1884 1723 1908 ve-

1072 1930 1155 1976 lint,
1176 1941 1343 1965 accessus
1367 1941 1397 1965 s.
1417 1928 1588 1965 introitus
1608 1926 1651 1964 fit
1680 1927 1721 1963 in

1072 1987 1194 2036 ipsam
1225 1986 1425 2022 Graeciam
1462 1997 1529 2033 per
1557 1980 1722 2020 Trachi-

1069 2044 1188 2079 niam.
1259 2042 1372 2078 Cuius
1399 2042 1514 2077 situm
1549 2045 1721 2075 accurate

1069 2100 1204 2136 Noster
1219 2097 1410 2146 descripsit
1438 2096 1518 2141 VII,
1543 2096 1632 2141 199,
1654 2096 1719 2131 ubi

1068 2153 1146 2192 vid.
1168 2161 1276 2199 nott„
1296 2153 1362 2188 ubi
1382 2152 1495 2187 etiam
1517 2149 1564 2187 de
1584 2150 1719 2188 Anthe-

1069 2211 1125 2247 lae
1144 2210 1227 2247 vico
1249 2214 1285 2244 et
1306 2207 1352 2244 de
1375 2207 1543 2245 Phoenice
1563 2207 1691 2246 fluvio.

1125 2315 1174 2359 οὔ
1237 2318 1370 2370 μέντοι
1433 2314 1532 2358 nato}
1598 2315 1716 2360 τοῦτό

1066 2373 1180 2429 γ’ἒστι
1213 2374 1256 2416 τό
1281 2370 1523 2415 στεινότατον
1550 2389 1586 2414 κ.
1610 2391 1644 2414 τ.
1664 2377 1715 2425 L]

1067 2435 1165 2471 Cum
1194 2431 1251 2470 his
1279 2445 1480 2483 compara,
1509 2444 1606 2483 quae
1634 2433 1715 2479 Vn,

1067 2494 1148 2531 200
1170 2497 1391 2536 narrantur,
1419 2490 1472 2525 ibi
1503 2489 1605 2524 enim
1633 2490 1714 2525 No·

1065 2554 1140 2583 ster
1150 2545 1195 2582 ad
1202 2545 1432 2582 Phoenicem
1442 2545 1601 2581 fluvium
1613 2547 1713 2582 viam

1065 2604 1368 2654 angustissimam
1388 2614 1466 2638 esse
1486 2608 1623 2648 narrat,
1638 2600 1713 2653 qua

1064 2661 1129 2698 vix
1158 2672 1280 2696 uuum
1310 2659 1517 2708 plaustrum
1553 2659 1709 2694 transire

1062 2717 1197 2766 possit;
1246 2714 1348 2752 unde
1374 2727 1492 2766 usque
1513 2711 1560 2750 ad
1582 2712 1709 2751 Ther-

1063 2773 1235 2825 mopylas
1254 2771 1549 2826 iterquindecim
1566 2769 1710 2810 stadio-
