1897 3340
106 657 167 701 12

482 213 760 252 TERPS

790 213 1130 250 ICHORE.
1190 215 1234 251 V.

1434 218 1486 256 17

199 323 438 379 Βούδεμιῆς
462 321 737 378 προσέχρῃζε·
768 320 898 363 αἰτέει
927 321 973 363 δὲ
999 320 1235 376 Μύρκινον
1263 340 1344 404 την
1359 321 1491 367 Ἠδω-
1506 332 1545 363 15

226 393 339 440 νίδα,
368 387 641 446 βουλόμενος
678 388 725 431 ἐν
756 386 868 444 αὐτῆ
896 387 1026 431 πόλιν
1054 391 1209 432 κτίσαι
1251 392 1381 441 οὑτος
1410 391 1490 446 μὲν
1546 382 1800 423 ‘¹¹⁰⁰011d011ffl1·

227 456 280 513 δή
310 455 472 510 ταύτην
504 454 707 509 αἱρέεται.
758 454 782 497 ὁ
815 454 861 497 δὲ
890 454 1039 510 Κώης,
1072 454 1143 500 οἷά
1174 473 1218 500 τε
1249 456 1303 500 οὐ
1334 457 1488 512 τύραν-

223 540 302 574 νος
331 521 521 579 δημότης
548 538 593 565 τε
617 522 713 574 ἐών,
745 521 876 565 αἰτέει
902 523 1160 581 Μυτιλήνης
1181 530 1488 581 τυραννεῦσαι.

222 591 515 634 τελεωθέντων
545 589 590 633 δὲ
621 588 920 646 ἀμφοτέροισι,
955 593 1076 635 οὑτοι
1104 592 1182 647 μὲν
1211 593 1322 636 κατὰ
1351 611 1403 636 τα
1433 595 1487 638 εἴ-

223 662 351 702 λοντο
382 656 634 711 ἐτράποντο.

1551 324 1647 363 Mycri
1623 335 1718 355 cunum
1739 327 1818 356 Edo-

1549 367 1577 384 ιιι
1571 358 1657 394 i‚de1n
1674 363 1743 389 huic
1751 362 1818 396 My-

693 663 887 712 Δαρεῐον
926 659 972 702 δὲ
1011 659 1260 715 συνήνεικε,
1307 664 1485 716 πρῆγμα
1543 657 1784 727 ἣὲἓζξηᾞῗῃῑω

220 725 394 770 τοιόνδε
423 723 651 780 ἰδόμενον,
685 725 954 783 ἐπιθυμῆσαι
985 726 1258 770 ἐντείλασθαι
1278 728 1481 785 Μεγαβά-
1493 736 1538 768 20

1517 725 1682 767 OPaeones
1701 736 1736 755 ex
1756 727 1792 754 Ει
1787 737 1817 754 u*

1540 768 1573 786 ro
1579 760 1658 799 pavi
1674 761 1816 789 abductos

221 798 300 852 ζῳ,
342 794 538 842 Παίονας
575 791 729 835 ελόντα
775 793 1081 843 ἀνασπάστους
1110 798 1289 850 ποιῆσαι
1330 795 1375 837 ἐκ
1407 800 1484 851 τῆς
1540 793 1816 856 {2r2³?¹}.²{¹gagssj²t¹‘⁸‘

165 980 231 1018 ges
253 980 328 1015 eos,
360 969 426 1019 qui
446 969 542 1004 bene
565 966 611 1004 de
631 967 720 1018 ipsis
731 981 823 1019 pro-

162 1025 289 1061 meriti
310 1032 450 1071 essent,
481 1025 620 1060 eximie
641 1037 823 1060 remune-

162 1088 346 1118 rarentur.
421 1082 571 1117 Monuit
609 1082 821 1118 Brissonius

161 1139 218 1174 De
246 1150 325 1187 reg.
347 1139 450 1176 Pers.
481 1139 603 1188 princ.
635 1139 653 1173 I
677 1139 716 1183 §.
742 1140 820 1180 138

163 1195 248 1232 coll.
275 1201 372 1231 nott.
404 1193 453 1231 ad
472 1193 614 1231 Herod.
635 1196 700 1242 III,
727 1194 819 1235 140.

229 1291 446 1347 Μύρκινον
486 1292 560 1346 τήν
593 1291 819 1344 Ἠδωνίδα]

162 1352 263 1390 Olim
283 1356 363 1391 τῶν
375 1351 582 1390 Ἠδωνῶν.
613 1352 723 1388 Conf.
742 1354 823 1388 He-

160 1408 295 1456 rod.V,
311 1408 402 1449 124.
432 1408 543 1454 Quod
562 1422 664 1445 nunc
685 1423 706 1445 e
725 1407 822 1445 duo-

160 1466 230 1502 bus
263 1464 375 1502 codd.
408 1472 603 1515 receptum
627 1471 700 1501 est:
749 1462 824 1515 τήν

165 1517 372 1567 Ἠδωνίδα,
392 1520 573 1571 Aeschyli
585 1521 671 1557 loco
691 1520 823 1556 firma-

169 1584 231 1614 tur
249 1579 289 1613 in
306 1578 408 1613 Pers.
430 1576 525 1624 495,
544 1577 611 1613 ubi
627 1572 822 1616 Ἠδωνίδα

159 1630 266 1681 αἶαν,
285 1634 370 1670 0011.
387 1634 522 1670 TzetZ.
537 1632 634 1670 Cbil.
646 1635 711 1680 III,
723 1633 820 1674 508.

157 1692 226 1737 IX,
248 1693 342 1738 221,
363 1690 430 1726 ubi
458 1692 674 1739 Μυρκῖνος
698 1689 817 1729 ‘How-

157 1742 248 1794 vo'g:
288 1745 335 1783 de
366 1759 444 1799 quo
473 1746 573 1783 conf.
603 1745 749 1784 Duker.
779 1754 816 1784 et

157 1805 293 1854 Poppo
315 1802 364 1840 ad
384 1802 605 1854 Thucydid.
637 1805 701 1851 IV,
736 1807 815 1844 102

157 1873 245 1912 pag.
268 1860 348 1901 625
371 1859 429 1897 ed.
447 1861 602 1896 Gerv’m.
632 1862 710 1896 Nec
725 1873 815 1896 saue

159 1916 370 1969 quidquam
399 1917 540 1964 obstat,
581 1930 657 1969 quo
687 1918 815 1953 minus

157 1972 397 2010 Herodotum
424 1981 589 2024 utroque
617 1973 735 2010 modo
756 1974 817 2009 lo-

157 2038 290 2068 cutum
325 2043 403 2067 esse
432 2037 625 2081 putemus.
682 2032 816 2082 Itaque

155 2086 196 2124 id
235 2088 449 2138 sequimur,
500 2086 604 2139 quod
630 2088 816 2124 librorum

154 2150 392 2182 vetustorum
413 2145 634 2180 auctoritate
645 2146 816 2180 maxime

154 2202 298 2237 nititur.
327 2199 443 2251 Apud
460 2199 733 2252 Thucydidem
752 2201 816 2248 IV,

158 2260 236 2298 107
255 2258 394 2307 legitur
407 2254 618 2309 Mv'gmvog
631 2259 700 2307 (ita
712 2259 815 2294 enim

156 2314 401 2351 scribendum
421 2327 499 2350 esse
520 2327 588 2364 pro
599 2317 816 2365 Μυρκΐνος

158 2369 296 2408 docent
337 2371 587 2421 interpretes)
617 2366 813 2421 Ἠδωνική

155 2422 266 2474 πόλις
280 2457 289 2475 ,
331 2434 367 2464 et
396 2426 497 2478 apud
516 2426 672 2465 Diodor.
695 2428 814 2465 Sicul.

156 2484 242 2531 XII,
276 2485 328 2524 68
364 2478 583 2523 Ἠδωνικόν
621 2480 815 2534 πολισμά-

156 2554 252 2579 τιον.
311 2541 538 2577 Tenuerunt
566 2540 709 2578 Edones
741 2554 815 2591 po-

157 2596 344 2632 tissimum
364 2597 447 2633 loca
467 2598 659 2633 maritima
671 2598 717 2634 ab
735 2598 814 2634 ori-

158 2659 243 2688 ente
256 2653 470 2704 Strymonis
490 2654 595 2690 fluvii
616 2653 683 2701 (ad
697 2667 814 2706 quem

158 2707 283 2757 ipsum
316 2708 506 2760 Myrcinus
527 2717 714 2747 exstructa
742 2711 813 2747 fuit

159 2761 263 2800 haud
285 2764 399 2815 longe
429 2767 475 2803 ab
506 2766 731 2818 Amphipoli
749 2781 812 2803 se-

160 2821 415 2870 ptentrionem
426 2824 584 2873 versus),
605 2824 705 2861 intus
719 2836 811 2874 por-

216 2877 436 2914 HmzonoT.
464 2880 531 2915 ΙΙΙ.

881 976 980 1005 recta
1003 969 1051 1006 ad
1073 969 1254 1006 Orbelum
1286 983 1406 1022 usque
1427 983 1543 1007 mon—

879 1033 971 1063 tem.
1032 1026 1143 1063 Conf.
1165 1027 1339 1063 Gatterer
1357 1028 1383 1064 1.
1405 1028 1429 1063 1.
1452 1040 1540 1078 pag.

879 1084 1086 1123 99—101
1111 1083 1197 1119 coll.
1218 1095 1306 1133 pag.
1329 1086 1395 1124 67.
1426 1085 1540 1120 Man—

878 1146 974 1176 nert.
997 1140 1137 1189 Geogr.
1158 1140 1227 1176 VII
1256 1153 1295 1190 p.
1325 1138 1420 1180 240.
1479 1140 1541 1177 Ad

877 1208 1014 1232 vocem
1036 1193 1215 1246 δημότης
1234 1198 1275 1232 in
1307 1209 1414 1249 seqq.
1437 1198 1539 1233 conf.

877 1253 924 1298 11,
950 1255 1029 1293 172
1048 1253 1176 1304 ibique
1196 1259 1292 1289 nott.

935 1351 1209 1392 τελεωθέντων
1231 1351 1274 1392 δὲ
1295 1348 1537 1407 ἀμφοτέροι-

881 1410 946 1457 σι]
977 1411 1003 1446 i.
1025 1423 1058 1446 e.
1082 1409 1168 1447 Cum
1189 1422 1252 1446 rex
1271 1412 1453 1460 utriusque
1479 1424 1538 1448 vo-

880 1468 928 1501 tis
948 1468 1149 1513 annuisset,
1181 1479 1258 1503 cum
1284 1469 1424 1515 utrique
1462 1465 1536 1518 (ea,

881 1534 978 1572 quae
1001 1523 1160 1573 quisque
1195 1523 1380 1572 petierat)
1411 1537 1435 1559 α
1456 1536 1538 1572 rege

879 1591 1039 1614 concessa
1060 1591 1089 1615 s.
1106 1577 1263 1627 perfecta
1275 1582 1395 1615 essent.
1428 1579 1537 1615 Idem

876 1635 1039 1671 verbum
1076 1635 1190 1685 paulo
1227 1635 1334 1671 aliter
1362 1636 1427 1683 ΙΙΙ,
1463 1639 1532 1677 86.

877 1691 983 1736 Quae
1003 1698 1215 1743 sequuntur
1242 1692 1384 1728 verba:
1424 1686 1537 1732 οὗτοι

874 1747 945 1798 μὲν
960 1745 1059 1786 nato?
1080 1744 1127 1786 τοὶ
1153 1748 1304 1787 εἵλοντο
1319 1745 1535 1799 ἐτράποντο

874 1805 924 1853 (i.
955 1819 987 1841 e.
1015 1806 1137 1854 pronti
1181 1804 1378 1853 elegerant,
1426 1818 1462 1842 eo
1500 1819 1536 1842 se

872 1865 1107 1898 converterunt
1128 1858 1302 1911 quisque),
1316 1862 1355 1897 in
1366 1863 1408 1898 iis
1422 1863 1536 1899 Stru-

872 1919 933 1954 vio
962 1919 1002 1954 in
1024 1918 1175 1963 Quaest.
1198 1917 1245 1954 de
1273 1916 1423 1955 dialect.
1453 1920 1535 1954 He—

872 1975 954 2011 rod.
970 1975 1082 2025 Spec.
1094 1976 1111 2010 I
1126 1988 1163 2024 p.
1178 1977 1230 2015 36
1254 1975 1391 2025 placet,
1406 1974 1533 2011 delere

873 2033 1076 2068 articuhun
1097 2028 1157 2077 τοὶ,
1181 2044 1270 2067 cnm
1291 2028 1392 2069 κατοέ
1433 2029 1532 2082 (pro

872 2086 1001 2139 καθᾰ)
1023 2088 1190 2138 positum
1210 2088 1257 2123 sit
1286 2100 1355 2138 pro
1376 2085 1470 2126 καθ’
1495 2085 1532 2136 δι’,

874 2158 945 2181 nec
981 2145 1138 2182 omniuo
1170 2145 1397 2195 praepositio
1432 2141 1531 2183 κατὰ

873 2201 976 2252 apud
1004 2199 1244 2237 Herodotum
1273 2214 1359 2237 eam
1390 2199 1533 2238 admit-

871 2265 925 2295 tat
937 2259 1081 2295 relativi
1091 2258 1268 2304 formam,
1293 2270 1389 2308 quae
1406 2270 1426 2293 a
1437 2270 1533 2294 con-

872 2322 1030 2352 sonante
1066 2315 1234 2364 incipiat.
1292 2316 1369 2351 Nos
1400 2321 1532 2351 contra

872 2371 983 2409 codd.
1016 2370 1111 2407 nihil
1147 2372 1186 2406 in
1216 2371 1353 2408 talibus
1384 2371 1531 2408 immu-

870 2435 950 2465 tare
971 2429 1051 2464 ausi
1070 2440 1213 2464 sumus.

1099 2518 1191 2568 Cap.
1212 2517 1300 2553 XII.

929 2597 1110 2643 Παίονας
1156 2590 1296 2635 ἑλόντα
1344 2589 1527 2632 &voconti-

870 2666 986 2700 στους
1005 2653 1196 2704 ποιῆσαι]
1230 2654 1287 2688 De
1318 2650 1389 2687 hac
1419 2651 1528 2687 locu-

867 2712 972 2747 tione.
1009 2711 1230 2746 monuimus
1261 2707 1309 2745 ad
1339 2708 1402 2754 IV,
1433 2705 1527 2746 204.

867 2766 1054 2804 Videntur
1074 2765 1230 2803 Paeones
1251 2763 1435 2801 Herodoti
1459 2774 1524 2796 ae-

866 2830 942 2860 tate
981 2836 1138 2860 omnem
1171 2822 1335 2858 tenuisse
1364 2823 1525 2855 tractum

1226 2880 1251 2916 2
