1897 3340
28 0 38 96 <2-.-‹,=

12 1110 161 1155 13⁰

21 1431 35 1488 kt

21 1510 24 1527 t

557 183 1182 226 POLYMNIA.V11.
1412 189 1494 228 487

235 299 339 351 ,που
376 297 566 353 πόλεμον
605 296 697 350 ἐμοὶ
738 292 922 349 ἠθέλησε
952 291 1252 347 συμβαλέσθαι
1281 290 1494 346 χρήματα,

205 368 343 420 2,,ἔξω
363 369 452 410 σεῦ.
492 363 545 408 σύ
574 364 619 408 δὲ
648 362 720 406 καὶ
749 360 955 413 ἐξείνισας
984 358 1180 415 μεγάλως
1211 358 1396 413 στρατὸν
1419 361 1496 402 τὸν

233 435 391 490 ,,ἒμόν,
437 432 510 476 καὶ
547 428 742 485 χρήματα
779 427 943 483 μεγάλα
981 427 1266 483 ἐπαγγέλλεαι.
1330 427 1402 469 σοὶ
1433 421 1495 470 ὦν

234 504 344 558 ,ἐγώ
384 499 479 544 ἀντὶ
519 495 663 540 αὐτῶν
697 496 824 551 γέρεα
860 495 1005 539 τοιάδε
1048 498 1235 550 δίδωμι·
1275 494 1419 547 ξεῖνόν
1453 501 1552 538 τε35

233 581 307 621 ,,σε
343 571 546 621 ποιεῦμαι
575 563 702 618 ἐμόν,
742 565 816 608 καὶ
854 563 932 616 τὰς
975 564 1254 617 τετρακοσίας
1280 563 1497 618 μυριάδας

233 653 325 688 „voc
353 638 439 677 τῶν
468 629 692 685 στατήρων
727 630 963 688 ἀποπλήσω
994 631 1090 686 παρ’
1123 632 1357 688 ἐμεωυτοῦ,
1389 630 1497 681 δούς

231 702 333 756 „wig
361 698 464 744 ’ἑπτα
493 697 708 754 χιλιάδας·
741 702 814 744 ἴνα
843 700 900 756 μή
931 717 998 743 τοι
1020 700 1205 751 ἐπιδεέες
1225 700 1326 743 ἔωσι
1356 700 1402 742 αἱ
1429 714 1496 742 τε-

229 769 481 825 ,,τρακόσιαι
510 765 718 823 μυριάδες
746 766 852 812 ἑπτα
882 770 1133 824 χιλιαδὲωυ,
1174 766 1264 812 ἀλλ’
1296 763 1324 825 ᾖ
1354 784 1424 811 τοι
1453 766 1497 810 ἀ-

198 837 516 892 3,,παρτιλογίη
547 834 621 879 ὑπ’
655 836 754 892 ἐμέο
785 838 1112 893 πεπληρωμένη.
1144 833 1324 892 κέκτησό
1355 852 1399 878 τε
1412 834 1492 878 αὐ-
1507 839 1552 875 40

227 903 328 957 ,,το“ς
357 903 411 947 τοὶ
439 920 519 959 περ
559 902 691 957 αὐτός
717 903 926 961 ἐκτήσαο,
959 904 1161 949 ἐπίστασό
1189 921 1234 949 τε
1272 902 1385 946 εἶναι
1415 903 1497 946 αἰεὶ

229 977 477 1024 ,,τοιοῦτος·
528 972 583 1017 οὐ
611 973 696 1029 γάρ
727 991 795 1018 τοι
824 977 962 1017 ταῦτα
991 975 1211 1026 ποιεῦντι,
1243 971 1342 1016 οὔτε
1374 971 1416 1021 ἐς
1445 969 1494 1013 τό

229 1040 444 1095 ,,παρεόν,
476 1040 575 1085 οὔτε
606 1042 649 1093 ἐς
676 1041 841 1098 χρόνον
872 1039 1189 1097 μεταμελήσει.“

227 1428 500 1482 συμβαλέσθαι
521 1427 727 1483 χρήματα]
751 1433 776 1470 ἰ.
800 1446 832 1471 e.

161 1491 331 1538 pecunias
364 1488 543 1538 conferre,
581 1490 749 1538 tribuere,
791 1496 835 1526 ut

168 1545 234 1592 III,
262 1545 338 1585 135
354 1574 363 1592 ,
392 1545 458 1581 ubi
479 1544 555 1582 vid.
576 1553 671 1582 nott.
694 1568 749 1573 ——
788 1548 833 1582 In

170 1602 345 1651 proxime
365 1614 470 1652 seqq.
493 1614 582 1637 cum
602 1601 783 1639 Matthiae
796 1610 834 1640 et

169 1656 350 1694 Bekkero
371 1659 515 1694 restitui
535 1657 746 1708 ἐξείνισας,
767 1660 833 1696 ubi

171 1713 398 1751 Schaeserus
420 1715 589 1762 ξείνισας
610 1723 647 1752 et
666 1729 735 1767 pro
757 1712 833 1756 αὕ-

170 1769 268 1809 τέων
290 1770 379 1807 dedi
400 1766 548 1811 αὐτῶν.

227 1823 356 1874 ξεῖνόν
379 1841 418 1865 τε
440 1839 481 1866 σε
501 1829 692 1877 ποιεῦμαι
713 1825 828 1877 ἐμόν]

171 1884 374 1920 Persarum
394 1896 500 1933 reges
514 1885 573 1920 vel
591 1897 680 1920 cum
701 1885 834 1934 singu—

170 1940 214 1976 lis
234 1941 387 1990 privatis
401 1938 638 1988 hominibus,
669 1939 718 1977 ad
739 1954 834 1992 quos

172 1996 423 2044 diverterant,
453 1996 660 2047 hospitium
681 2005 834 2034 contra—

170 2054 291 2100 xisse,
322 2054 432 2103 plura
453 2053 591 2090 docent
615 2055 791 2105 exempla
813 2067 835 2091 a

171 2111 362 2147 Brissonio
392 2111 450 2146 De
484 2123 563 2160 reg.
586 2112 689 2147 Pers.
713 2113 833 2161 prino.

171 2168 201 2214 1,
230 2169 299 2206 161
337 2167 461 2203 allata.
519 2167 581 2203 Ad
610 2181 723 2204 voces
744 2163 835 2219 παρ’

173 2221 372 2272 ἐμεωυτοῦ
394 2224 495 2262 conf.
519 2223 654 2261 Matth.
683 2226 749 2261 Gr.
766 2226 832 2263 Gr.

174 2292 261 2329 pag.
289 2282 411 2319 1172.

232 2329 314 2372 ἀλλ’
333 2329 360 2387 ’ᾗ
391 2350 452 2374 τοι
482 2331 742 2388 ἀπαρτιλογίη
765 2333 834 2376 ’ὑπ’

178 2388 267 2437 ἐμέο
308 2391 623 2442 πεπληρωμένη]
671 2389 835 2445 ἄπαρτι-

179 2445 290 2497 λογίῃ
312 2446 576 2485 Grammaticis
592 2450 744 2487 Graecis
766 2464 836 2486 eX—

179 2502 333 2550 ponitur
353 2497 638 2553 α’πηρτισμένος
659 2505 723 2544 καὶ
735 2509 836 2556 πλη-

181 2553 254 2606 ρής
289 2552 464 2608 ἀριθμὸς
501 2572 530 2596 s.
560 2555 688 2611 λόγος.
748 2562 836 2599 Vid.

181 2612 346 2663 Hesych.
367 2616 383 2649 Ι
404 2628 492 2664 pag.
513 2614 595 2655 428
620 2617 749 2668 ibique
764 2619 835 2654 Al-

179 2669 296 2713 berfi,
331 2671 397 2720 qui
429 2672 525 2707 bene
552 2679 703 2719 monet,
735 2673 836 2723 apud

181 2725 420 2763 Herodotum
450 2726 524 2764 hoc
553 2726 627 2764 dici
655 2728 702 2765 de
723 2730 838 2767 solida

183 2783 391 2832 integraque
413 2796 560 2822 summa.
626 2783 736 2823 Suid.
754 2787 773 2822 1
798 2800 837 2838 p.

321 1112 472 1152 Ταῦτα
502 1108 547 1152 δὲ
577 1111 712 1163 εἴπας,
744 1110 817 1153 καὶ
849 1109 1039 1153 ἐπιτελέα
1062 1106 1261 1162 ποιήσας,
1291 1105 1495 1161 ἐπορεύε-
1552 1116 1689 1178 [mettius
1708 1118 1829 1178 itffilex-

224 1192 273 1220 το
313 1177 395 1220 αἰεὶ
430 1175 479 1219 τὸ
518 1174 684 1231 πρόσω.
732 1177 901 1221 ’Ἀναυα
928 1179 974 1221 δὲ
1004 1173 1272 1230 καλεομένην
1305 1160 1829 1231 Φρυγῶν45Ξῖἓῖηυέοῃιῗζαῑξέιῖ

224 1243 356 1288 πόλιν
392 1244 798 1302 παραμειβόμενος,
828 1245 902 1290 καὶ
930 1246 1089 1302 λίμνην
1119 1243 1166 1288 ἐκ
1194 1247 1272 1299 τῆς
1302 1243 1399 1295 ἅλες
1428 1245 1489 1299 γί-

891 1429 986 1472 248.
1016 1428 1184 1466 Bekkeri
1211 1427 1387 1467 Anecdd.
1415 1430 1433 1465 Ι
1466 1442 1554 1480 pag,

893 1486 974 1528 416
1006 1495 1043 1524 et
1073 1487 1174 1526 conf.
1206 1494 1303 1524 nott.
1334 1486 1383 1523 ad
1412 1486 1554 1523 Herod.

889 1546 938 1592 11,
964 1544 1057 1585 158.

945 1595 1113 1649 κέκτησό
1134 1614 1174 1639 τε
1195 1594 1312 1645 αὐτὸς
1329 1594 1377 1637 τά
1390 1612 1463 1650 περ
1479 1592 1556 1637 αὕ-

889 1653 951 1703 τὸς
968 1654 1166 1709 ἐκτήσαο]
1198 1658 1222 1693 i.
1246 1669 1279 1692 e.
1304 1659 1337 1693 et
1360 1656 1453 1692 solus
1471 1668 1555 1704 pos-

888 1714 1025 1762 sideto,
1084 1727 1173 1763 quae
1225 1716 1367 1750 tutemet
1396 1713 1465 1749 tibi
1487 1724 1556 1761 pa-

888 1772 992 1807 rasti.
1050 1772 1108 1807 Ita
1153 1768 1336 1809 Valcken.
1372 1768 1420 1805 de
1448 1769 1554 1806 verbi

888 1829 1061 1865 κτᾶσθαι
1082 1827 1238 1863 notione
1259 1838 1476 1876 exponens,
1507 1823 1555 1861 de

891 1896 966 1934 qua
982 1884 1091 1934 plura
1106 1882 1183 1920 vid.
1201 1881 1303 1933 apud
1325 1880 1484 1932 Raphel.
1507 1880 1555 1917 ad

889 1941 984 1976 Luc.
1020 1941 1106 1986 XII,
1132 1942 1182 1979 12
1212 1946 1248 1976 et
1281 1940 1474 1976 Wetsten.
1506 1936 1555 1975 ad

889 1994 1025 2033 Matth.
1057 1997 1107 2043 X,
1142 1998 1180 2035 9.
1215 2017 1267 2022 —-
1305 1996 1350 2031 In
1380 1995 1555 2045 proxime

890 2066 997 2104 seqq.
1018 2052 1057 2098 ἐς
1088 2050 1130 2091 τό
1156 2047 1300 2103 παρεὸν
1329 2053 1430 2089 valet
1449 2064 1552 2098 nunc,

890 2112 927 2147 in
952 2111 1169 2160 praesentia,
1186 2116 1227 2145 ut
1248 2109 1346 2155 VIII,
1369 2111 1461 2149 109.
1483 2109 1552 2155 IX,

890 2168 941 2206 7.·
972 2165 1012 2213 ἐς
1036 2163 1180 2216 χρόνον
1198 2167 1449 2215 inposterum,
1480 2177 1555 2200 no-

890 2229 994 2259 tante
1027 2221 1194 2259 Fischer.
1226 2221 1274 2258 ad
1303 2222 1465 2260 Weller.
1501 2222 1553 2257 111

890 2292 979 2330 pag.
1034 2279 1124 2320 157.
1194 2280 1285 2315 Eius
1324 2279 1409 2315 loco
1449 2277 1554 2330 quod

890 2337 930 2372 in
952 2336 1101 2372 duobus
1123 2335 1235 2373 codd.
1266 2336 1403 2372 Parlss.
1435 2340 1555 2372 exstat

890 2392 930 2440 ἐς
949 2390 991 2433 τὸ
1016 2391 1170 2444 μέλλον,
1190 2393 1356 2443 glossam
1377 2394 1486 2443 sapit.

1108 2517 1200 2568 cap.
1216 2517 1345 2553 XXX.

937 2615 1126 2667 ”Αναυα]
1142 2620 1239 2655 Hinc
1260 2617 1369 2655 affert
1387 2614 1553 2666 Stepha-

891 2687 963 2710 nus
1003 2677 1164 2727 Byzant.
1194 2689 1224 2712 s.
1255 2689 1292 2712 v.
1331 2686 1418 2724 pag.
1462 2673 1552 2711 128-

891 2731 1008 2767 Plura
1063 2731 1243 2785 equidem
1291 2730 1424 2767 afferre
1474 2740 1553 2763 non

892 2784 1031 2824 habeo.

1553 1222 1666 1246 Anaua:
1683 1222 1808 1258 propter

1549 1253 1632 1280 lacus
1646 1253 1720 1280 salis
1732 1254 1827 1279 lerax.

1554 1287 1718 1314 Colossae:
1739 1286 1789 1312 ubi

1549 1323 1653 1349 terrae
1678 1319 1795 1355 hiatus,
