<?xml version="1.0" encoding="UTF-8"?>
<!DOCTYPE html PUBLIC "-//W3C//DTD XHTML 1.0 Transitional//EN"
    "http://www.w3.org/TR/xhtml1/DTD/xhtml1-transitional.dtd">
<html xmlns="http://www.w3.org/1999/xhtml" xml:lang="en" lang="en">
 <head>
  <title>
</title>
<meta http-equiv="Content-Type" content="text/html;charset=utf-8" />
  <meta name='ocr-system' content='tesseract 3.04.00' />
  <meta name='ocr-capabilities' content='ocr_page ocr_carea ocr_par ocr_line ocrx_word'/>
</head>
<body>
  <div class='ocr_page' id='page_1' title='image "./musaeher03hero/musaeher03hero_0683.png"; bbox 0 0 1897 3340; ppageno 0'>
   <div class='ocr_carea' id='block_1_1' title="bbox 512 160 990 201">
    <p class='ocr_par' dir='ltr' id='par_1_1' title="bbox 512 160 990 201">
     <span class='ocr_line' id='line_1_1' title="bbox 512 160 990 201; baseline -0.008 -2"><span class='ocrx_word' id='word_1_1' title='bbox 512 160 990 201; x_wconf 89' lang='lat' dir='ltr'><strong>POLYMNIA.</strong></span> 
     </span>
    </p>
   </div>
   <div class='ocr_carea' id='block_1_2' title="bbox 1051 159 1458 205">
    <p class='ocr_par' dir='ltr' id='par_1_2' title="bbox 1051 159 1458 205">
     <span class='ocr_line' id='line_1_2' title="bbox 1051 159 1458 205; baseline -0.005 -9"><span class='ocrx_word' id='word_1_2' title='bbox 1051 159 1082 196; x_wconf 92' lang='lat' dir='ltr'>V</span> <span class='ocrx_word' id='word_1_3' title='bbox 1092 161 1108 194; x_wconf 92' lang='grc' dir='ltr'>Ι</span> <span class='ocrx_word' id='word_1_4' title='bbox 1119 162 1147 196; x_wconf 88' lang='grc' dir='ltr'><em>Ι.</em></span> <span class='ocrx_word' id='word_1_5' title='bbox 1375 167 1458 205; x_wconf 69' lang='grc'><em>669</em></span> 
     </span>
    </p>
   </div>
   <div class='ocr_carea' id='block_1_3' title="bbox 193 265 1460 327">
    <p class='ocr_par' dir='ltr' id='par_1_3' title="bbox 193 265 1460 327">
     <span class='ocr_line' id='line_1_3' title="bbox 193 265 1460 327; baseline -0.006 -12"><span class='ocrx_word' id='word_1_6' title='bbox 193 270 352 322; x_wconf 81' lang='grc' dir='ltr'><em>δύντος</em></span> <span class='ocrx_word' id='word_1_7' title='bbox 389 270 518 327; x_wconf 90' lang='grc' dir='ltr'><em>ἡλίου</em></span> <span class='ocrx_word' id='word_1_8' title='bbox 560 270 911 315; x_wconf 76' lang='grc' dir='ltr'><em>ἀπαλλάσσεσθαι</em></span> <span class='ocrx_word' id='word_1_9' title='bbox 955 268 1000 310; x_wconf 77' lang='grc' dir='ltr'><em>ἐκ</em></span> <span class='ocrx_word' id='word_1_10' title='bbox 1037 270 1114 323; x_wconf 87' lang='grc' dir='ltr'><em>τῆς</em></span> <span class='ocrx_word' id='word_1_11' title='bbox 1150 265 1352 322; x_wconf 77' lang='grc' dir='ltr'><em>Ἀργείων</em></span> <span class='ocrx_word' id='word_1_12' title='bbox 1381 273 1460 325; x_wconf 72' lang='grc' dir='ltr'><em>χώ-</em></span> 
     </span>
    </p>
   </div>
   <div class='ocr_carea' id='block_1_4' title="bbox 13 335 1261 476">
    <p class='ocr_par' dir='ltr' id='par_1_4' title="bbox 13 335 1261 476">
     <span class='ocr_line' id='line_1_4' title="bbox 13 335 1261 476; baseline -0.006 -88"><span class='ocrx_word' id='word_1_13' title='bbox 13 339 124 476; x_wconf 56' lang='grc'><em>1150</em></span> <span class='ocrx_word' id='word_1_14' title='bbox 192 354 296 395; x_wconf 84' lang='grc' dir='ltr'><em>ρης·</em></span> <span class='ocrx_word' id='word_1_15' title='bbox 339 341 375 383; x_wconf 83' lang='grc' dir='ltr'><em>εἰ</em></span> <span class='ocrx_word' id='word_1_16' title='bbox 417 340 463 382; x_wconf 79' lang='grc' dir='ltr'><em>δὲ</em></span> <span class='ocrx_word' id='word_1_17' title='bbox 502 338 585 396; x_wconf 78' lang='grc' dir='ltr'><em>μὴ,</em></span> <span class='ocrx_word' id='word_1_18' title='bbox 615 338 899 392; x_wconf 79' lang='grc' dir='ltr'><em>περιέψεσθαι</em></span> <span class='ocrx_word' id='word_1_19' title='bbox 930 335 988 387; x_wconf 77' lang='grc' dir='ltr'><em>ὦς</em></span> <span class='ocrx_word' id='word_1_20' title='bbox 1011 337 1261 388; x_wconf 81' lang='grc' dir='ltr'><em>πολεμίους.</em></span> 
     </span>
    </p>
   </div>
   <div class='ocr_carea' id='block_1_5' title="bbox 1320 337 1785 381">
    <p class='ocr_par' dir='ltr' id='par_1_5' title="bbox 1320 337 1785 381">
     <span class='ocr_line' id='line_1_5' title="bbox 1320 337 1785 381; baseline 0.026 -25"><span class='ocrx_word' id='word_1_21' title='bbox 1320 337 1459 381; x_wconf 67' lang='grc' dir='ltr'><em>Αὐτοὶ</em></span> <span class='ocrx_word' id='word_1_22' title='bbox 1470 346 1567 379; x_wconf 60' lang='lat'><strong>60³⁰¹¹</strong></span> <span class='ocrx_word' id='word_1_23' title='bbox 1595 339 1672 372; x_wconf 83' lang='lat' dir='ltr'>quod</span> <span class='ocrx_word' id='word_1_24' title='bbox 1694 342 1785 375; x_wconf 78' lang='lat' dir='ltr'><em>parti-</em></span> 
     </span>
    </p>
   </div>
   <div class='ocr_carea' id='block_1_6' title="bbox 1516 373 1753 400">
    <p class='ocr_par' dir='ltr' id='par_1_6' title="bbox 1516 373 1753 400">
     <span class='ocr_line' id='line_1_6' title="bbox 1516 373 1753 400; baseline 0.013 -3"><span class='ocrx_word' id='word_1_25' title='bbox 1516 373 1567 398; x_wconf 69' lang='lat' dir='ltr'><em>bns</em></span> <span class='ocrx_word' id='word_1_26' title='bbox 1592 373 1753 400; x_wconf 73' lang='lat' dir='ltr'>Persarum</span> 
     </span>
    </p>
   </div>
   <div class='ocr_carea' id='block_1_7' title="bbox 158 402 1784 734">
    <p class='ocr_par' dir='ltr' id='par_1_7' title="bbox 158 402 1784 734">
     <span class='ocr_line' id='line_1_7' title="bbox 187 402 1784 463; baseline -0.003 -12"><span class='ocrx_word' id='word_1_27' title='bbox 187 408 267 463; x_wconf 79' lang='grc' dir='ltr'><em>μὲν</em></span> <span class='ocrx_word' id='word_1_28' title='bbox 308 406 492 463; x_wconf 79' lang='grc' dir='ltr'><em>Ἀργεῖοι</em></span> <span class='ocrx_word' id='word_1_29' title='bbox 529 411 723 450; x_wconf 79' lang='grc' dir='ltr'><em>τοσαῦτα</em></span> <span class='ocrx_word' id='word_1_30' title='bbox 751 404 923 449; x_wconf 82' lang='grc' dir='ltr'><em>τούτων</em></span> <span class='ocrx_word' id='word_1_31' title='bbox 952 403 1052 458; x_wconf 89' lang='grc' dir='ltr'><em>πέρι</em></span> <span class='ocrx_word' id='word_1_32' title='bbox 1092 403 1282 459; x_wconf 88' lang='grc' dir='ltr'><em>λέγουσι.</em></span> <span class='ocrx_word' id='word_1_33' title='bbox 1332 402 1455 448; x_wconf 72' lang='grc' dir='ltr'><em>’Ἐστι</em></span> <span class='ocrx_word' id='word_1_34' title='bbox 1513 405 1784 435; x_wconf 56' lang='lat' dir='ltr'><em>‘&#39;⁰⁰⁰¹tesffl&#39;0‘0111·</em></span> 
     </span>
     <span class='ocr_line' id='line_1_8' title="bbox 187 470 1459 531; baseline -0.005 -11"><span class='ocrx_word' id='word_1_35' title='bbox 187 477 234 520; x_wconf 78' lang='grc' dir='ltr'><em>δὲ</em></span> <span class='ocrx_word' id='word_1_36' title='bbox 253 475 383 527; x_wconf 80' lang='grc' dir='ltr'><em>ἄλλος</em></span> <span class='ocrx_word' id='word_1_37' title='bbox 414 474 543 531; x_wconf 81' lang='grc' dir='ltr'><em>λόγος</em></span> <span class='ocrx_word' id='word_1_38' title='bbox 572 473 802 529; x_wconf 86' lang='grc' dir='ltr'><em>λεγόμενος</em></span> <span class='ocrx_word' id='word_1_39' title='bbox 823 472 908 517; x_wconf 75' lang='grc' dir='ltr'><em>α’νοὲ</em></span> <span class='ocrx_word' id='word_1_40' title='bbox 931 473 1010 529; x_wconf 80' lang='grc' dir='ltr'><em>τὴν</em></span> <span class='ocrx_word' id='word_1_41' title='bbox 1033 471 1230 526; x_wconf 82' lang='grc' dir='ltr'><em>Ἑλλάδα,</em></span> <span class='ocrx_word' id='word_1_42' title='bbox 1265 470 1324 522; x_wconf 76' lang='grc' dir='ltr'><em>ὦς</em></span> <span class='ocrx_word' id='word_1_43' title='bbox 1355 472 1459 527; x_wconf 80' lang='grc' dir='ltr'><em>Ξέρ-</em></span> 
     </span>
     <span class='ocr_line' id='line_1_9' title="bbox 188 538 1459 600; baseline -0.004 -12"><span class='ocrx_word' id='word_1_44' title='bbox 188 545 261 600; x_wconf 81' lang='grc' dir='ltr'><em>ξης</em></span> <span class='ocrx_word' id='word_1_45' title='bbox 292 544 448 599; x_wconf 78' lang='grc' dir='ltr'><em>ἔπεμψε</em></span> <span class='ocrx_word' id='word_1_46' title='bbox 483 543 653 599; x_wconf 80' lang='grc' dir='ltr'><em>κήρυκα</em></span> <span class='ocrx_word' id='word_1_47' title='bbox 691 540 934 598; x_wconf 78' lang='grc' dir='ltr'><em>ές”Αργος,</em></span> <span class='ocrx_word' id='word_1_48' title='bbox 965 539 1183 597; x_wconf 82' lang='grc' dir='ltr'><em>πρότερον</em></span> <span class='ocrx_word' id='word_1_49' title='bbox 1211 540 1240 597; x_wconf 80' lang='grc' dir='ltr'><strong><em>ἦ</em></strong></span> <span class='ocrx_word' id='word_1_50' title='bbox 1270 555 1352 593; x_wconf 81' lang='grc' dir='ltr'><em>περ</em></span> <span class='ocrx_word' id='word_1_51' title='bbox 1382 538 1459 594; x_wconf 88' lang='grc' dir='ltr'><em>ὁρ-</em></span> 
     </span>
     <span class='ocr_line' id='line_1_10' title="bbox 158 602 1460 669; baseline 0 -17"><span class='ocrx_word' id='word_1_52' title='bbox 158 602 342 669; x_wconf 70' lang='grc' dir='ltr'><em>Ξμῆσαι</em></span> <span class='ocrx_word' id='word_1_53' title='bbox 372 609 684 665; x_wconf 78' lang='grc' dir='ltr'><em>στρατεύεσθαι</em></span> <span class='ocrx_word' id='word_1_54' title='bbox 723 609 792 652; x_wconf 78' lang='grc' dir='ltr'><em>ἐπὶ</em></span> <span class='ocrx_word' id='word_1_55' title='bbox 821 609 903 666; x_wconf 76' lang='grc' dir='ltr'><em>τήν</em></span> <span class='ocrx_word' id='word_1_56' title='bbox 940 608 1136 651; x_wconf 75' lang='grc' dir='ltr'><em>Ἑλλάδα.</em></span> <span class='ocrx_word' id='word_1_57' title='bbox 1186 606 1374 651; x_wconf 79' lang='grc' dir='ltr'><em>ἐλθόντα</em></span> <span class='ocrx_word' id='word_1_58' title='bbox 1413 608 1460 652; x_wconf 78' lang='grc' dir='ltr'><em>δὲ</em></span> 
     </span>
     <span class='ocr_line' id='line_1_11' title="bbox 190 674 1461 734; baseline -0.005 -10"><span class='ocrx_word' id='word_1_59' title='bbox 190 684 353 724; x_wconf 81' lang='grc' dir='ltr'><em>τοῦτον</em></span> <span class='ocrx_word' id='word_1_60' title='bbox 394 679 558 734; x_wconf 79' lang='grc' dir='ltr'><em>λέγεται</em></span> <span class='ocrx_word' id='word_1_61' title='bbox 599 675 736 721; x_wconf 75' lang='grc' dir='ltr'><em>εἶπαι·</em></span> <span class='ocrx_word' id='word_1_62' title='bbox 792 677 998 732; x_wconf 82' lang='grc' dir='ltr'><em>,,”Ανδρες</em></span> <span class='ocrx_word' id='word_1_63' title='bbox 1037 675 1218 732; x_wconf 84' lang='grc' dir='ltr'><em>Ἀργεῖοι</em></span> <span class='ocrx_word' id='word_1_64' title='bbox 1257 674 1461 732; x_wconf 81' lang='grc' dir='ltr'><em>βασιλεὺς</em></span> 
     </span>
    </p>
   </div>
   <div class='ocr_carea' id='block_1_8' title="bbox 191 745 791 815">
    <p class='ocr_par' dir='ltr' id='par_1_8' title="bbox 191 745 791 815">
     <span class='ocr_line' id='line_1_12' title="bbox 191 745 791 815; baseline -0.018 -16"><span class='ocrx_word' id='word_1_65' title='bbox 191 747 380 803; x_wconf 65' lang='grc' dir='ltr'><em>’,Ξέρξης</em></span> <span class='ocrx_word' id='word_1_66' title='bbox 400 746 502 790; x_wconf 82' lang='grc' dir='ltr'><em>τάδε</em></span> <span class='ocrx_word' id='word_1_67' title='bbox 514 746 639 815; x_wconf 29' lang='grc' dir='ltr'><em>κὺμῖν</em></span> <span class='ocrx_word' id='word_1_68' title='bbox 667 745 791 801; x_wconf 81' lang='grc' dir='ltr'><em>λέγει.</em></span> 
     </span>
    </p>
   </div>
   <div class='ocr_carea' id='block_1_9' title="bbox 845 743 1516 800">
    <p class='ocr_par' dir='ltr' id='par_1_9' title="bbox 845 743 1516 800">
     <span class='ocr_line' id='line_1_13' title="bbox 845 743 1516 800; baseline -0.003 -13"><span class='ocrx_word' id='word_1_69' title='bbox 845 744 992 800; x_wconf 48' lang='lat' dir='ltr'><em>‘Hunis</em></span> <span class='ocrx_word' id='word_1_70' title='bbox 1020 746 1254 799; x_wconf 80' lang='grc' dir='ltr'><em>νομίζομεν</em></span> <span class='ocrx_word' id='word_1_71' title='bbox 1282 743 1516 800; x_wconf 83' lang='grc' dir='ltr'><em>Πέρσην65</em></span> 
     </span>
    </p>
   </div>
   <div class='ocr_carea' id='block_1_10' title="bbox 161 811 1516 1213">
    <p class='ocr_par' dir='ltr' id='par_1_10' title="bbox 161 811 1516 1213">
     <span class='ocr_line' id='line_1_14' title="bbox 190 811 1461 871; baseline -0.003 -13"><span class='ocrx_word' id='word_1_72' title='bbox 190 813 344 869; x_wconf 79' lang='grc' dir='ltr'><em>,,εἶναι,</em></span> <span class='ocrx_word' id='word_1_73' title='bbox 375 811 444 858; x_wconf 81' lang='grc' dir='ltr'><em>ἀπ’</em></span> <span class='ocrx_word' id='word_1_74' title='bbox 477 816 531 858; x_wconf 85' lang='grc' dir='ltr'><em>οὐ</em></span> <span class='ocrx_word' id='word_1_75' title='bbox 560 815 682 871; x_wconf 82' lang='grc' dir='ltr'><em>ἡμεῖς</em></span> <span class='ocrx_word' id='word_1_76' title='bbox 708 811 957 869; x_wconf 78' lang='grc' dir='ltr'><em>γεγόναμεν,</em></span> <span class='ocrx_word' id='word_1_77' title='bbox 988 814 1124 856; x_wconf 78' lang='grc' dir='ltr'><em>παῖδα</em></span> <span class='ocrx_word' id='word_1_78' title='bbox 1155 811 1347 867; x_wconf 77' lang='grc' dir='ltr'><em>Περσέος</em></span> <span class='ocrx_word' id='word_1_79' title='bbox 1380 815 1461 855; x_wconf 82' lang='grc' dir='ltr'><em>τοῦ</em></span> 
     </span>
     <span class='ocr_line' id='line_1_15' title="bbox 161 872 1461 940; baseline -0.003 -15"><span class='ocrx_word' id='word_1_80' title='bbox 161 882 415 940; x_wconf 69' lang='grc' dir='ltr'><em>3,,Λανάης,</em></span> <span class='ocrx_word' id='word_1_81' title='bbox 443 882 654 939; x_wconf 80' lang='grc' dir='ltr'><em>γεγονότα</em></span> <span class='ocrx_word' id='word_1_82' title='bbox 684 881 731 925; x_wconf 80' lang='grc' dir='ltr'><em>ἐκ</em></span> <span class='ocrx_word' id='word_1_83' title='bbox 753 878 1012 936; x_wconf 82' lang='grc' dir='ltr'><em>τῆςΚηφέος</em></span> <span class='ocrx_word' id='word_1_84' title='bbox 1033 872 1259 935; x_wconf 76' lang='grc' dir='ltr'><em>θυγατρός</em></span> <span class='ocrx_word' id='word_1_85' title='bbox 1284 877 1461 932; x_wconf 80' lang='grc' dir='ltr'><em>Ἀνδρο-</em></span> 
     </span>
     <span class='ocr_line' id='line_1_16' title="bbox 189 945 1461 1009; baseline -0.005 -13"><span class='ocrx_word' id='word_1_86' title='bbox 189 951 360 1009; x_wconf 85' lang='grc' dir='ltr'><em>,,μέδης.</em></span> <span class='ocrx_word' id='word_1_87' title='bbox 399 951 515 995; x_wconf 79' lang='grc' dir='ltr'><em>οὕτω</em></span> <span class='ocrx_word' id='word_1_88' title='bbox 539 949 594 994; x_wconf 79' lang='grc' dir='ltr'><em>ἂν</em></span> <span class='ocrx_word' id='word_1_89' title='bbox 625 945 688 993; x_wconf 71' lang='grc' dir='ltr'><em>ὦν</em></span> <span class='ocrx_word' id='word_1_90' title='bbox 711 950 855 1004; x_wconf 81' lang='grc' dir='ltr'><em>εἴημεν</em></span> <span class='ocrx_word' id='word_1_91' title='bbox 877 946 1081 1003; x_wconf 80' lang='grc' dir='ltr'><em>ὑμέτεροι</em></span> <span class='ocrx_word' id='word_1_92' title='bbox 1102 945 1328 1003; x_wconf 77' lang='grc' dir='ltr'><em>ἀπόγονοι.</em></span> <span class='ocrx_word' id='word_1_93' title='bbox 1360 945 1461 990; x_wconf 81' lang='grc' dir='ltr'><em>οὔτε</em></span> 
     </span>
     <span class='ocr_line' id='line_1_17' title="bbox 190 1014 1460 1076; baseline -0.005 -13"><span class='ocrx_word' id='word_1_94' title='bbox 190 1015 282 1073; x_wconf 62' lang='lat' dir='ltr'><em>„div</em></span> <span class='ocrx_word' id='word_1_95' title='bbox 309 1018 445 1076; x_wconf 84' lang='grc' dir='ltr'><em>ἡμέας</em></span> <span class='ocrx_word' id='word_1_96' title='bbox 474 1018 594 1070; x_wconf 85' lang='grc' dir='ltr'><em>οἰκὸς</em></span> <span class='ocrx_word' id='word_1_97' title='bbox 624 1017 693 1061; x_wconf 76' lang='grc' dir='ltr'><em>ἐπὶ</em></span> <span class='ocrx_word' id='word_1_98' title='bbox 720 1015 826 1067; x_wconf 79' lang='grc' dir='ltr'><em>τούς</em></span> <span class='ocrx_word' id='word_1_99' title='bbox 854 1014 1094 1072; x_wconf 78' lang='grc' dir='ltr'><em>ἡμετέρους</em></span> <span class='ocrx_word' id='word_1_100' title='bbox 1122 1014 1375 1071; x_wconf 87' lang='grc' dir='ltr'><em>προγόνους</em></span> <span class='ocrx_word' id='word_1_101' title='bbox 1395 1015 1460 1058; x_wconf 83' lang='grc' dir='ltr'><em>ἐκ-</em></span> 
     </span>
     <span class='ocr_line' id='line_1_18' title="bbox 190 1082 1516 1143; baseline -0.005 -12"><span class='ocrx_word' id='word_1_102' title='bbox 190 1086 555 1143; x_wconf 77' lang='grc' dir='ltr'><em>,,στρατεύεσθαι,</em></span> <span class='ocrx_word' id='word_1_103' title='bbox 610 1084 711 1129; x_wconf 80' lang='grc' dir='ltr'><em>οὔτε</em></span> <span class='ocrx_word' id='word_1_104' title='bbox 757 1084 892 1140; x_wconf 80' lang='grc' dir='ltr'><em>ὑμέας</em></span> <span class='ocrx_word' id='word_1_105' title='bbox 930 1082 1100 1128; x_wconf 79' lang='grc' dir='ltr'><em>ἄλλοισι</em></span> <span class='ocrx_word' id='word_1_106' title='bbox 1148 1082 1454 1140; x_wconf 80' lang='grc' dir='ltr'><em>τιμωρέοντας,</em></span> <span class='ocrx_word' id='word_1_107' title='bbox 1469 1090 1516 1124; x_wconf 90' lang='grc'><em>70</em></span> 
     </span>
     <span class='ocr_line' id='line_1_19' title="bbox 189 1149 1460 1213; baseline -0.004 -13"><span class='ocrx_word' id='word_1_108' title='bbox 189 1154 325 1213; x_wconf 86' lang='grc' dir='ltr'><em>,,ἡμῖν</em></span> <span class='ocrx_word' id='word_1_109' title='bbox 368 1152 597 1208; x_wconf 76' lang='grc' dir='ltr'><em>ἀντιξόους</em></span> <span class='ocrx_word' id='word_1_110' title='bbox 623 1152 840 1211; x_wconf 78' lang='grc' dir='ltr'><em>γενέσθαι,</em></span> <span class='ocrx_word' id='word_1_111' title='bbox 882 1151 989 1196; x_wconf 71' lang='grc' dir='ltr'><em>ἀλλὰ</em></span> <span class='ocrx_word' id='word_1_112' title='bbox 1021 1151 1119 1208; x_wconf 87' lang='grc' dir='ltr'><em>παρ’</em></span> <span class='ocrx_word' id='word_1_113' title='bbox 1148 1149 1257 1210; x_wconf 73' lang='grc' dir='ltr'><em>ὑμῖν</em></span> <span class='ocrx_word' id='word_1_114' title='bbox 1287 1150 1460 1196; x_wconf 84' lang='grc' dir='ltr'><em>αὐτοῖσι</em></span> 
     </span>
    </p>
   </div>
   <div class='ocr_carea' id='block_1_11' title="bbox 136 1291 408 1296">
    <p class='ocr_par' dir='ltr' id='par_1_11' title="bbox 136 1291 408 1296">
     <span class='ocr_line' id='line_1_20' title="bbox 136 1291 408 1296; baseline 0 0"><span class='ocrx_word' id='word_1_115' title='bbox 136 1291 408 1296; x_wconf 95' lang='lat' dir='ltr'><em> </em></span> 
     </span>
    </p>
   </div>
   <div class='ocr_carea' id='block_1_12' title="bbox 133 1363 797 1576">
    <p class='ocr_par' dir='ltr' id='par_1_12' title="bbox 133 1363 797 1576">
     <span class='ocr_line' id='line_1_21' title="bbox 133 1363 797 1417; baseline 0 -15"><span class='ocrx_word' id='word_1_116' title='bbox 133 1373 176 1402; x_wconf 85' lang='lat' dir='ltr'><em>ut</em></span> <span class='ocrx_word' id='word_1_117' title='bbox 196 1364 298 1417; x_wconf 82' lang='lat' dir='ltr'>apud</span> <span class='ocrx_word' id='word_1_118' title='bbox 317 1364 459 1404; x_wconf 89' lang='lat' dir='ltr'>Herod.</span> <span class='ocrx_word' id='word_1_119' title='bbox 491 1366 539 1413; x_wconf 82' lang='grc' dir='ltr'><em>ΙΙ,</em></span> <span class='ocrx_word' id='word_1_120' title='bbox 559 1366 652 1407; x_wconf 88' lang='lat'>115.</span> <span class='ocrx_word' id='word_1_121' title='bbox 701 1363 797 1403; x_wconf 90' lang='lat' dir='ltr'>Mihi</span> 
     </span>
     <span class='ocr_line' id='line_1_22' title="bbox 134 1422 797 1471; baseline 0 -10"><span class='ocrx_word' id='word_1_122' title='bbox 134 1424 201 1461; x_wconf 83' lang='lat' dir='ltr'><em>vix</em></span> <span class='ocrx_word' id='word_1_123' title='bbox 229 1436 382 1460; x_wconf 81' lang='lat' dir='ltr'>necesse</span> <span class='ocrx_word' id='word_1_124' title='bbox 394 1422 559 1460; x_wconf 74' lang='lat' dir='ltr'><em>videtur.</em></span> <span class='ocrx_word' id='word_1_125' title='bbox 587 1424 742 1471; x_wconf 85' lang='lat' dir='ltr'><em>Dicunt,</em></span> <span class='ocrx_word' id='word_1_126' title='bbox 762 1435 797 1461; x_wconf 85' lang='lat' dir='ltr'><em>se</em></span> 
     </span>
     <span class='ocr_line' id='line_1_23' title="bbox 135 1483 797 1530; baseline 0.002 -13"><span class='ocrx_word' id='word_1_127' title='bbox 135 1493 189 1517; x_wconf 87' lang='lat' dir='ltr'><em>eos</em></span> <span class='ocrx_word' id='word_1_128' title='bbox 236 1483 452 1518; x_wconf 78' lang='lat' dir='ltr'><em>tractaturos</em></span> <span class='ocrx_word' id='word_1_129' title='bbox 505 1492 576 1517; x_wconf 82' lang='lat' dir='ltr'><em>esse</em></span> <span class='ocrx_word' id='word_1_130' title='bbox 625 1483 797 1530; x_wconf 79' lang='lat' dir='ltr'><em>tanquam</em></span> 
     </span>
     <span class='ocr_line' id='line_1_24' title="bbox 136 1537 259 1576; baseline 0.016 -2"><span class='ocrx_word' id='word_1_131' title='bbox 136 1537 259 1576; x_wconf 59' lang='lat' dir='ltr'><em>hoste&amp;</em></span> 
     </span>
    </p>
   </div>
   <div class='ocr_carea' id='block_1_13' title="bbox 370 1593 561 1645">
    <p class='ocr_par' dir='ltr' id='par_1_13' title="bbox 370 1593 561 1645">
     <span class='ocr_line' id='line_1_25' title="bbox 370 1593 561 1645; baseline -0.005 -14"><span class='ocrx_word' id='word_1_132' title='bbox 370 1595 463 1645; x_wconf 78' lang='lat' dir='ltr'>Cap.</span> <span class='ocrx_word' id='word_1_133' title='bbox 484 1593 561 1631; x_wconf 89' lang='lat' dir='ltr'><em>CL.</em></span> 
     </span>
    </p>
   </div>
   <div class='ocr_carea' id='block_1_14' title="bbox 136 1648 805 2722">
    <p class='ocr_par' dir='ltr' id='par_1_14' title="bbox 136 1648 805 2722">
     <span class='ocr_line' id='line_1_26' title="bbox 192 1648 797 1702; baseline -0.002 -11"><span class='ocrx_word' id='word_1_134' title='bbox 192 1653 367 1691; x_wconf 75' lang='grc' dir='ltr'><em>τοσαῦτα</em></span> <span class='ocrx_word' id='word_1_135' title='bbox 408 1648 564 1691; x_wconf 75' lang='grc' dir='ltr'><em>τούτων</em></span> <span class='ocrx_word' id='word_1_136' title='bbox 604 1649 696 1702; x_wconf 85' lang='grc' dir='ltr'><em>περὶ</em></span> <span class='ocrx_word' id='word_1_137' title='bbox 733 1649 797 1690; x_wconf 82' lang='grc' dir='ltr'><em>λε’-</em></span> 
     </span>
     <span class='ocr_line' id='line_1_27' title="bbox 136 1703 798 1760; baseline -0.005 -12"><span class='ocrx_word' id='word_1_138' title='bbox 136 1709 281 1760; x_wconf 82' lang='grc' dir='ltr'><em>γουσι]</em></span> <span class='ocrx_word' id='word_1_139' title='bbox 320 1703 472 1748; x_wconf 86' lang='grc' dir='ltr'><em>τούτων</em></span> <span class='ocrx_word' id='word_1_140' title='bbox 507 1707 595 1745; x_wconf 80' lang='lat' dir='ltr'>dedi</span> <span class='ocrx_word' id='word_1_141' title='bbox 614 1721 683 1759; x_wconf 84' lang='lat' dir='ltr'><em>pro</em></span> <span class='ocrx_word' id='word_1_142' title='bbox 704 1723 798 1747; x_wconf 87' lang='grc' dir='ltr'><em>του-</em></span> 
     </span>
     <span class='ocr_line' id='line_1_28' title="bbox 137 1762 800 1812; baseline -0.003 -9"><span class='ocrx_word' id='word_1_143' title='bbox 137 1762 238 1803; x_wconf 83' lang='grc' dir='ltr'><em>τέων</em></span> <span class='ocrx_word' id='word_1_144' title='bbox 255 1794 265 1812; x_wconf 83' lang='grc'>,</span> <span class='ocrx_word' id='word_1_145' title='bbox 303 1772 345 1802; x_wconf 87' lang='lat' dir='ltr'><em>ut</em></span> <span class='ocrx_word' id='word_1_146' title='bbox 386 1765 462 1805; x_wconf 83' lang='lat'><em>151</em></span> <span class='ocrx_word' id='word_1_147' title='bbox 507 1766 590 1803; x_wconf 79' lang='lat' dir='ltr'>init.</span> <span class='ocrx_word' id='word_1_148' title='bbox 649 1766 712 1801; x_wconf 82' lang='lat' dir='ltr'><em>Ex</em></span> <span class='ocrx_word' id='word_1_149' title='bbox 740 1763 800 1801; x_wconf 80' lang='lat' dir='ltr'><em>his</em></span> 
     </span>
     <span class='ocr_line' id='line_1_29' title="bbox 138 1820 800 1860; baseline -0.003 -1"><span class='ocrx_word' id='word_1_150' title='bbox 138 1834 228 1859; x_wconf 84' lang='lat' dir='ltr'>vero</span> <span class='ocrx_word' id='word_1_151' title='bbox 250 1820 404 1860; x_wconf 83' lang='lat' dir='ltr'>diversis</span> <span class='ocrx_word' id='word_1_152' title='bbox 425 1822 703 1858; x_wconf 79' lang='lat' dir='ltr'>narrationibus</span> <span class='ocrx_word' id='word_1_153' title='bbox 732 1833 800 1857; x_wconf 64' lang='lat' dir='ltr'><em>acm</em></span> 
     </span>
     <span class='ocr_line' id='line_1_30' title="bbox 138 1877 801 1927; baseline 0 -13"><span class='ocrx_word' id='word_1_154' title='bbox 138 1884 268 1915; x_wconf 83' lang='lat' dir='ltr'>curate</span> <span class='ocrx_word' id='word_1_155' title='bbox 305 1877 430 1914; x_wconf 77' lang='lat' dir='ltr'>relatis</span> <span class='ocrx_word' id='word_1_156' title='bbox 454 1879 541 1915; x_wconf 85' lang='lat' dir='ltr'>satis</span> <span class='ocrx_word' id='word_1_157' title='bbox 576 1878 801 1927; x_wconf 79' lang='lat' dir='ltr'><em>intelligitur</em></span> 
     </span>
     <span class='ocr_line' id='line_1_31' title="bbox 137 1933 799 1986; baseline -0.003 -14"><span class='ocrx_word' id='word_1_158' title='bbox 137 1935 326 1986; x_wconf 83' lang='lat' dir='ltr'>scriptoris</span> <span class='ocrx_word' id='word_1_159' title='bbox 347 1933 528 1983; x_wconf 82' lang='lat' dir='ltr'><em>studium,</em></span> <span class='ocrx_word' id='word_1_160' title='bbox 555 1933 631 1986; x_wconf 70' lang='lat' dir='ltr'><em>qu&amp;</em></span> <span class='ocrx_word' id='word_1_161' title='bbox 653 1933 799 1982; x_wconf 81' lang='lat' dir='ltr'><em>ductus,</em></span> 
     </span>
     <span class='ocr_line' id='line_1_32' title="bbox 139 1990 800 2042; baseline -0.002 -14"><span class='ocrx_word' id='word_1_162' title='bbox 139 1992 186 2028; x_wconf 84' lang='lat' dir='ltr'><em>ab</em></span> <span class='ocrx_word' id='word_1_163' title='bbox 209 1993 316 2028; x_wconf 88' lang='lat' dir='ltr'>omui</span> <span class='ocrx_word' id='word_1_164' title='bbox 335 1992 448 2028; x_wconf 89' lang='lat' dir='ltr'>simul</span> <span class='ocrx_word' id='word_1_165' title='bbox 478 1993 645 2042; x_wconf 82' lang='lat' dir='ltr'>partium</span> <span class='ocrx_word' id='word_1_166' title='bbox 675 1990 800 2028; x_wconf 83' lang='lat' dir='ltr'>studio</span> 
     </span>
     <span class='ocr_line' id='line_1_33' title="bbox 137 2047 803 2097; baseline -0.003 -11"><span class='ocrx_word' id='word_1_167' title='bbox 137 2049 244 2097; x_wconf 87' lang='lat' dir='ltr'>liber,</span> <span class='ocrx_word' id='word_1_168' title='bbox 264 2061 401 2087; x_wconf 85' lang='lat' dir='ltr'>verum</span> <span class='ocrx_word' id='word_1_169' title='bbox 420 2047 569 2085; x_wconf 82' lang='lat' dir='ltr'><em>tradere</em></span> <span class='ocrx_word' id='word_1_170' title='bbox 600 2048 712 2084; x_wconf 81' lang='lat' dir='ltr'>unice</span> <span class='ocrx_word' id='word_1_171' title='bbox 731 2048 803 2084; x_wconf 87' lang='lat' dir='ltr'>sibi</span> 
     </span>
     <span class='ocr_line' id='line_1_34' title="bbox 138 2103 804 2156; baseline -0.002 -14"><span class='ocrx_word' id='word_1_172' title='bbox 138 2103 272 2142; x_wconf 80' lang='lat' dir='ltr'>habuit</span> <span class='ocrx_word' id='word_1_173' title='bbox 308 2106 571 2156; x_wconf 72' lang='lat' dir='ltr'>propositumr,</span> <span class='ocrx_word' id='word_1_174' title='bbox 629 2103 734 2156; x_wconf 86' lang='lat' dir='ltr'>quod</span> <span class='ocrx_word' id='word_1_175' title='bbox 772 2105 804 2141; x_wconf 87' lang='lat' dir='ltr'><em>si</em></span> 
     </span>
     <span class='ocr_line' id='line_1_35' title="bbox 140 2163 803 2210; baseline -0.002 -12"><span class='ocrx_word' id='word_1_176' title='bbox 140 2163 268 2199; x_wconf 86' lang='lat' dir='ltr'>minus</span> <span class='ocrx_word' id='word_1_177' title='bbox 287 2163 415 2210; x_wconf 86' lang='lat' dir='ltr'>licuit,</span> <span class='ocrx_word' id='word_1_178' title='bbox 441 2163 578 2199; x_wconf 82' lang='lat' dir='ltr'>maluit</span> <span class='ocrx_word' id='word_1_179' title='bbox 597 2163 718 2199; x_wconf 77' lang='lat' dir='ltr'>varlas</span> <span class='ocrx_word' id='word_1_180' title='bbox 738 2174 803 2197; x_wconf 86' lang='lat' dir='ltr'><em>re-</em></span> 
     </span>
     <span class='ocr_line' id='line_1_36' title="bbox 140 2218 803 2267; baseline 0 -13"><span class='ocrx_word' id='word_1_181' title='bbox 140 2219 239 2254; x_wconf 85' lang='lat' dir='ltr'>ferre</span> <span class='ocrx_word' id='word_1_182' title='bbox 258 2220 505 2267; x_wconf 78' lang='lat' dir='ltr'>narrationes,</span> <span class='ocrx_word' id='word_1_183' title='bbox 522 2221 574 2255; x_wconf 83' lang='lat' dir='ltr'><em>ita</em></span> <span class='ocrx_word' id='word_1_184' title='bbox 593 2226 636 2255; x_wconf 85' lang='lat' dir='ltr'><em>ut</em></span> <span class='ocrx_word' id='word_1_185' title='bbox 647 2218 803 2255; x_wconf 82' lang='lat' dir='ltr'>unicui-</span> 
     </span>
     <span class='ocr_line' id='line_1_37' title="bbox 142 2273 802 2328; baseline 0 -17"><span class='ocrx_word' id='word_1_186' title='bbox 142 2288 218 2328; x_wconf 84' lang='lat' dir='ltr'><em>que</em></span> <span class='ocrx_word' id='word_1_187' title='bbox 246 2275 411 2311; x_wconf 87' lang='lat' dir='ltr'>liberum</span> <span class='ocrx_word' id='word_1_188' title='bbox 441 2274 488 2310; x_wconf 85' lang='lat' dir='ltr'><em>de</em></span> <span class='ocrx_word' id='word_1_189' title='bbox 509 2273 567 2311; x_wconf 87' lang='lat' dir='ltr'><em>his</em></span> <span class='ocrx_word' id='word_1_190' title='bbox 588 2282 684 2312; x_wconf 84' lang='lat' dir='ltr'><em>esset</em></span> <span class='ocrx_word' id='word_1_191' title='bbox 704 2274 802 2312; x_wconf 81' lang='lat' dir='ltr'>iudi-</span> 
     </span>
     <span class='ocr_line' id='line_1_38' title="bbox 141 2330 803 2382; baseline -0.002 -13"><span class='ocrx_word' id='word_1_192' title='bbox 141 2333 256 2369; x_wconf 86' lang='lat' dir='ltr'>cium.</span> <span class='ocrx_word' id='word_1_193' title='bbox 316 2330 400 2376; x_wconf 82' lang='lat' dir='ltr'><em>Quo</em></span> <span class='ocrx_word' id='word_1_194' title='bbox 421 2331 537 2366; x_wconf 84' lang='lat' dir='ltr'>etiam</span> <span class='ocrx_word' id='word_1_195' title='bbox 556 2344 600 2367; x_wconf 88' lang='lat' dir='ltr'><em>ea</em></span> <span class='ocrx_word' id='word_1_196' title='bbox 619 2338 803 2382; x_wconf 82' lang='lat' dir='ltr'><em>spectant,</em></span> 
     </span>
     <span class='ocr_line' id='line_1_39' title="bbox 143 2386 805 2441; baseline 0.005 -17"><span class='ocrx_word' id='word_1_197' title='bbox 143 2401 242 2441; x_wconf 83' lang='lat' dir='ltr'>quae</span> <span class='ocrx_word' id='word_1_198' title='bbox 261 2388 343 2435; x_wconf 85' lang='lat' dir='ltr'>VII,</span> <span class='ocrx_word' id='word_1_199' title='bbox 368 2386 448 2428; x_wconf 79' lang='lat'><em>152</em></span> <span class='ocrx_word' id='word_1_200' title='bbox 468 2387 672 2436; x_wconf 82' lang='lat' dir='ltr'>leguntur:</span> <span class='ocrx_word' id='word_1_201' title='bbox 715 2387 805 2426; x_wconf 82' lang='grc' dir='ltr'><em>ε’πί-</em></span> 
     </span>
     <span class='ocr_line' id='line_1_40' title="bbox 143 2440 803 2496; baseline -0.008 -11"><span class='ocrx_word' id='word_1_202' title='bbox 143 2457 287 2496; x_wconf 82' lang='grc' dir='ltr'><em>σταμαι</em></span> <span class='ocrx_word' id='word_1_203' title='bbox 322 2440 365 2483; x_wconf 82' lang='grc' dir='ltr'><em>δὲ</em></span> <span class='ocrx_word' id='word_1_204' title='bbox 393 2445 559 2482; x_wconf 85' lang='grc' dir='ltr'><em>τοσοῦτο</em></span> <span class='ocrx_word' id='word_1_205' title='bbox 588 2457 626 2480; x_wconf 85' lang='grc' dir='ltr'><em>κ.</em></span> <span class='ocrx_word' id='word_1_206' title='bbox 647 2457 680 2480; x_wconf 85' lang='grc' dir='ltr'><em>τ.</em></span> <span class='ocrx_word' id='word_1_207' title='bbox 701 2445 734 2480; x_wconf 93' lang='grc' dir='ltr'><em>λ.</em></span> <span class='ocrx_word' id='word_1_208' title='bbox 766 2450 803 2480; x_wconf 82' lang='lat' dir='ltr'><em>et</em></span> 
     </span>
     <span class='ocr_line' id='line_1_41' title="bbox 144 2493 801 2553; baseline -0.003 -15"><span class='ocrx_word' id='word_1_209' title='bbox 144 2502 257 2553; x_wconf 86' lang='lat' dir='ltr'>paulo</span> <span class='ocrx_word' id='word_1_210' title='bbox 278 2507 384 2552; x_wconf 84' lang='lat' dir='ltr'>post:</span> <span class='ocrx_word' id='word_1_211' title='bbox 417 2495 520 2539; x_wconf 72' lang='grc' dir='ltr'><em>οὕτω</em></span> <span class='ocrx_word' id='word_1_212' title='bbox 540 2495 591 2549; x_wconf 69' lang='grc' dir='ltr'><em>δή</em></span> <span class='ocrx_word' id='word_1_213' title='bbox 620 2493 694 2537; x_wconf 68' lang='grc' dir='ltr'><em>οὐκ</em></span> <span class='ocrx_word' id='word_1_214' title='bbox 712 2493 801 2551; x_wconf 84' lang='grc' dir='ltr'><em>Ἀρ-</em></span> 
     </span>
     <span class='ocr_line' id='line_1_42' title="bbox 143 2554 802 2612; baseline -0.011 -13"><span class='ocrx_word' id='word_1_215' title='bbox 143 2559 286 2612; x_wconf 85' lang='grc' dir='ltr'><em>γείοισι</em></span> <span class='ocrx_word' id='word_1_216' title='bbox 315 2557 492 2607; x_wconf 75' lang='grc' dir='ltr'><em>αἴσχιστα</em></span> <span class='ocrx_word' id='word_1_217' title='bbox 523 2554 737 2604; x_wconf 82' lang='grc' dir='ltr'><em>πεποίηται</em></span> <span class='ocrx_word' id='word_1_218' title='bbox 762 2569 802 2593; x_wconf 77' lang='grc' dir='ltr'><em>κ.</em></span> 
     </span>
     <span class='ocr_line' id='line_1_43' title="bbox 145 2612 802 2667; baseline -0.011 -14"><span class='ocrx_word' id='word_1_219' title='bbox 145 2629 179 2653; x_wconf 87' lang='grc' dir='ltr'><em>τ.</em></span> <span class='ocrx_word' id='word_1_220' title='bbox 208 2618 258 2663; x_wconf 87' lang='grc' dir='ltr'><em>λ.,</em></span> <span class='ocrx_word' id='word_1_221' title='bbox 296 2614 432 2667; x_wconf 86' lang='lat' dir='ltr'>quibus</span> <span class='ocrx_word' id='word_1_222' title='bbox 461 2612 584 2650; x_wconf 82' lang='lat' dir='ltr'>verbis</span> <span class='ocrx_word' id='word_1_223' title='bbox 603 2623 683 2646; x_wconf 87' lang='lat' dir='ltr'><em>nou</em></span> <span class='ocrx_word' id='word_1_224' title='bbox 720 2617 802 2647; x_wconf 81' lang='lat' dir='ltr'><em>tam</em></span> 
     </span>
     <span class='ocr_line' id='line_1_44' title="bbox 145 2668 804 2722; baseline -0.006 -15"><span class='ocrx_word' id='word_1_225' title='bbox 145 2672 295 2722; x_wconf 84' lang='lat' dir='ltr'>Argivis</span> <span class='ocrx_word' id='word_1_226' title='bbox 315 2669 543 2722; x_wconf 81' lang='lat' dir='ltr'>patrocinari</span> <span class='ocrx_word' id='word_1_227' title='bbox 561 2668 722 2706; x_wconf 81' lang='lat' dir='ltr'>voluisse</span> <span class='ocrx_word' id='word_1_228' title='bbox 741 2668 804 2704; x_wconf 80' lang='lat' dir='ltr'><em>vi-</em></span> 
     </span>
    </p>
   </div>
   <div class='ocr_carea' id='block_1_15' title="bbox 120 2724 803 2776">
    <p class='ocr_par' dir='ltr' id='par_1_15' title="bbox 120 2724 803 2776">
     <span class='ocr_line' id='line_1_45' title="bbox 120 2724 803 2776; baseline -0.009 -11"><span class='ocrx_word' id='word_1_229' title='bbox 120 2739 123 2741; x_wconf 85' lang='lat'>·</span> <span class='ocrx_word' id='word_1_230' title='bbox 147 2727 257 2765; x_wconf 84' lang='lat' dir='ltr'>detur</span> <span class='ocrx_word' id='word_1_231' title='bbox 295 2725 535 2775; x_wconf 80' lang='lat' dir='ltr'>Herodotus,</span> <span class='ocrx_word' id='word_1_232' title='bbox 575 2735 692 2776; x_wconf 82' lang='lat' dir='ltr'>quam</span> <span class='ocrx_word' id='word_1_233' title='bbox 712 2724 803 2760; x_wconf 83' lang='lat' dir='ltr'>alios</span> 
     </span>
    </p>
   </div>
   <div class='ocr_carea' id='block_1_16' title="bbox 148 2782 804 2833">
    <p class='ocr_par' dir='ltr' id='par_1_16' title="bbox 148 2782 804 2833">
     <span class='ocr_line' id='line_1_46' title="bbox 148 2782 804 2833; baseline -0.009 -11"><span class='ocrx_word' id='word_1_234' title='bbox 148 2783 366 2833; x_wconf 82' lang='lat' dir='ltr'>admouere,</span> <span class='ocrx_word' id='word_1_235' title='bbox 395 2790 437 2821; x_wconf 91' lang='lat' dir='ltr'><em>ut</em></span> <span class='ocrx_word' id='word_1_236' title='bbox 461 2796 511 2820; x_wconf 86' lang='lat' dir='ltr'><em>ne</em></span> <span class='ocrx_word' id='word_1_237' title='bbox 542 2782 583 2818; x_wconf 84' lang='lat' dir='ltr'><em>iu</em></span> <span class='ocrx_word' id='word_1_238' title='bbox 608 2794 647 2818; x_wconf 83' lang='lat' dir='ltr'><em>re</em></span> <span class='ocrx_word' id='word_1_239' title='bbox 667 2792 804 2831; x_wconf 85' lang='lat' dir='ltr'>parum</span> 
     </span>
    </p>
   </div>
   <div class='ocr_carea' id='block_1_17' title="bbox 852 1361 1521 2829">
    <p class='ocr_par' dir='ltr' id='par_1_17' title="bbox 852 1361 1521 2149">
     <span class='ocr_line' id='line_1_47' title="bbox 853 1361 1515 1417; baseline -0.003 -16"><span class='ocrx_word' id='word_1_240' title='bbox 853 1371 967 1412; x_wconf 76' lang='lat' dir='ltr'><em>certa,</em></span> <span class='ocrx_word' id='word_1_241' title='bbox 989 1376 1107 1417; x_wconf 85' lang='lat' dir='ltr'>quam</span> <span class='ocrx_word' id='word_1_242' title='bbox 1117 1363 1198 1414; x_wconf 88' lang='lat' dir='ltr'>ipse</span> <span class='ocrx_word' id='word_1_243' title='bbox 1214 1361 1427 1400; x_wconf 85' lang='lat' dir='ltr'>discernere</span> <span class='ocrx_word' id='word_1_244' title='bbox 1436 1376 1515 1400; x_wconf 83' lang='lat' dir='ltr'><em>non</em></span> 
     </span>
     <span class='ocr_line' id='line_1_48' title="bbox 853 1420 1518 1470; baseline -0.003 -12"><span class='ocrx_word' id='word_1_245' title='bbox 853 1420 1014 1470; x_wconf 81' lang='lat' dir='ltr'><em>audeat,</em></span> <span class='ocrx_word' id='word_1_246' title='bbox 1055 1422 1236 1458; x_wconf 80' lang='lat' dir='ltr'><em>iniustam</em></span> <span class='ocrx_word' id='word_1_247' title='bbox 1263 1420 1406 1458; x_wconf 86' lang='lat' dir='ltr'>ferrent</span> <span class='ocrx_word' id='word_1_248' title='bbox 1431 1433 1518 1457; x_wconf 84' lang='lat' dir='ltr'><strong>sen-</strong></span> 
     </span>
     <span class='ocr_line' id='line_1_49' title="bbox 852 1476 1518 1528; baseline -0.005 -12"><span class='ocrx_word' id='word_1_249' title='bbox 852 1479 1014 1516; x_wconf 83' lang='lat' dir='ltr'><em>teutiam</em></span> <span class='ocrx_word' id='word_1_250' title='bbox 1037 1477 1083 1515; x_wconf 86' lang='lat' dir='ltr'><em>de</em></span> <span class='ocrx_word' id='word_1_251' title='bbox 1099 1478 1262 1528; x_wconf 78' lang='lat' dir='ltr'>Argivis.</span> <span class='ocrx_word' id='word_1_252' title='bbox 1323 1476 1518 1514; x_wconf 81' lang='lat' dir='ltr'>Cf.Dal11-</span> 
     </span>
     <span class='ocr_line' id='line_1_50' title="bbox 852 1534 1519 1586; baseline -0.003 -14"><span class='ocrx_word' id='word_1_253' title='bbox 852 1549 984 1573; x_wconf 84' lang='lat' dir='ltr'>mann.</span> <span class='ocrx_word' id='word_1_254' title='bbox 1003 1534 1146 1572; x_wconf 87' lang='lat' dir='ltr'>Herod.</span> <span class='ocrx_word' id='word_1_255' title='bbox 1166 1547 1255 1586; x_wconf 76' lang='lat' dir='ltr'>pag.</span> <span class='ocrx_word' id='word_1_256' title='bbox 1273 1536 1366 1575; x_wconf 79' lang='lat'>182.</span> <span class='ocrx_word' id='word_1_257' title='bbox 1386 1556 1444 1561; x_wconf 83' lang='lat'><em>—-</em></span> <span class='ocrx_word' id='word_1_258' title='bbox 1471 1535 1519 1570; x_wconf 88' lang='lat' dir='ltr'><em>In</em></span> 
     </span>
     <span class='ocr_line' id='line_1_51' title="bbox 853 1589 1520 1644; baseline 0 -14"><span class='ocrx_word' id='word_1_259' title='bbox 853 1606 960 1644; x_wconf 86' lang='lat' dir='ltr'><strong>seqq.</strong></span> <span class='ocrx_word' id='word_1_260' title='bbox 994 1591 1043 1629; x_wconf 84' lang='lat' dir='ltr'><em>ad</em></span> <span class='ocrx_word' id='word_1_261' title='bbox 1066 1592 1182 1630; x_wconf 82' lang='lat' dir='ltr'>verba</span> <span class='ocrx_word' id='word_1_262' title='bbox 1202 1591 1327 1630; x_wconf 78' lang='grc' dir='ltr'><em>παῖδα</em></span> <span class='ocrx_word' id='word_1_263' title='bbox 1341 1589 1520 1643; x_wconf 83' lang='grc' dir='ltr'><em>Περσέος</em></span> 
     </span>
     <span class='ocr_line' id='line_1_52' title="bbox 855 1647 1521 1700; baseline -0.005 -13"><span class='ocrx_word' id='word_1_264' title='bbox 855 1650 958 1687; x_wconf 85' lang='lat' dir='ltr'>conf.</span> <span class='ocrx_word' id='word_1_265' title='bbox 988 1651 1071 1697; x_wconf 85' lang='lat' dir='ltr'>VII,</span> <span class='ocrx_word' id='word_1_266' title='bbox 1104 1652 1154 1690; x_wconf 81' lang='lat'><em>61</em></span> <span class='ocrx_word' id='word_1_267' title='bbox 1191 1649 1283 1700; x_wconf 82' lang='lat' dir='ltr'>ibiq.</span> <span class='ocrx_word' id='word_1_268' title='bbox 1318 1654 1416 1684; x_wconf 84' lang='lat' dir='ltr'><em>nott.</em></span> <span class='ocrx_word' id='word_1_269' title='bbox 1451 1647 1481 1685; x_wconf 86' lang='lat' dir='ltr'>C</span> <span class='ocrx_word' id='word_1_270' title='bbox 1488 1660 1521 1684; x_wconf 88' lang='lat' dir='ltr'><em>r.</em></span> 
     </span>
     <span class='ocr_line' id='line_1_53' title="bbox 854 1703 1520 1744; baseline -0.002 0"><span class='ocrx_word' id='word_1_271' title='bbox 854 1707 1018 1744; x_wconf 80' lang='lat' dir='ltr'>conferri</span> <span class='ocrx_word' id='word_1_272' title='bbox 1047 1707 1129 1744; x_wconf 84' lang='lat' dir='ltr'><em>vult</em></span> <span class='ocrx_word' id='word_1_273' title='bbox 1157 1706 1309 1742; x_wconf 88' lang='lat' dir='ltr'>Platon.</span> <span class='ocrx_word' id='word_1_274' title='bbox 1328 1703 1520 1743; x_wconf 82' lang='lat' dir='ltr'>Alcibiad.</span> 
     </span>
     <span class='ocr_line' id='line_1_54' title="bbox 854 1759 1519 1814; baseline -0.014 -9"><span class='ocrx_word' id='word_1_275' title='bbox 854 1765 924 1814; x_wconf 84' lang='lat' dir='ltr'><em>Ip-</em></span> <span class='ocrx_word' id='word_1_276' title='bbox 950 1766 1042 1803; x_wconf 80' lang='lat'>120.</span> <span class='ocrx_word' id='word_1_277' title='bbox 1068 1765 1161 1803; x_wconf 81' lang='lat'>121.</span> <span class='ocrx_word' id='word_1_278' title='bbox 1196 1759 1519 1812; x_wconf 82' lang='lat' dir='ltr'>Olympiodor.ad</span> 
     </span>
     <span class='ocr_line' id='line_1_55' title="bbox 856 1816 1520 1868; baseline -0.005 -11"><span class='ocrx_word' id='word_1_279' title='bbox 856 1833 946 1857; x_wconf 85' lang='lat' dir='ltr'><em>eum</em></span> <span class='ocrx_word' id='word_1_280' title='bbox 986 1825 1075 1856; x_wconf 84' lang='lat' dir='ltr'><em>sect.</em></span> <span class='ocrx_word' id='word_1_281' title='bbox 1112 1820 1163 1859; x_wconf 85' lang='lat'><em>17</em></span> <span class='ocrx_word' id='word_1_282' title='bbox 1192 1819 1274 1856; x_wconf 78' lang='lat' dir='ltr'>init.</span> <span class='ocrx_word' id='word_1_283' title='bbox 1310 1830 1398 1868; x_wconf 83' lang='lat' dir='ltr'>pag.</span> <span class='ocrx_word' id='word_1_284' title='bbox 1425 1816 1520 1858; x_wconf 86' lang='lat'>151.</span> 
     </span>
     <span class='ocr_line' id='line_1_56' title="bbox 857 1872 1518 1925; baseline -0.011 -10"><span class='ocrx_word' id='word_1_285' title='bbox 857 1875 989 1915; x_wconf 84' lang='lat' dir='ltr'>Schol.</span> <span class='ocrx_word' id='word_1_286' title='bbox 1023 1876 1122 1913; x_wconf 83' lang='lat' dir='ltr'>Plat.</span> <span class='ocrx_word' id='word_1_287' title='bbox 1152 1888 1191 1925; x_wconf 90' lang='lat' dir='ltr'><em>p.</em></span> <span class='ocrx_word' id='word_1_288' title='bbox 1220 1874 1274 1915; x_wconf 89' lang='lat'><em>75</em></span> <span class='ocrx_word' id='word_1_289' title='bbox 1306 1872 1518 1912; x_wconf 77' lang='lat' dir='ltr'><strong>Ruhnken.</strong></span> 
     </span>
     <span class='ocr_line' id='line_1_57' title="bbox 858 1929 1520 1983; baseline -0.006 -13"><span class='ocrx_word' id='word_1_290' title='bbox 858 1940 895 1970; x_wconf 81' lang='lat' dir='ltr'><em>et</em></span> <span class='ocrx_word' id='word_1_291' title='bbox 907 1932 1086 1983; x_wconf 81' lang='lat' dir='ltr'>adipsam</span> <span class='ocrx_word' id='word_1_292' title='bbox 1106 1944 1188 1967; x_wconf 82' lang='lat' dir='ltr'><em>rem</em></span> <span class='ocrx_word' id='word_1_293' title='bbox 1198 1929 1411 1981; x_wconf 81' lang='lat' dir='ltr'>Inghirami</span> <span class='ocrx_word' id='word_1_294' title='bbox 1429 1932 1520 1967; x_wconf 91' lang='grc' dir='ltr'><em>Μο-</em></span> 
     </span>
     <span class='ocr_line' id='line_1_58' title="bbox 857 1985 1519 2028; baseline -0.005 -2"><span class='ocrx_word' id='word_1_295' title='bbox 857 1990 1033 2026; x_wconf 76' lang='lat' dir='ltr'>numenti</span> <span class='ocrx_word' id='word_1_296' title='bbox 1062 1986 1241 2025; x_wconf 84' lang='lat' dir='ltr'>Etruschi</span> <span class='ocrx_word' id='word_1_297' title='bbox 1269 1987 1318 2024; x_wconf 86' lang='lat' dir='ltr'><em>ad</em></span> <span class='ocrx_word' id='word_1_298' title='bbox 1349 1988 1425 2024; x_wconf 80' lang='lat' dir='ltr'><em>tab.</em></span> <span class='ocrx_word' id='word_1_299' title='bbox 1464 1985 1519 2028; x_wconf 80' lang='grc'><em>54</em></span> 
     </span>
     <span class='ocr_line' id='line_1_59' title="bbox 859 2042 1520 2095; baseline -0.002 -11"><span class='ocrx_word' id='word_1_300' title='bbox 859 2047 957 2084; x_wconf 85' lang='lat' dir='ltr'>delle</span> <span class='ocrx_word' id='word_1_301' title='bbox 976 2047 1080 2082; x_wconf 83' lang='lat' dir='ltr'>Urne</span> <span class='ocrx_word' id='word_1_302' title='bbox 1100 2043 1288 2082; x_wconf 80' lang='lat' dir='ltr'>Etrusche</span> <span class='ocrx_word' id='word_1_303' title='bbox 1316 2057 1404 2095; x_wconf 82' lang='lat' dir='ltr'>pag.</span> <span class='ocrx_word' id='word_1_304' title='bbox 1435 2042 1520 2085; x_wconf 85' lang='lat'><em>456</em></span> 
     </span>
     <span class='ocr_line' id='line_1_60' title="bbox 859 2099 1330 2149; baseline -0.011 -7"><span class='ocrx_word' id='word_1_305' title='bbox 859 2104 947 2142; x_wconf 88' lang='lat' dir='ltr'>coll.</span> <span class='ocrx_word' id='word_1_306' title='bbox 968 2102 1154 2139; x_wconf 83' lang='lat' dir='ltr'>Herodot.</span> <span class='ocrx_word' id='word_1_307' title='bbox 1174 2102 1239 2149; x_wconf 82' lang='lat' dir='ltr'><em>Vl,</em></span> <span class='ocrx_word' id='word_1_308' title='bbox 1263 2099 1330 2142; x_wconf 79' lang='grc'><em>54.</em></span> 
     </span>
    </p>

    <p class='ocr_par' dir='ltr' id='par_1_18' title="bbox 857 2153 1521 2829">
     <span class='ocr_line' id='line_1_61' title="bbox 916 2153 1519 2210; baseline -0.01 -11"><span class='ocrx_word' id='word_1_309' title='bbox 916 2156 1006 2199; x_wconf 78' lang='grc' dir='ltr'><em>οὔτε</em></span> <span class='ocrx_word' id='word_1_310' title='bbox 1018 2153 1075 2198; x_wconf 70' lang='grc' dir='ltr'><em>ὧν</em></span> <span class='ocrx_word' id='word_1_311' title='bbox 1084 2156 1211 2210; x_wconf 83' lang='grc' dir='ltr'><em>ἡμέας</em></span> <span class='ocrx_word' id='word_1_312' title='bbox 1227 2153 1355 2207; x_wconf 75' lang='grc' dir='ltr'><em>οἰκός]</em></span> <span class='ocrx_word' id='word_1_313' title='bbox 1386 2158 1519 2205; x_wconf 84' lang='lat' dir='ltr'>„Haec</span> 
     </span>
     <span class='ocr_line' id='line_1_62' title="bbox 859 2213 1518 2265; baseline -0.006 -11"><span class='ocrx_word' id='word_1_314' title='bbox 859 2230 881 2254; x_wconf 81' lang='lat' dir='ltr'>a</span> <span class='ocrx_word' id='word_1_315' title='bbox 902 2218 1068 2264; x_wconf 83' lang='lat' dir='ltr'><em>Graecis,</em></span> <span class='ocrx_word' id='word_1_316' title='bbox 1080 2223 1123 2253; x_wconf 85' lang='lat' dir='ltr'><em>ut</em></span> <span class='ocrx_word' id='word_1_317' title='bbox 1141 2215 1321 2265; x_wconf 80' lang='lat' dir='ltr'>suspicor,</span> <span class='ocrx_word' id='word_1_318' title='bbox 1344 2213 1518 2261; x_wconf 76' lang='lat' dir='ltr'><em>conficta,</em></span> 
     </span>
     <span class='ocr_line' id='line_1_63' title="bbox 859 2274 1521 2325; baseline -0.006 -14"><span class='ocrx_word' id='word_1_319' title='bbox 859 2274 1073 2325; x_wconf 86' lang='lat' dir='ltr'>comparari</span> <span class='ocrx_word' id='word_1_320' title='bbox 1101 2278 1280 2324; x_wconf 83' lang='lat' dir='ltr'><em>poterunt</em></span> <span class='ocrx_word' id='word_1_321' title='bbox 1310 2285 1400 2308; x_wconf 89' lang='lat' dir='ltr'><em>cum</em></span> <span class='ocrx_word' id='word_1_322' title='bbox 1428 2284 1521 2307; x_wconf 86' lang='lat' dir='ltr'>nar-</span> 
     </span>
     <span class='ocr_line' id='line_1_64' title="bbox 860 2328 1519 2379; baseline -0.005 -12"><span class='ocrx_word' id='word_1_323' title='bbox 860 2332 947 2367; x_wconf 81' lang='lat' dir='ltr'>ratis</span> <span class='ocrx_word' id='word_1_324' title='bbox 977 2331 1076 2379; x_wconf 84' lang='lat' dir='ltr'>VIII,</span> <span class='ocrx_word' id='word_1_325' title='bbox 1112 2332 1181 2369; x_wconf 76' lang='grc'><em>22.</em></span> <span class='ocrx_word' id='word_1_326' title='bbox 1203 2329 1226 2348; x_wconf 84' lang='lat'>“</span> <span class='ocrx_word' id='word_1_327' title='bbox 1288 2328 1376 2365; x_wconf 82' lang='lat' dir='ltr'><em>Val</em></span> <span class='ocrx_word' id='word_1_328' title='bbox 1393 2328 1442 2365; x_wconf 83' lang='lat' dir='ltr'><em>ck</em></span> <span class='ocrx_word' id='word_1_329' title='bbox 1457 2340 1519 2365; x_wconf 81' lang='lat' dir='ltr'><em>eu.</em></span> 
     </span>
     <span class='ocr_line' id='line_1_65' title="bbox 859 2382 1520 2437; baseline -0.009 -11"><span class='ocrx_word' id='word_1_330' title='bbox 859 2385 969 2433; x_wconf 78' lang='grc' dir='ltr'><em>οἶκός</em></span> <span class='ocrx_word' id='word_1_331' title='bbox 982 2386 1070 2437; x_wconf 86' lang='lat' dir='ltr'>(pro</span> <span class='ocrx_word' id='word_1_332' title='bbox 1092 2382 1225 2435; x_wconf 78' lang='grc' dir='ltr'><em>εἰκός)</em></span> <span class='ocrx_word' id='word_1_333' title='bbox 1248 2383 1340 2422; x_wconf 85' lang='lat' dir='ltr'><em>dant</em></span> <span class='ocrx_word' id='word_1_334' title='bbox 1359 2386 1520 2422; x_wconf 84' lang='lat' dir='ltr'>Floren-</span> 
     </span>
     <span class='ocr_line' id='line_1_66' title="bbox 858 2440 1519 2490; baseline -0.005 -11"><span class='ocrx_word' id='word_1_335' title='bbox 858 2444 981 2490; x_wconf 86' lang='lat' dir='ltr'>tiuus,</span> <span class='ocrx_word' id='word_1_336' title='bbox 1010 2444 1073 2479; x_wconf 85' lang='lat' dir='ltr'><em>alii</em></span> <span class='ocrx_word' id='word_1_337' title='bbox 1101 2455 1192 2479; x_wconf 85' lang='lat' dir='ltr'><em>cum</em></span> <span class='ocrx_word' id='word_1_338' title='bbox 1213 2441 1388 2479; x_wconf 83' lang='lat' dir='ltr'><em>Eustath.</em></span> <span class='ocrx_word' id='word_1_339' title='bbox 1423 2440 1519 2477; x_wconf 86' lang='lat' dir='ltr'>haec</span> 
     </span>
     <span class='ocr_line' id='line_1_67' title="bbox 859 2498 1520 2549; baseline 0.002 -14"><span class='ocrx_word' id='word_1_340' title='bbox 859 2498 1041 2536; x_wconf 81' lang='lat' dir='ltr'><em>afferente</em></span> <span class='ocrx_word' id='word_1_341' title='bbox 1059 2498 1107 2535; x_wconf 86' lang='lat' dir='ltr'><em>ad</em></span> <span class='ocrx_word' id='word_1_342' title='bbox 1126 2500 1170 2535; x_wconf 88' lang='lat' dir='ltr'><em>Il.</em></span> <span class='ocrx_word' id='word_1_343' title='bbox 1205 2511 1294 2549; x_wconf 79' lang='lat' dir='ltr'>pag.</span> <span class='ocrx_word' id='word_1_344' title='bbox 1316 2498 1410 2544; x_wconf 85' lang='lat'>759,</span> <span class='ocrx_word' id='word_1_345' title='bbox 1432 2500 1459 2536; x_wconf 77' lang='lat'>2</span> <span class='ocrx_word' id='word_1_346' title='bbox 1488 2509 1520 2532; x_wconf 87' lang='lat' dir='ltr'><em>S-</em></span> 
     </span>
     <span class='ocr_line' id='line_1_68' title="bbox 858 2552 1519 2607; baseline -0.012 -12"><span class='ocrx_word' id='word_1_347' title='bbox 858 2557 952 2602; x_wconf 83' lang='lat'><strong>661,</strong></span> <span class='ocrx_word' id='word_1_348' title='bbox 974 2553 1041 2596; x_wconf 85' lang='lat'><em>48.</em></span> <span class='ocrx_word' id='word_1_349' title='bbox 1058 2577 1113 2582; x_wconf 93' lang='grc'>-</span> <span class='ocrx_word' id='word_1_350' title='bbox 1142 2557 1186 2591; x_wconf 85' lang='lat' dir='ltr'><em>Iu</em></span> <span class='ocrx_word' id='word_1_351' title='bbox 1206 2568 1313 2607; x_wconf 85' lang='lat' dir='ltr'><strong>seqq.</strong></span> <span class='ocrx_word' id='word_1_352' title='bbox 1333 2566 1401 2604; x_wconf 89' lang='lat' dir='ltr'><em>pro</em></span> <span class='ocrx_word' id='word_1_353' title='bbox 1413 2552 1519 2601; x_wconf 81' lang='lat' dir='ltr'><strong>vulg.</strong></span> 
     </span>
     <span class='ocr_line' id='line_1_69' title="bbox 857 2607 1520 2663; baseline -0.008 -14"><span class='ocrx_word' id='word_1_354' title='bbox 857 2607 1140 2662; x_wconf 77' lang='grc' dir='ltr'><em>στρατεύεσθαι</em></span> <span class='ocrx_word' id='word_1_355' title='bbox 1153 2640 1162 2656; x_wconf 88' lang='grc'><em>,</em></span> <span class='ocrx_word' id='word_1_356' title='bbox 1201 2624 1319 2663; x_wconf 87' lang='lat' dir='ltr'>quam</span> <span class='ocrx_word' id='word_1_357' title='bbox 1357 2608 1520 2646; x_wconf 80' lang='lat' dir='ltr'><em>servavit</em></span> 
     </span>
     <span class='ocr_line' id='line_1_70' title="bbox 857 2666 1518 2716; baseline -0.008 -13"><span class='ocrx_word' id='word_1_358' title='bbox 857 2666 1077 2716; x_wconf 81' lang='lat' dir='ltr'>Bekkerus,</span> <span class='ocrx_word' id='word_1_359' title='bbox 1099 2682 1120 2704; x_wconf 85' lang='lat' dir='ltr'>e</span> <span class='ocrx_word' id='word_1_360' title='bbox 1135 2669 1301 2705; x_wconf 86' lang='lat' dir='ltr'>Florent.</span> <span class='ocrx_word' id='word_1_361' title='bbox 1322 2670 1518 2714; x_wconf 84' lang='lat' dir='ltr'><em>receptum</em></span> 
     </span>
     <span class='ocr_line' id='line_1_71' title="bbox 859 2720 1518 2776; baseline -0.014 -12"><span class='ocrx_word' id='word_1_362' title='bbox 859 2720 1200 2776; x_wconf 76' lang='grc' dir='ltr'><em>ἕκστρατεύεσθαι.</em></span> <span class='ocrx_word' id='word_1_363' title='bbox 1269 2721 1332 2758; x_wconf 86' lang='lat' dir='ltr'><em>Ad</em></span> <span class='ocrx_word' id='word_1_364' title='bbox 1380 2732 1518 2758; x_wconf 76' lang='lat' dir='ltr'>vocem</span> 
     </span>
     <span class='ocr_line' id='line_1_72' title="bbox 861 2774 1516 2829; baseline -0.012 -10"><span class='ocrx_word' id='word_1_365' title='bbox 861 2777 1041 2829; x_wconf 72' lang='grc' dir='ltr'><em>ἄντίξοος</em></span> <span class='ocrx_word' id='word_1_366' title='bbox 1063 2781 1165 2819; x_wconf 80' lang='lat' dir='ltr'><strong>conf·</strong></span> <span class='ocrx_word' id='word_1_367' title='bbox 1185 2785 1281 2816; x_wconf 84' lang='lat' dir='ltr'>nott.</span> <span class='ocrx_word' id='word_1_368' title='bbox 1303 2776 1351 2814; x_wconf 85' lang='lat' dir='ltr'><em>ad</em></span> <span class='ocrx_word' id='word_1_369' title='bbox 1370 2778 1400 2825; x_wconf 88' lang='lat'><em>1,</em></span> <span class='ocrx_word' id='word_1_370' title='bbox 1424 2774 1516 2817; x_wconf 74' lang='lat'><em>174„</em></span> 
     </span>
    </p>
   </div>
  </div>
 </body>
</html>
