1897 3340
263 535 364 582 1οθ

95 595 210 627 Xerxes
235 606 254 628 e
284 607 374 628 curru

93 639 161 666 copi
151 631 374 692 'au-pedestres,

191 667 344 697 :navales

94 673 226 733 Spectat·

430 225 514 265 582
822 215 1290 263 'Hanno'm

426 336 518 378 πᾶν
559 330 633 376 ἐὰν
673 331 902 387 Δωρικόν·
939 330 1305 388 Ἁλικαρνησσῆας
1332 332 1422 388 μὲν,
1459 332 1686 388 Τροιζηνί-

427 404 526 454 ουςῖ·
557 399 661 451 τούς
688 400 734 444 δὲ
763 399 936 452 ἄλλους,
961 398 1280 454 Ἐπιδαυρίους.

1331 397 1402 452 Ἐς
1430 399 1510 456 μὲν
1538 398 1743 444 ποσόν-55

427 468 476 512 δε
501 465 525 511 ὁ
556 467 760 520 ναυτικὸς
781 467 963 521 στρατὸς
992 470 1172 524 εἴρηται.

501 535 663 591 Ξέρξης
692 535 750 584 δὲ,
783 535 873 578 ἐπεὶ
889 534 1106 592 ἠρίθμησε
1135 551 1179 578 τε
1207 535 1280 578 καὶ
1299 532 1502 598 διετάχθη
1524 532 1688 589 ὄστρα-

430 600 522 653 τός,
553 602 796 658 ἐπεθύμησε
827 600 958 654 αὐτός
987 614 1122 660 σφεας
1152 601 1398 655 διεξελάσας
1425 601 1686 658 θεήσασθαι.

402 668 540 726 Ωμετά
569 669 615 712 δὲ
635 667 773 713 ἐποίεε
792 673 941 723 ταῦτα,
974 671 1048 714 καὶ
1078 669 1364 722 διεξελαύνων
1392 671 1460 714 ἐπὶ
1494 668 1687 725 ἅρματος

429 736 549 791 παρὰ
579 736 710 788 ἔθνος
735 731 785 781 ἓὺ
825 736 1033 789 ἕκαστον,
1063 735 1354 781 ἐπυνθάνετο·
1399 737 1474 782 καὶ
1503 735 1744 794 οἷπέγρα-δο

365 952 525 1009 γνώμας
543 951 862 996 ἀποδείκνυσθαι
873 955 919 993 cf.
929 960 1028 992 nott.

365 1012 414 1050 ad
434 1013 580 1057 V11,3.

416 1078 768 1147 “Αλικαρνησσῆας
793 1074 884 1126 μὲν,
911 1079 1027 1144 Τροι-

365 1135 538 1186 ζηνίους·
567 1149 661 1180 τους
681 1131 723 1173 δὲ
742 1129 898 1180 ἄλλους,
915 1127 1025 1172 Ἐπι-

363 1191 589 1244 δαυρίους]
623 1191 765 1227 Omnes
793 1189 879 1226 libri
899 1190 1027 1240 scripti

361 1246 719 1299 Ἀλικαρνησσῆαςς
760 1247 1027 1296 exspectabam

340 1329 343 1333 ι
363 1310 465 1341 certe
483 1300 773 1356 Ἀλικαρνησσέ
785 1318 849 1349 ας.
881 1302 960 1340 Sed
978 1303 1028 1339 li-

363 1360 439 1398 bris
470 1361 595 1397 invitis
628 1358 724 1396 nihil
742 1366 903 1396 mutem.
960 1358 1024 1396 Ad

363 1423 636 1467 argumentum
655 1416 730 1453 loci
751 1415 852 1452 conf.
880 1416 1026 1452 Raoul-

363 1472 550 1510 Rochette
570 1474 733 1510 Histoire
764 1471 810 1508 de
831 1471 1023 1510 l'etabliss.

365 1528 404 1567 d.
420 1530 492 1574 col.
516 1531 628 1566 Grec.
651 1530 706 1566 III
726 1541 814 1580 pag.
835 1527 890 1569 74
911 1535 1024 1580 atque

364 1586 407 1623 G.
439 1586 484 1623 Ο.
504 1587 655 1623 Mulier.
680 1587 773 1622 Dor.
793 1586 811 1621 I
831 1597 920 1635 pag.
943 1587 1022 1626 103

361 1655 458 1694 seq„
480 1643 546 1693 qni
568 1642 648 1678 aliis
667 1654 821 1693 quoque
850 1648 1024 1678 veterum

361 1699 586 1735 testimoniis
605 1699 757 1748 probari
777 1699 838 1744 ait,
854 1696 920 1734 has
938 1698 1023 1733 Do-

364 1767 452 1791 rum
491 1755 659 1791 civitates
701 1767 722 1790 e
758 1754 1023 1804 Peloponneso

365 1817 403 1847 et
423 1810 581 1862 quidem
601 1811 833 1860 Argivorum
857 1823 878 1846 e
898 1811 1026 1860 regio-

362 1879 414 1903 ne
444 1865 520 1903 huc
548 1865 728 1904 deductas
759 1879 859 1913 esse,
905 1879 1026 1918 quum

365 1923 435 1960 Coi
463 1924 510 1960 ab
530 1922 748 1973 Epidauro,
783 1923 1026 1960 Halicarnas-

363 1992 488 2017 senses
499 1980 736 2028 afioezene,
751 1992 849 2032 quae
863 1986 1025 2031 utraque

362 2036 492 2074 civitas
509 2035 557 2072 ad
567 2037 729 2086 Argivos
739 2037 931 2087 pertinuit,
954 2048 1026 2086 ge-

361 2104 434 2129 nus
462 2099 634 2143 repetant
647 2123 657 2141 ,
677 2094 832 2144 Nisyrus
852 2105 942 2130 vero
963 2098 1024 2129 at-

363 2160 438 2199 que
493 2148 687 2199 Calydnae
737 2147 786 2185 ad
844 2147 1022 2195 eandem,

362 2205 517 2254 quaein
541 2206 710 2241 Coorum
738 2205 860 2241 insula
891 2217 1022 2241 conse-

361 2258 427 2307 dit,
447 2261 636 2296 coloniam
648 2262 872 2311 pertineant.
894 2280 949 2288 —
976 2261 1020 2296 In

359 2328 466 2368 seqq.
497 2315 536 2361 ἐς
566 2313 682 2354 τσσόν
713 2316 755 2354 δε
783 2316 883 2352 valet
901 2315 1023 2352 hacte-

360 2384 448 2418 nus,
508 2370 834 2423 quemadmodum
880 2371 919 2417 ἐς
954 2386 1022 2410 το-

362 2429 481 2467 σοῦτο
513 2429 610 2477 vlu,
646 2430 816 2469 19 125.
841 2428 1022 2475 107.1x,

616 2575 708 2625 cap.
733 2575 775 2610 C.

421 2649 566 2703 Ξέρξης
586 2649 628 2691 δὲ
651 2651 731 2692 ἐπεὶ
760 2647 962 2704 η’ρίθμησέ
980 2667 1021 2693 τε

360 2706 429 2747 καὶ
458 2704 648 2759 διετάχθη
685 2707 707 2749 ὁ
733 2706 917 2759 στρατός]
961 2711 1019 2746 De

361 2776 429 2801 suo
450 2764 678 2802 Schaeferus
708 2764 811 2802 dedit
831 2761 1018 2816 ἠριθμή-

360 2823 432 2870 θη.
453 2820 645 2873 Equidem
665 2834 753 2858 cum
768 2822 920 2873 reliquis
930 2821 1017 2860 edd.

1085 966 1107 990 a
1126 953 1311 990 librorum
1329 954 1557 1005 scriptorum
1577 955 1743 992 auctori-

1082 1015 1159 1047 tate
1173 1008 1351 1047 standum
1360 1012 1502 1059 censui,
1522 1012 1743 1062 praesertim

1083 1078 1173 1103 cum
1192 1061 1393 1117 ἠρίθμησε
1420 1067 1623 1104 commode
1642 1067 1744 1104 refe-

1081 1134 1141 1159 ras
1162 1121 1210 1159 ad
1230 1121 1493 1159 antecedens
1468 1121 1626 1174 Ξέρξης.
1646 1124 1744 1161 Ver-

1082 1179 1131 1216 ba
1161 1174 1351 1229 οῗριθμεῐν
1374 1185 1488 1231 atque
1517 1175 1744 1219 διατασσειν

1084 1233 1220 1271 eadem
1238 1235 1278 1272 in
1298 1248 1338 1271 re
1357 1236 1438 1283 VII,
1455 1235 1519 1276 59.
1534 1238 1600 1276 60.
1620 1256 1677 1263 —-
1694 1237 1742 1273 In

1083 1304 1188 1343 seqq.
1211 1290 1259 1328 ad
1271 1304 1406 1329 vocem
1427 1288 1653 1339 διεξελάσας
1663 1291 1743 1330 vid.

1083 1346 1219 1384 Matth.
1248 1348 1314 1386 Gr.
1342 1350 1408 1386 Gr.
1437 1349 1474 1394 ς.
1513 1347 1607 1396 496,
1642 1351 1663 1389 1
1707 1355 1746 1386 et

1081 1403 1224 1442 Herod.
1244 1406 1309 1453 111,
1332 1407 1399 1446 86.
1446 1405 1745 1455 Praepositioni-

1080 1461 1151 1498 bus
1187 1458 1252 1500 διᾶ
1295 1467 1332 1498 et
1368 1461 1408 1509 ἐξ
1440 1462 1651 1498 coniunctis
1687 1462 1745 1499 rei

1080 1530 1231 1569 prorsus
1262 1518 1452 1555 absolutae
1485 1525 1521 1555 et
1547 1517 1744 1556 confectae

1080 1575 1185 1611 notio
1216 1572 1386 1622 additur,
1430 1575 1542 1627 quale
1571 1581 1627 1612 est
1667 1575 1744 1615 διε.

1081 1628 1229 1678 ξιέναι,
1273 1629 1540 1682 διεξέρχεσθαι
1579 1631 1625 1678 V,
1673 1633 1744 1672 29.

1060 1684 1178 1733 'V111‚
1200 1689 1239 1728 8.
1271 1688 1338 1728 25.
1358 1689 1424 1728 98.
1454 1688 1535 1733 vn,
1557 1689 1625 1727 77.
1646 1689 1743 1728 203.

1079 1744 1109 1790 I,
1134 1745 1226 1783 196.
1246 1745 1310 1790 111,
1335 1746 1398 1783 11.
1428 1744 1476 1790 H,
1506 1745 1560 1784 29
1590 1749 1654 1779 aut
1685 1743 1744 1782 δι-

1083 1795 1274 1838 enni-niem
1308 1800 1390 1848 VH,
1415 1802 1507 1840 101.
1531 1801 1624 1840 122.
1648 1798 1744 1840 147.

1081 1857 1129 1904 H,
1149 1857 1218 1896 29.

1136 1920 1204 1961 καὶ
1229 1917 1464 1976 ἐπέγραφον
1493 1922 1536 1962 οἵ
1560 1938 1742 1975 γραμμα-

1080 1979 1224 2028 τισταί]
1256 1979 1356 2016 Sunt
1375 1980 1509 2017 scribae
1518 1982 1621 2028 regii,
1644 1992 1721 2031 quo

1080 2048 1166 2072 rum
1180 2037 1259 2072 iam
1274 2038 1510 2072 mentionem
1530 2035 1603 2072 feci
1613 2037 1652 2072 in
1666 2049 1741 2073 no-

1079 2098 1117 2128 ta
1145 2090 1192 2128 ad
1222 2092 1302 2139 VII,
1337 2094 1391 2132 60
1420 2092 1505 2128 coll.
1536 2091 1635 2139 VIII,
1670 2094 1738 2133 90.

1078 2149 1136 2183 De
1167 2148 1302 2199 quibus
1341 2148 1449 2197 plura
1478 2148 1645 2184 Brisson.
1680 2149 1738 2184 De

1077 2214 1157 2252 reg.
1179 2205 1282 2240 Pers.
1303 2204 1462 2254 princip.
1482 2205 1511 2250 Ι,
1533 2207 1628 2245 218.
1642 2206 1738 2245 219.

1077 2260 1125 2305 11,
1139 2261 1233 2300 239.
1246 2258 1481 2300 Freinshem.
1502 2259 1551 2296 ad
1565 2260 1740 2298 Curtium

1079 2316 1159 2361 Vll,
1185 2319 1222 2361 3,
1243 2314 1280 2355 4.
1330 2317 1379 2352 Et
1399 2315 1486 2353 vide
1508 2329 1661 2369 quoque
1681 2318 1740 2354 al-

1077 2372 1154 2408 lata
1175 2371 1222 2408 ad
1241 2374 1306 2420 111,
1333 2374 1422 2413 128.
1441 2393 1496 2401 --
1525 2374 1569 2410 In
1589 2387 1669 2425 seq.
1690 2372 1738 2411 ad

1077 2429 1239 2466 verbum
1267 2424 1505 2468 καθελκύειν
1531 2429 1610 2467 vid.
1639 2437 1737 2468 nott.

1079 2484 1127 2521 ad
1145 2486 1247 2532 RVH,
1279 2486 1346 2526 59.
1391 2486 1544 2523 Aureum
1598 2487 1738 2524 Xems

1077 2542 1283 2578 tentorium
1298 2543 1404 2592 attigi
1422 2544 1462 2578 in
1482 2549 1572 2579 nota
1593 2542 1641 2580 ad
1655 2544 1736 2591 Vll,

1078 2598 1144 2639 54.
1168 2597 1356 2636 Sidoniam
1372 2611 1511 2636 navem
1521 2598 1624 2651 quod
1634 2600 1736 2635 Xer-

1076 2668 1143 2691 xes
1183 2654 1424 2703 conscendit,
1471 2667 1521 2691 ne
1568 2656 1738 2704 111irer153

1076 2724 1244 2764 namque
1267 2711 1491 2749 Sidoniorum
1510 2723 1624 2749 naves
1645 2712 1735 2749 reli-

1077 2769 1159 2819 quis
1177 2769 1401 2819 praestitisse
1419 2767 1585 2805 multum
1604 2767 1734 2819 digni-

1076 2831 1163 2872 tate,
1193 2824 1424 2863 documento
1444 2831 1531 2861 suut
1558 2825 1630 2862 loci
1651 2825 1732 2862 He-

1880 3170 1897 3340 ‘’fi-—
