<?xml version="1.0" encoding="UTF-8"?>
<!DOCTYPE html PUBLIC "-//W3C//DTD XHTML 1.0 Transitional//EN"
    "http://www.w3.org/TR/xhtml1/DTD/xhtml1-transitional.dtd">
<html xmlns="http://www.w3.org/1999/xhtml" xml:lang="en" lang="en">
 <head>
  <title>
</title>
<meta http-equiv="Content-Type" content="text/html;charset=utf-8" />
  <meta name='ocr-system' content='tesseract 3.04.00' />
  <meta name='ocr-capabilities' content='ocr_page ocr_carea ocr_par ocr_line ocrx_word'/>
</head>
<body>
  <div class='ocr_page' id='page_1' title='image "./musaeher03hero_0319.png"; bbox 0 0 1897 3340; ppageno 0'>
   <div class='ocr_carea' id='block_1_1' title="bbox 571 173 1009 215">
    <p class='ocr_par' dir='ltr' id='par_1_1' title="bbox 571 173 1009 215">
     <span class='ocr_line' id='line_1_1' title="bbox 571 173 1009 215; baseline -0.007 0"><span class='ocrx_word' id='word_1_1' title='bbox 571 173 875 215; x_wconf 87' lang='lat' dir='ltr'><strong>ERATO.</strong></span> <span class='ocrx_word' id='word_1_2' title='bbox 933 173 1009 213; x_wconf 94' lang='lat' dir='ltr'><strong>VI.</strong></span> 
     </span>
    </p>
   </div>
   <div class='ocr_carea' id='block_1_2' title="bbox 1318 177 1432 222">
    <p class='ocr_par' dir='ltr' id='par_1_2' title="bbox 1318 177 1432 222">
     <span class='ocr_line' id='line_1_2' title="bbox 1318 177 1432 222; baseline -0.026 0"><span class='ocrx_word' id='word_1_3' title='bbox 1318 210 1325 222; x_wconf 86' lang='lat'><strong>.</strong></span> <span class='ocrx_word' id='word_1_4' title='bbox 1346 177 1432 219; x_wconf 69' lang='lat'><strong>307</strong></span> 
     </span>
    </p>
   </div>
   <div class='ocr_carea' id='block_1_3' title="bbox 139 280 1430 412">
    <p class='ocr_par' dir='ltr' id='par_1_3' title="bbox 139 280 1430 412">
     <span class='ocr_line' id='line_1_3' title="bbox 139 280 1430 346; baseline -0.007 -12"><span class='ocrx_word' id='word_1_5' title='bbox 139 288 416 346; x_wconf 81' lang='grc' dir='ltr'><em>7ἐστρωμένῃ</em></span> <span class='ocrx_word' id='word_1_6' title='bbox 446 286 690 342; x_wconf 79' lang='grc' dir='ltr'><strong><em>ἐκφέρουσι.</em></strong></span> <span class='ocrx_word' id='word_1_7' title='bbox 741 280 869 326; x_wconf 71' lang='grc' dir='ltr'><em>ἐπεάν</em></span> <span class='ocrx_word' id='word_1_8' title='bbox 896 282 942 326; x_wconf 79' lang='grc' dir='ltr'><strong>δὲ</strong></span> <span class='ocrx_word' id='word_1_9' title='bbox 971 280 1169 334; x_wconf 75' lang='grc' dir='ltr'><em>θάψωσι,</em></span> <span class='ocrx_word' id='word_1_10' title='bbox 1199 280 1336 338; x_wconf 78' lang='grc' dir='ltr'><em>ἀγορή</em></span> <span class='ocrx_word' id='word_1_11' title='bbox 1366 284 1430 326; x_wconf 83' lang='grc' dir='ltr'><strong>δέ-</strong></span> 
     </span>
     <span class='ocr_line' id='line_1_4' title="bbox 170 347 1429 412; baseline -0.006 -11"><span class='ocrx_word' id='word_1_12' title='bbox 170 374 227 401; x_wconf 80' lang='grc' dir='ltr'><strong>κα</strong></span> <span class='ocrx_word' id='word_1_13' title='bbox 273 356 462 412; x_wconf 81' lang='grc' dir='ltr'><em>ἡμερέων</em></span> <span class='ocrx_word' id='word_1_14' title='bbox 510 350 594 396; x_wconf 81' lang='grc' dir='ltr'><strong>οὐκ</strong></span> <span class='ocrx_word' id='word_1_15' title='bbox 645 351 813 393; x_wconf 83' lang='grc' dir='ltr'><em>ἵσταταί</em></span> <span class='ocrx_word' id='word_1_16' title='bbox 863 361 964 406; x_wconf 86' lang='grc' dir='ltr'><em>σφι,</em></span> <span class='ocrx_word' id='word_1_17' title='bbox 1022 347 1126 394; x_wconf 77' lang='grc' dir='ltr'><em>οὐδ’</em></span> <span class='ocrx_word' id='word_1_18' title='bbox 1177 348 1429 408; x_wconf 75' lang='grc' dir='ltr'><em>ἀρχαιρεσίη</em></span> 
     </span>
    </p>
   </div>
   <div class='ocr_carea' id='block_1_4' title="bbox 7 416 1722 478">
    <p class='ocr_par' dir='ltr' id='par_1_4' title="bbox 7 416 1722 478">
     <span class='ocr_line' id='line_1_5' title="bbox 7 416 1722 478; baseline -0.003 -8"><span class='ocrx_word' id='word_1_19' title='bbox 7 428 12 469; x_wconf 77' lang='lat' dir='ltr'>i</span> <span class='ocrx_word' id='word_1_20' title='bbox 45 421 112 469; x_wconf 83' lang='lat'><strong>59</strong></span> <span class='ocrx_word' id='word_1_21' title='bbox 169 427 348 478; x_wconf 83' lang='grc' dir='ltr'><em>συνίζει,</em></span> <span class='ocrx_word' id='word_1_22' title='bbox 377 421 483 465; x_wconf 73' lang='grc' dir='ltr'><strong>ἀλλὰ</strong></span> <span class='ocrx_word' id='word_1_23' title='bbox 510 418 745 463; x_wconf 80' lang='grc' dir='ltr'><em>πενθέουσι</em></span> <span class='ocrx_word' id='word_1_24' title='bbox 773 416 934 469; x_wconf 81' lang='grc' dir='ltr'><em>ταύτας</em></span> <span class='ocrx_word' id='word_1_25' title='bbox 969 417 1046 470; x_wconf 74' lang='grc' dir='ltr'><strong>τοὶς</strong></span> <span class='ocrx_word' id='word_1_26' title='bbox 1074 416 1249 474; x_wconf 79' lang='grc' dir='ltr'><strong>ἡμέρας.</strong></span> <span class='ocrx_word' id='word_1_27' title='bbox 1311 422 1431 474; x_wconf 86' lang='grc' dir='ltr'><em>Συμ-</em></span> <span class='ocrx_word' id='word_1_28' title='bbox 1489 434 1557 462; x_wconf 74' lang='lat' dir='ltr'><strong>Alia</strong></span> <span class='ocrx_word' id='word_1_29' title='bbox 1582 435 1722 464; x_wconf 77' lang='lat' dir='ltr'><strong>instituta</strong></span> 
     </span>
    </p>
   </div>
   <div class='ocr_carea' id='block_1_5' title="bbox 162 484 1450 815">
    <p class='ocr_par' dir='ltr' id='par_1_5' title="bbox 162 484 1450 815">
     <span class='ocr_line' id='line_1_6' title="bbox 166 484 1428 548; baseline -0.005 -13"><span class='ocrx_word' id='word_1_30' title='bbox 166 492 376 548; x_wconf 85' lang='grc' dir='ltr'><em>φέρονται</em></span> <span class='ocrx_word' id='word_1_31' title='bbox 404 488 450 532; x_wconf 83' lang='grc' dir='ltr'><strong>δὲ</strong></span> <span class='ocrx_word' id='word_1_32' title='bbox 476 487 581 531; x_wconf 75' lang='grc' dir='ltr'><em>ἄλλο</em></span> <span class='ocrx_word' id='word_1_33' title='bbox 619 485 718 530; x_wconf 85' lang='grc' dir='ltr'><em>τόδε</em></span> <span class='ocrx_word' id='word_1_34' title='bbox 747 491 858 530; x_wconf 88' lang='grc' dir='ltr'><em>τοῖσι</em></span> <span class='ocrx_word' id='word_1_35' title='bbox 899 486 1106 544; x_wconf 79' lang='grc' dir='ltr'><em>Πέρσῃσι.</em></span> <span class='ocrx_word' id='word_1_36' title='bbox 1155 484 1285 530; x_wconf 79' lang='grc' dir='ltr'><em>ἐπεὰν</em></span> <span class='ocrx_word' id='word_1_37' title='bbox 1315 484 1428 529; x_wconf 82' lang='grc' dir='ltr'><em>ἀπο-</em></span> 
     </span>
     <span class='ocr_line' id='line_1_7' title="bbox 164 553 1450 612; baseline -0.005 -9"><span class='ocrx_word' id='word_1_38' title='bbox 164 558 380 608; x_wconf 79' lang='grc' dir='ltr'><em>θανόντος</em></span> <span class='ocrx_word' id='word_1_39' title='bbox 417 559 497 599; x_wconf 86' lang='grc' dir='ltr'><strong>τοῦ</strong></span> <span class='ocrx_word' id='word_1_40' title='bbox 535 556 737 612; x_wconf 79' lang='grc' dir='ltr'><em>βασιλέος</em></span> <span class='ocrx_word' id='word_1_41' title='bbox 782 554 912 605; x_wconf 76' lang='grc' dir='ltr'><em>ἄλλος</em></span> <span class='ocrx_word' id='word_1_42' title='bbox 949 555 1166 612; x_wconf 79' lang='grc' dir='ltr'><em>ἐνίστηται</em></span> <span class='ocrx_word' id='word_1_43' title='bbox 1205 553 1450 609; x_wconf 80' lang='grc' dir='ltr'><em>βασιλεὺς,1</em></span> 
     </span>
     <span class='ocr_line' id='line_1_8' title="bbox 162 621 1429 678; baseline -0.003 -8"><span class='ocrx_word' id='word_1_44' title='bbox 162 621 293 677; x_wconf 80' lang='grc' dir='ltr'><em>οὗτος</em></span> <span class='ocrx_word' id='word_1_45' title='bbox 342 623 366 667; x_wconf 91' lang='grc' dir='ltr'>ὁ</span> <span class='ocrx_word' id='word_1_46' title='bbox 414 624 542 667; x_wconf 76' lang='grc' dir='ltr'><em>ἐσιών</em></span> <span class='ocrx_word' id='word_1_47' title='bbox 595 623 820 676; x_wconf 78' lang='grc' dir='ltr'><em>ἐλευθεροῖ</em></span> <span class='ocrx_word' id='word_1_48' title='bbox 863 622 983 672; x_wconf 78' lang='grc' dir='ltr'><em>ὅστις</em></span> <span class='ocrx_word' id='word_1_49' title='bbox 1023 638 1065 665; x_wconf 93' lang='grc' dir='ltr'><em>τι</em></span> <span class='ocrx_word' id='word_1_50' title='bbox 1114 623 1429 678; x_wconf 80' lang='grc' dir='ltr'><em>Σπαρτιητέων</em></span> 
     </span>
     <span class='ocr_line' id='line_1_9' title="bbox 162 686 1428 749; baseline -0.002 -13"><span class='ocrx_word' id='word_1_51' title='bbox 162 695 225 748; x_wconf 76' lang='grc' dir='ltr'><strong>τῷ</strong></span> <span class='ocrx_word' id='word_1_52' title='bbox 259 689 430 747; x_wconf 82' lang='grc' dir='ltr'><em>βασιλέϊ</em></span> <span class='ocrx_word' id='word_1_53' title='bbox 455 690 484 747; x_wconf 79' lang='grc' dir='ltr'><strong><em>ἢ</em></strong></span> <span class='ocrx_word' id='word_1_54' title='bbox 523 693 584 747; x_wconf 75' lang='grc' dir='ltr'><strong>τῷ</strong></span> <span class='ocrx_word' id='word_1_55' title='bbox 623 691 819 749; x_wconf 83' lang='grc' dir='ltr'><em>δημοσίῳ</em></span> <span class='ocrx_word' id='word_1_56' title='bbox 865 688 1041 745; x_wconf 76' lang='grc' dir='ltr'><em>ὤφειλε·</em></span> <span class='ocrx_word' id='word_1_57' title='bbox 1083 688 1131 732; x_wconf 83' lang='grc' dir='ltr'><em>ἐν</em></span> <span class='ocrx_word' id='word_1_58' title='bbox 1161 688 1203 732; x_wconf 86' lang='grc' dir='ltr'><strong>δ’</strong></span> <span class='ocrx_word' id='word_1_59' title='bbox 1228 686 1285 734; x_wconf 79' lang='grc' dir='ltr'><strong>αὖ</strong></span> <span class='ocrx_word' id='word_1_60' title='bbox 1318 691 1428 746; x_wconf 88' lang='grc' dir='ltr'><em>Πέρ-</em></span> 
     </span>
     <span class='ocr_line' id='line_1_10' title="bbox 165 756 1430 815; baseline 0.001 -14"><span class='ocrx_word' id='word_1_61' title='bbox 165 769 265 815; x_wconf 79' lang='grc' dir='ltr'><em>σῃσι</em></span> <span class='ocrx_word' id='word_1_62' title='bbox 291 756 314 801; x_wconf 90' lang='grc' dir='ltr'>ὁ</span> <span class='ocrx_word' id='word_1_63' title='bbox 345 759 656 815; x_wconf 79' lang='grc' dir='ltr'><em>κατιστάμενος</em></span> <span class='ocrx_word' id='word_1_64' title='bbox 685 756 889 814; x_wconf 79' lang='grc' dir='ltr'><em>βασιλεύς</em></span> <span class='ocrx_word' id='word_1_65' title='bbox 918 758 994 803; x_wconf 76' lang='grc' dir='ltr'><em>τόν</em></span> <span class='ocrx_word' id='word_1_66' title='bbox 1019 756 1430 813; x_wconf 80' lang='grc' dir='ltr'><em>προσοφειλόμενον</em></span> 
     </span>
    </p>
   </div>
   <div class='ocr_carea' id='block_1_6' title="bbox 118 889 388 896">
    <p class='ocr_par' dir='ltr' id='par_1_6' title="bbox 118 889 388 896">
     <span class='ocr_line' id='line_1_11' title="bbox 118 889 388 896; baseline 0 2444"><span class='ocrx_word' id='word_1_67' title='bbox 118 889 388 896; x_wconf 95' lang='lat' dir='ltr'><strong> </strong></span> 
     </span>
    </p>
   </div>
   <div class='ocr_carea' id='block_1_7' title="bbox 103 975 766 2556">
    <p class='ocr_par' dir='ltr' id='par_1_7' title="bbox 103 975 766 2556">
     <span class='ocr_line' id='line_1_12' title="bbox 107 975 763 1028; baseline -0.003 -13"><span class='ocrx_word' id='word_1_68' title='bbox 107 977 249 1015; x_wconf 85' lang='lat' dir='ltr'><strong>Sensus</strong></span> <span class='ocrx_word' id='word_1_69' title='bbox 269 983 346 1015; x_wconf 78' lang='lat' dir='ltr'><strong>est:</strong></span> <span class='ocrx_word' id='word_1_70' title='bbox 370 975 537 1028; x_wconf 80' lang='lat' dir='ltr'><strong>effigiem</strong></span> <span class='ocrx_word' id='word_1_71' title='bbox 547 976 645 1027; x_wconf 80' lang='lat' dir='ltr'><strong>regis</strong></span> <span class='ocrx_word' id='word_1_72' title='bbox 655 989 763 1014; x_wconf 89' lang='lat' dir='ltr'><strong>mor-</strong></span> 
     </span>
     <span class='ocr_line' id='line_1_13' title="bbox 106 1034 763 1085; baseline -0.002 -14"><span class='ocrx_word' id='word_1_73' title='bbox 106 1036 161 1071; x_wconf 81' lang='lat' dir='ltr'><strong>tui</strong></span> <span class='ocrx_word' id='word_1_74' title='bbox 181 1035 452 1085; x_wconf 80' lang='lat' dir='ltr'>comparabant</span> <span class='ocrx_word' id='word_1_75' title='bbox 468 1047 629 1085; x_wconf 86' lang='lat' dir='ltr'><strong>eamque</strong></span> <span class='ocrx_word' id='word_1_76' title='bbox 649 1036 689 1070; x_wconf 85' lang='lat' dir='ltr'><strong>in</strong></span> <span class='ocrx_word' id='word_1_77' title='bbox 703 1034 763 1070; x_wconf 92' lang='lat' dir='ltr'><strong>le-</strong></span> 
     </span>
     <span class='ocr_line' id='line_1_14' title="bbox 106 1089 764 1136; baseline -0.003 -8"><span class='ocrx_word' id='word_1_78' title='bbox 106 1097 167 1128; x_wconf 83' lang='lat' dir='ltr'><strong>cto</strong></span> <span class='ocrx_word' id='word_1_79' title='bbox 199 1092 296 1127; x_wconf 91' lang='lat' dir='ltr'><strong>bene</strong></span> <span class='ocrx_word' id='word_1_80' title='bbox 322 1098 435 1128; x_wconf 84' lang='lat' dir='ltr'><strong>strato</strong></span> <span class='ocrx_word' id='word_1_81' title='bbox 458 1089 693 1136; x_wconf 85' lang='lat' dir='ltr'><strong>efferebant,</strong></span> <span class='ocrx_word' id='word_1_82' title='bbox 732 1091 764 1127; x_wconf 90' lang='lat' dir='ltr'><strong>si</strong></span> 
     </span>
     <span class='ocr_line' id='line_1_15' title="bbox 106 1147 762 1199; baseline -0.002 -15"><span class='ocrx_word' id='word_1_83' title='bbox 106 1160 251 1199; x_wconf 87' lang='lat' dir='ltr'>nempe</span> <span class='ocrx_word' id='word_1_84' title='bbox 289 1147 451 1185; x_wconf 77' lang='lat' dir='ltr'><strong>cadaver</strong></span> <span class='ocrx_word' id='word_1_85' title='bbox 482 1147 660 1197; x_wconf 81' lang='lat' dir='ltr'><strong>Spartam</strong></span> <span class='ocrx_word' id='word_1_86' title='bbox 699 1160 762 1183; x_wconf 90' lang='lat' dir='ltr'><strong>re-</strong></span> 
     </span>
     <span class='ocr_line' id='line_1_16' title="bbox 103 1203 764 1254; baseline 0.002 -14"><span class='ocrx_word' id='word_1_87' title='bbox 103 1204 194 1240; x_wconf 87' lang='lat' dir='ltr'><strong>ferri</strong></span> <span class='ocrx_word' id='word_1_88' title='bbox 232 1203 336 1241; x_wconf 84' lang='lat' dir='ltr'><strong>haud</strong></span> <span class='ocrx_word' id='word_1_89' title='bbox 376 1203 579 1241; x_wconf 88' lang='lat' dir='ltr'><strong>commode</strong></span> <span class='ocrx_word' id='word_1_90' title='bbox 628 1205 764 1254; x_wconf 86' lang='lat' dir='ltr'><strong>potuit.</strong></span> 
     </span>
     <span class='ocr_line' id='line_1_17' title="bbox 105 1259 765 1311; baseline 0 -15"><span class='ocrx_word' id='word_1_91' title='bbox 105 1262 231 1306; x_wconf 78' lang='lat' dir='ltr'><strong>Quam</strong></span> <span class='ocrx_word' id='word_1_92' title='bbox 261 1262 427 1311; x_wconf 84' lang='lat' dir='ltr'><strong>effigiem</strong></span> <span class='ocrx_word' id='word_1_93' title='bbox 466 1259 620 1296; x_wconf 87' lang='lat' dir='ltr'><strong>honoris</strong></span> <span class='ocrx_word' id='word_1_94' title='bbox 651 1273 765 1297; x_wconf 85' lang='lat' dir='ltr'><strong>causa</strong></span> 
     </span>
     <span class='ocr_line' id='line_1_18' title="bbox 105 1315 765 1355; baseline 0.002 -2"><span class='ocrx_word' id='word_1_95' title='bbox 105 1317 247 1354; x_wconf 80' lang='lat' dir='ltr'><strong>factam</strong></span> <span class='ocrx_word' id='word_1_96' title='bbox 268 1331 345 1354; x_wconf 88' lang='lat' dir='ltr'><strong>esse</strong></span> <span class='ocrx_word' id='word_1_97' title='bbox 365 1315 478 1354; x_wconf 81' lang='lat' dir='ltr'>tradit</span> <span class='ocrx_word' id='word_1_98' title='bbox 500 1318 541 1353; x_wconf 86' lang='lat' dir='ltr'><strong>C.</strong></span> <span class='ocrx_word' id='word_1_99' title='bbox 554 1318 597 1355; x_wconf 92' lang='lat' dir='ltr'><strong>O.</strong></span> <span class='ocrx_word' id='word_1_100' title='bbox 614 1317 765 1354; x_wconf 72' lang='lat' dir='ltr'><strong>Mtiller.</strong></span> 
     </span>
     <span class='ocr_line' id='line_1_19' title="bbox 105 1372 765 1423; baseline 0 -13"><span class='ocrx_word' id='word_1_101' title='bbox 105 1373 260 1411; x_wconf 85' lang='lat' dir='ltr'><strong>Handb.</strong></span> <span class='ocrx_word' id='word_1_102' title='bbox 291 1373 328 1411; x_wconf 86' lang='lat' dir='ltr'><strong>d.</strong></span> <span class='ocrx_word' id='word_1_103' title='bbox 358 1372 611 1423; x_wconf 90' lang='lat' dir='ltr'><strong>Archaeolog.</strong></span> <span class='ocrx_word' id='word_1_104' title='bbox 644 1375 681 1419; x_wconf 63' lang='grc' dir='ltr'><strong>ξ.</strong></span> <span class='ocrx_word' id='word_1_105' title='bbox 711 1375 765 1414; x_wconf 86' lang='grc'><strong>88</strong></span> 
     </span>
     <span class='ocr_line' id='line_1_20' title="bbox 104 1430 766 1481; baseline -0.002 -14"><span class='ocrx_word' id='word_1_106' title='bbox 104 1438 186 1470; x_wconf 86' lang='lat' dir='ltr'><strong>not.</strong></span> <span class='ocrx_word' id='word_1_107' title='bbox 203 1432 390 1468; x_wconf 91' lang='lat' dir='ltr'><strong>coll.Dor.</strong></span> <span class='ocrx_word' id='word_1_108' title='bbox 404 1432 487 1481; x_wconf 87' lang='lat' dir='ltr'><strong>Hp.</strong></span> <span class='ocrx_word' id='word_1_109' title='bbox 510 1432 562 1471; x_wconf 86' lang='lat'><strong>98</strong></span> <span class='ocrx_word' id='word_1_110' title='bbox 583 1443 676 1481; x_wconf 62' lang='lat' dir='ltr'><strong>seq„</strong></span> <span class='ocrx_word' id='word_1_111' title='bbox 698 1430 766 1466; x_wconf 86' lang='lat' dir='ltr'><strong>ubi</strong></span> 
     </span>
     <span class='ocr_line' id='line_1_21' title="bbox 106 1487 766 1539; baseline -0.005 -14"><span class='ocrx_word' id='word_1_112' title='bbox 106 1487 156 1530; x_wconf 61' lang='lat' dir='ltr'><strong>de</strong></span> <span class='ocrx_word' id='word_1_113' title='bbox 176 1489 327 1539; x_wconf 87' lang='lat' dir='ltr'><strong>publica</strong></span> <span class='ocrx_word' id='word_1_114' title='bbox 338 1488 478 1524; x_wconf 89' lang='lat' dir='ltr'><strong>mortui</strong></span> <span class='ocrx_word' id='word_1_115' title='bbox 498 1487 677 1537; x_wconf 86' lang='lat' dir='ltr'><strong>principis</strong></span> <span class='ocrx_word' id='word_1_116' title='bbox 693 1499 766 1523; x_wconf 86' lang='lat' dir='ltr'><strong>ex-</strong></span> 
     </span>
     <span class='ocr_line' id='line_1_22' title="bbox 104 1543 763 1596; baseline -0.002 -15"><span class='ocrx_word' id='word_1_117' title='bbox 104 1546 291 1596; x_wconf 84' lang='lat' dir='ltr'>positione</span> <span class='ocrx_word' id='word_1_118' title='bbox 311 1546 351 1580; x_wconf 89' lang='lat' dir='ltr'><strong>in</strong></span> <span class='ocrx_word' id='word_1_119' title='bbox 372 1544 498 1593; x_wconf 83' lang='lat' dir='ltr'><strong>effigie</strong></span> <span class='ocrx_word' id='word_1_120' title='bbox 512 1572 521 1590; x_wconf 84' lang='grc'><em>,</em></span> <span class='ocrx_word' id='word_1_121' title='bbox 545 1556 642 1595; x_wconf 87' lang='lat' dir='ltr'><strong>quae</strong></span> <span class='ocrx_word' id='word_1_122' title='bbox 661 1543 763 1580; x_wconf 82' lang='lat' dir='ltr'><strong>lecto</strong></span> 
     </span>
     <span class='ocr_line' id='line_1_23' title="bbox 103 1598 766 1652; baseline -0.005 -14"><span class='ocrx_word' id='word_1_123' title='bbox 103 1601 393 1652; x_wconf 86' lang='lat' dir='ltr'><strong>superimposita</strong></span> <span class='ocrx_word' id='word_1_124' title='bbox 412 1600 538 1646; x_wconf 84' lang='lat' dir='ltr'><strong>fuerit,</strong></span> <span class='ocrx_word' id='word_1_125' title='bbox 571 1598 634 1636; x_wconf 89' lang='lat' dir='ltr'><strong>hic</strong></span> <span class='ocrx_word' id='word_1_126' title='bbox 655 1600 766 1649; x_wconf 80' lang='lat' dir='ltr'><strong>cogi-</strong></span> 
     </span>
     <span class='ocr_line' id='line_1_24' title="bbox 104 1655 764 1709; baseline -0.003 -15"><span class='ocrx_word' id='word_1_127' title='bbox 104 1659 176 1694; x_wconf 77' lang='lat' dir='ltr'><strong>tari</strong></span> <span class='ocrx_word' id='word_1_128' title='bbox 187 1659 268 1695; x_wconf 84' lang='lat' dir='ltr'><strong>vult</strong></span> <span class='ocrx_word' id='word_1_129' title='bbox 279 1659 451 1709; x_wconf 86' lang='lat' dir='ltr'><strong>beneque</strong></span> <span class='ocrx_word' id='word_1_130' title='bbox 472 1655 620 1704; x_wconf 83' lang='lat' dir='ltr'><strong>adiecit,</strong></span> <span class='ocrx_word' id='word_1_131' title='bbox 643 1669 764 1708; x_wconf 86' lang='lat' dir='ltr'><strong>quae-</strong></span> 
     </span>
     <span class='ocr_line' id='line_1_25' title="bbox 105 1711 764 1766; baseline -0.005 -15"><span class='ocrx_word' id='word_1_132' title='bbox 105 1727 257 1766; x_wconf 88' lang='lat' dir='ltr'><strong>cunque</strong></span> <span class='ocrx_word' id='word_1_133' title='bbox 277 1715 427 1765; x_wconf 86' lang='lat' dir='ltr'><strong>regibus</strong></span> <span class='ocrx_word' id='word_1_134' title='bbox 442 1714 600 1750; x_wconf 86' lang='lat' dir='ltr'>mortuis</span> <span class='ocrx_word' id='word_1_135' title='bbox 620 1711 682 1749; x_wconf 77' lang='lat' dir='ltr'><strong>hic</strong></span> <span class='ocrx_word' id='word_1_136' title='bbox 692 1713 764 1749; x_wconf 85' lang='lat' dir='ltr'><strong>tri-</strong></span> 
     </span>
     <span class='ocr_line' id='line_1_26' title="bbox 104 1769 764 1818; baseline -0.003 -11"><span class='ocrx_word' id='word_1_137' title='bbox 104 1771 273 1808; x_wconf 89' lang='lat' dir='ltr'><strong>buantur</strong></span> <span class='ocrx_word' id='word_1_138' title='bbox 283 1801 292 1818; x_wconf 91' lang='lat'>‚</span> <span class='ocrx_word' id='word_1_139' title='bbox 324 1785 367 1808; x_wconf 88' lang='lat' dir='ltr'><strong>ea</strong></span> <span class='ocrx_word' id='word_1_140' title='bbox 380 1770 427 1807; x_wconf 87' lang='lat' dir='ltr'><strong>ad</strong></span> <span class='ocrx_word' id='word_1_141' title='bbox 443 1769 604 1806; x_wconf 87' lang='lat' dir='ltr'><strong>heroum</strong></span> <span class='ocrx_word' id='word_1_142' title='bbox 617 1770 764 1806; x_wconf 88' lang='lat' dir='ltr'><strong>cultum</strong></span> 
     </span>
     <span class='ocr_line' id='line_1_27' title="bbox 103 1827 764 1878; baseline -0.002 -14"><span class='ocrx_word' id='word_1_143' title='bbox 103 1829 342 1878; x_wconf 84' lang='lat' dir='ltr'><strong>potissimum</strong></span> <span class='ocrx_word' id='word_1_144' title='bbox 372 1828 587 1878; x_wconf 83' lang='lat' dir='ltr'><strong>pertinere3</strong></span> <span class='ocrx_word' id='word_1_145' title='bbox 637 1827 688 1862; x_wconf 87' lang='lat' dir='ltr'><strong>ita</strong></span> <span class='ocrx_word' id='word_1_146' title='bbox 720 1833 764 1863; x_wconf 91' lang='lat' dir='ltr'><strong>ut</strong></span> 
     </span>
     <span class='ocr_line' id='line_1_28' title="bbox 103 1882 764 1935; baseline -0.005 -14"><span class='ocrx_word' id='word_1_147' title='bbox 103 1883 220 1921; x_wconf 89' lang='lat' dir='ltr'><strong>hosce</strong></span> <span class='ocrx_word' id='word_1_148' title='bbox 243 1898 349 1934; x_wconf 87' lang='lat' dir='ltr'><strong>reges</strong></span> <span class='ocrx_word' id='word_1_149' title='bbox 370 1897 437 1935; x_wconf 88' lang='lat' dir='ltr'><strong>pro</strong></span> <span class='ocrx_word' id='word_1_150' title='bbox 458 1882 635 1919; x_wconf 83' lang='lat' dir='ltr'><strong>heroibus</strong></span> <span class='ocrx_word' id='word_1_151' title='bbox 656 1883 764 1934; x_wconf 82' lang='lat' dir='ltr'><strong>quasi</strong></span> 
     </span>
     <span class='ocr_line' id='line_1_29' title="bbox 104 1938 762 1992; baseline 0 -16"><span class='ocrx_word' id='word_1_152' title='bbox 104 1938 236 1977; x_wconf 85' lang='lat' dir='ltr'><strong>haberi</strong></span> <span class='ocrx_word' id='word_1_153' title='bbox 248 1942 501 1992; x_wconf 86' lang='lat' dir='ltr'><strong>omnibusque</strong></span> <span class='ocrx_word' id='word_1_154' title='bbox 511 1939 762 1991; x_wconf 87' lang='lat' dir='ltr'><strong>officiis,quae</strong></span> 
     </span>
     <span class='ocr_line' id='line_1_30' title="bbox 103 1997 763 2049; baseline -0.002 -16"><span class='ocrx_word' id='word_1_155' title='bbox 103 1999 259 2034; x_wconf 85' lang='lat' dir='ltr'><strong>Herculi</strong></span> <span class='ocrx_word' id='word_1_156' title='bbox 269 1999 337 2049; x_wconf 88' lang='lat' dir='ltr'><strong>ipsi</strong></span> <span class='ocrx_word' id='word_1_157' title='bbox 348 1999 502 2049; x_wconf 83' lang='lat' dir='ltr'><strong>eiusque</strong></span> <span class='ocrx_word' id='word_1_158' title='bbox 514 1997 644 2047; x_wconf 82' lang='lat' dir='ltr'><strong>generi</strong></span> <span class='ocrx_word' id='word_1_159' title='bbox 653 2009 763 2047; x_wconf 87' lang='lat' dir='ltr'><strong>prae-</strong></span> 
     </span>
     <span class='ocr_line' id='line_1_31' title="bbox 105 2054 761 2104; baseline -0.003 -13"><span class='ocrx_word' id='word_1_160' title='bbox 105 2054 186 2091; x_wconf 85' lang='lat' dir='ltr'><strong>beri</strong></span> <span class='ocrx_word' id='word_1_161' title='bbox 206 2055 260 2092; x_wconf 84' lang='lat' dir='ltr'><strong>fas</strong></span> <span class='ocrx_word' id='word_1_162' title='bbox 282 2061 396 2100; x_wconf 83' lang='lat' dir='ltr'><strong>esset,</strong></span> <span class='ocrx_word' id='word_1_163' title='bbox 427 2054 553 2091; x_wconf 82' lang='lat' dir='ltr'><strong>ornari</strong></span> <span class='ocrx_word' id='word_1_164' title='bbox 575 2059 761 2104; x_wconf 80' lang='lat' dir='ltr'><strong>oporteat.</strong></span> 
     </span>
     <span class='ocr_line' id='line_1_32' title="bbox 104 2107 762 2150; baseline 0.003 -3"><span class='ocrx_word' id='word_1_165' title='bbox 104 2111 163 2147; x_wconf 83' lang='lat' dir='ltr'><strong>De</strong></span> <span class='ocrx_word' id='word_1_166' title='bbox 190 2112 304 2148; x_wconf 82' lang='lat' dir='ltr'><strong>verbo</strong></span> <span class='ocrx_word' id='word_1_167' title='bbox 336 2107 507 2150; x_wconf 69' lang='grc' dir='ltr'><em>θάπτειν</em></span> <span class='ocrx_word' id='word_1_168' title='bbox 536 2110 635 2148; x_wconf 85' lang='lat' dir='ltr'><strong>conf.</strong></span> <span class='ocrx_word' id='word_1_169' title='bbox 666 2117 762 2149; x_wconf 83' lang='lat' dir='ltr'><strong>nott.</strong></span> 
     </span>
     <span class='ocr_line' id='line_1_33' title="bbox 107 2164 762 2219; baseline 0 -16"><span class='ocrx_word' id='word_1_170' title='bbox 107 2166 156 2204; x_wconf 86' lang='lat' dir='ltr'><strong>ad</strong></span> <span class='ocrx_word' id='word_1_171' title='bbox 174 2168 218 2215; x_wconf 83' lang='lat' dir='ltr'><strong>V,</strong></span> <span class='ocrx_word' id='word_1_172' title='bbox 239 2170 276 2208; x_wconf 88' lang='grc'><strong>8.</strong></span> <span class='ocrx_word' id='word_1_173' title='bbox 309 2169 366 2205; x_wconf 91' lang='lat' dir='ltr'><strong>Ob</strong></span> <span class='ocrx_word' id='word_1_174' title='bbox 387 2167 610 2219; x_wconf 80' lang='lat' dir='ltr'><strong>particulam</strong></span> <span class='ocrx_word' id='word_1_175' title='bbox 628 2164 670 2205; x_wconf 80' lang='grc' dir='ltr'><strong>δὲ</strong></span> <span class='ocrx_word' id='word_1_176' title='bbox 688 2168 762 2204; x_wconf 83' lang='lat' dir='ltr'><strong>ite-</strong></span> 
     </span>
     <span class='ocr_line' id='line_1_34' title="bbox 107 2224 761 2262; baseline 0 -2"><span class='ocrx_word' id='word_1_177' title='bbox 107 2231 228 2260; x_wconf 82' lang='lat' dir='ltr'><strong>ratam</strong></span> <span class='ocrx_word' id='word_1_178' title='bbox 247 2224 324 2262; x_wconf 83' lang='lat' dir='ltr'><strong>vid.</strong></span> <span class='ocrx_word' id='word_1_179' title='bbox 347 2226 572 2261; x_wconf 85' lang='lat' dir='ltr'><strong>Buttmann.</strong></span> <span class='ocrx_word' id='word_1_180' title='bbox 599 2225 761 2261; x_wconf 86' lang='lat' dir='ltr'><strong>Excurs.</strong></span> 
     </span>
     <span class='ocr_line' id='line_1_35' title="bbox 109 2279 725 2331; baseline 0.003 -15"><span class='ocrx_word' id='word_1_181' title='bbox 109 2279 157 2317; x_wconf 84' lang='lat' dir='ltr'><strong>ad</strong></span> <span class='ocrx_word' id='word_1_182' title='bbox 176 2280 424 2319; x_wconf 89' lang='lat' dir='ltr'><strong>Demosthen.</strong></span> <span class='ocrx_word' id='word_1_183' title='bbox 451 2280 545 2318; x_wconf 82' lang='lat' dir='ltr'><strong>Mid.</strong></span> <span class='ocrx_word' id='word_1_184' title='bbox 565 2294 603 2331; x_wconf 89' lang='lat' dir='ltr'><strong>p.</strong></span> <span class='ocrx_word' id='word_1_185' title='bbox 631 2280 725 2321; x_wconf 83' lang='lat'><strong>150.</strong></span> 
     </span>
     <span class='ocr_line' id='line_1_36' title="bbox 165 2331 759 2387; baseline 0 -13"><span class='ocrx_word' id='word_1_186' title='bbox 165 2331 290 2387; x_wconf 75' lang='grc' dir='ltr'><em>οἷγορή</em></span> <span class='ocrx_word' id='word_1_187' title='bbox 304 2358 352 2365; x_wconf 90' lang='grc'><strong>-</strong></span> <span class='ocrx_word' id='word_1_188' title='bbox 367 2333 441 2377; x_wconf 73' lang='grc' dir='ltr'><strong>οὐκ</strong></span> <span class='ocrx_word' id='word_1_189' title='bbox 479 2337 634 2377; x_wconf 83' lang='grc' dir='ltr'><em>’ἵσταταί</em></span> <span class='ocrx_word' id='word_1_190' title='bbox 659 2337 759 2386; x_wconf 78' lang='grc' dir='ltr'><em>σφι]</em></span> 
     </span>
     <span class='ocr_line' id='line_1_37' title="bbox 110 2390 764 2443; baseline 0.005 -16"><span class='ocrx_word' id='word_1_191' title='bbox 110 2390 138 2428; x_wconf 83' lang='lat' dir='ltr'><strong>i.</strong></span> <span class='ocrx_word' id='word_1_192' title='bbox 169 2404 202 2428; x_wconf 90' lang='lat' dir='ltr'><strong>e.</strong></span> <span class='ocrx_word' id='word_1_193' title='bbox 232 2395 328 2431; x_wconf 80' lang='lat' dir='ltr'><strong>intra</strong></span> <span class='ocrx_word' id='word_1_194' title='bbox 349 2394 462 2431; x_wconf 74' lang='lat' dir='ltr'><strong>decem</strong></span> <span class='ocrx_word' id='word_1_195' title='bbox 485 2395 559 2431; x_wconf 78' lang='lat' dir='ltr'><strong>dies</strong></span> <span class='ocrx_word' id='word_1_196' title='bbox 587 2406 696 2443; x_wconf 80' lang='lat' dir='ltr'><strong>neque</strong></span> <span class='ocrx_word' id='word_1_197' title='bbox 716 2393 764 2430; x_wconf 85' lang='lat' dir='ltr'><strong>ad</strong></span> 
     </span>
     <span class='ocr_line' id='line_1_38' title="bbox 110 2449 764 2499; baseline 0.008 -17"><span class='ocrx_word' id='word_1_198' title='bbox 110 2449 297 2486; x_wconf 78' lang='lat' dir='ltr'><strong>concionem</strong></span> <span class='ocrx_word' id='word_1_199' title='bbox 328 2452 554 2497; x_wconf 79' lang='lat' dir='ltr'><strong>conveniunt,</strong></span> <span class='ocrx_word' id='word_1_200' title='bbox 581 2462 688 2499; x_wconf 74' lang='lat' dir='ltr'><strong>neque</strong></span> <span class='ocrx_word' id='word_1_201' title='bbox 716 2449 764 2487; x_wconf 86' lang='lat' dir='ltr'><strong>ad</strong></span> 
     </span>
     <span class='ocr_line' id='line_1_39' title="bbox 112 2504 762 2556; baseline 0.006 -17"><span class='ocrx_word' id='word_1_202' title='bbox 112 2506 345 2552; x_wconf 73' lang='lat' dir='ltr'><strong>magistratus</strong></span> <span class='ocrx_word' id='word_1_203' title='bbox 363 2506 549 2554; x_wconf 77' lang='lat' dir='ltr'><strong>eligendos.</strong></span> <span class='ocrx_word' id='word_1_204' title='bbox 580 2504 762 2556; x_wconf 81' lang='lat' dir='ltr'><strong>Schwgh.</strong></span> 
     </span>
    </p>
   </div>
   <div class='ocr_carea' id='block_1_8' title="bbox 110 2556 773 2613">
    <p class='ocr_par' dir='ltr' id='par_1_8' title="bbox 110 2556 773 2613">
     <span class='ocr_line' id='line_1_40' title="bbox 110 2556 773 2613; baseline 0.021 -19"><span class='ocrx_word' id='word_1_205' title='bbox 110 2571 246 2596; x_wconf 77' lang='lat' dir='ltr'><strong>vocem</strong></span> <span class='ocrx_word' id='word_1_206' title='bbox 275 2556 526 2613; x_wconf 73' lang='grc' dir='ltr'><em>ἅρχαιρεσίαν</em></span> <span class='ocrx_word' id='word_1_207' title='bbox 557 2559 604 2597; x_wconf 75' lang='lat' dir='ltr'><strong>de</strong></span> <span class='ocrx_word' id='word_1_208' title='bbox 639 2563 773 2611; x_wconf 70' lang='lat' dir='ltr'><strong>magi·,</strong></span> 
     </span>
    </p>
   </div>
   <div class='ocr_carea' id='block_1_9' title="bbox 113 2618 766 2781">
    <p class='ocr_par' dir='ltr' id='par_1_9' title="bbox 113 2618 766 2781">
     <span class='ocr_line' id='line_1_41' title="bbox 113 2618 766 2667; baseline 0.006 -16"><span class='ocrx_word' id='word_1_209' title='bbox 113 2621 298 2653; x_wconf 81' lang='lat' dir='ltr'><strong>stratuum</strong></span> <span class='ocrx_word' id='word_1_210' title='bbox 328 2632 508 2656; x_wconf 77' lang='lat' dir='ltr'><strong>consessu</strong></span> <span class='ocrx_word' id='word_1_211' title='bbox 541 2618 766 2667; x_wconf 85' lang='lat' dir='ltr'><strong>interpreta-</strong></span> 
     </span>
     <span class='ocr_line' id='line_1_42' title="bbox 114 2674 766 2725; baseline 0.005 -18"><span class='ocrx_word' id='word_1_212' title='bbox 114 2677 188 2708; x_wconf 85' lang='lat' dir='ltr'><strong>tur.</strong></span> <span class='ocrx_word' id='word_1_213' title='bbox 244 2674 345 2710; x_wconf 83' lang='lat' dir='ltr'><strong>Alias</strong></span> <span class='ocrx_word' id='word_1_214' title='bbox 383 2677 672 2725; x_wconf 82' lang='lat' dir='ltr'><strong>magistratuum</strong></span> <span class='ocrx_word' id='word_1_215' title='bbox 710 2680 766 2710; x_wconf 83' lang='lat' dir='ltr'><strong>est</strong></span> 
     </span>
     <span class='ocr_line' id='line_1_43' title="bbox 114 2729 765 2781; baseline 0.008 -18"><span class='ocrx_word' id='word_1_216' title='bbox 114 2729 266 2766; x_wconf 84' lang='lat' dir='ltr'><strong>creatio.</strong></span> <span class='ocrx_word' id='word_1_217' title='bbox 321 2730 406 2770; x_wconf 74' lang='lat' dir='ltr'><strong>vid.</strong></span> <span class='ocrx_word' id='word_1_218' title='bbox 435 2732 571 2768; x_wconf 82' lang='lat' dir='ltr'><strong>Moeris</strong></span> <span class='ocrx_word' id='word_1_219' title='bbox 603 2742 690 2781; x_wconf 89' lang='lat' dir='ltr'><strong>pag.</strong></span> <span class='ocrx_word' id='word_1_220' title='bbox 713 2732 765 2771; x_wconf 91' lang='lat'><strong>10</strong></span> 
     </span>
    </p>
   </div>
   <div class='ocr_carea' id='block_1_10' title="bbox 114 2784 766 2839">
    <p class='ocr_par' dir='ltr' id='par_1_10' title="bbox 114 2784 766 2839">
     <span class='ocr_line' id='line_1_44' title="bbox 114 2784 766 2839; baseline 0.003 -19"><span class='ocrx_word' id='word_1_221' title='bbox 114 2796 193 2837; x_wconf 84' lang='lat' dir='ltr'><strong>seq.</strong></span> <span class='ocrx_word' id='word_1_222' title='bbox 251 2784 388 2824; x_wconf 86' lang='lat' dir='ltr'><strong>Suidas</strong></span> <span class='ocrx_word' id='word_1_223' title='bbox 414 2788 432 2822; x_wconf 95' lang='lat' dir='ltr'>I</span> <span class='ocrx_word' id='word_1_224' title='bbox 458 2801 498 2839; x_wconf 88' lang='lat' dir='ltr'><strong>p.</strong></span> <span class='ocrx_word' id='word_1_225' title='bbox 533 2785 628 2828; x_wconf 82' lang='lat'><strong>341.</strong></span> <span class='ocrx_word' id='word_1_226' title='bbox 683 2786 766 2822; x_wconf 86' lang='lat' dir='ltr'><strong>He-</strong></span> 
     </span>
    </p>
   </div>
   <div class='ocr_carea' id='block_1_11' title="bbox 817 973 1485 1482">
    <p class='ocr_par' dir='ltr' id='par_1_11' title="bbox 817 973 1485 1482">
     <span class='ocr_line' id='line_1_45' title="bbox 817 973 1482 1028; baseline -0.002 -14"><span class='ocrx_word' id='word_1_227' title='bbox 817 973 923 1028; x_wconf 84' lang='lat' dir='ltr'><strong>sych.</strong></span> <span class='ocrx_word' id='word_1_228' title='bbox 945 977 964 1012; x_wconf 96' lang='lat' dir='ltr'>I</span> <span class='ocrx_word' id='word_1_229' title='bbox 982 990 1020 1027; x_wconf 91' lang='lat' dir='ltr'><strong>p.</strong></span> <span class='ocrx_word' id='word_1_230' title='bbox 1045 974 1139 1016; x_wconf 81' lang='lat'><strong>562.</strong></span> <span class='ocrx_word' id='word_1_231' title='bbox 1168 976 1297 1028; x_wconf 85' lang='lat' dir='ltr'><strong>Atque</strong></span> <span class='ocrx_word' id='word_1_232' title='bbox 1318 976 1358 1012; x_wconf 84' lang='lat' dir='ltr'><strong>in</strong></span> <span class='ocrx_word' id='word_1_233' title='bbox 1376 973 1482 1014; x_wconf 89' lang='lat' dir='ltr'><strong>hunc</strong></span> 
     </span>
     <span class='ocr_line' id='line_1_46' title="bbox 818 1032 1483 1071; baseline 0 -1"><span class='ocrx_word' id='word_1_234' title='bbox 818 1046 972 1071; x_wconf 87' lang='lat' dir='ltr'><strong>sensum</strong></span> <span class='ocrx_word' id='word_1_235' title='bbox 1007 1033 1122 1069; x_wconf 90' lang='lat' dir='ltr'><strong>etiam</strong></span> <span class='ocrx_word' id='word_1_236' title='bbox 1142 1033 1274 1070; x_wconf 86' lang='lat' dir='ltr'><strong>Glossa</strong></span> <span class='ocrx_word' id='word_1_237' title='bbox 1304 1032 1483 1070; x_wconf 87' lang='lat' dir='ltr'><strong>Herodo-</strong></span> 
     </span>
     <span class='ocr_line' id='line_1_47' title="bbox 819 1084 1482 1141; baseline 0.002 -14"><span class='ocrx_word' id='word_1_238' title='bbox 819 1097 880 1127; x_wconf 86' lang='lat' dir='ltr'><strong>tea</strong></span> <span class='ocrx_word' id='word_1_239' title='bbox 897 1101 907 1127; x_wconf 90' lang='lat'>:</span> <span class='ocrx_word' id='word_1_240' title='bbox 954 1084 1181 1141; x_wconf 79' lang='grc' dir='ltr'><em>οἷρχαιρεσίη</em></span> <span class='ocrx_word' id='word_1_241' title='bbox 1194 1099 1203 1109; x_wconf 91' lang='grc'><em>·</em></span> <span class='ocrx_word' id='word_1_242' title='bbox 1235 1086 1278 1129; x_wconf 83' lang='grc' dir='ltr'><strong>τὸ</strong></span> <span class='ocrx_word' id='word_1_243' title='bbox 1294 1087 1395 1141; x_wconf 82' lang='grc' dir='ltr'><em>πρὸς</em></span> <span class='ocrx_word' id='word_1_244' title='bbox 1413 1086 1482 1140; x_wconf 76' lang='grc' dir='ltr'><strong>χά-</strong></span> 
     </span>
     <span class='ocr_line' id='line_1_48' title="bbox 821 1141 1484 1199; baseline 0 -13"><span class='ocrx_word' id='word_1_245' title='bbox 821 1162 885 1199; x_wconf 86' lang='grc' dir='ltr'><strong>ριν</strong></span> <span class='ocrx_word' id='word_1_246' title='bbox 919 1149 1080 1191; x_wconf 83' lang='grc' dir='ltr'><em>πολλοῖς</em></span> <span class='ocrx_word' id='word_1_247' title='bbox 1100 1147 1171 1196; x_wconf 80' lang='grc' dir='ltr'><em>ζῆν</em></span> <span class='ocrx_word' id='word_1_248' title='bbox 1191 1145 1256 1185; x_wconf 78' lang='grc' dir='ltr'><strong>καὶ</strong></span> <span class='ocrx_word' id='word_1_249' title='bbox 1281 1143 1322 1186; x_wconf 75' lang='grc' dir='ltr'><strong>τό</strong></span> <span class='ocrx_word' id='word_1_250' title='bbox 1348 1141 1484 1186; x_wconf 77' lang='grc' dir='ltr'><em>ἐπιδό-</em></span> 
     </span>
     <span class='ocr_line' id='line_1_49' title="bbox 821 1199 1484 1255; baseline -0.003 -13"><span class='ocrx_word' id='word_1_251' title='bbox 821 1215 901 1249; x_wconf 85' lang='grc' dir='ltr'><em>σεις</em></span> <span class='ocrx_word' id='word_1_252' title='bbox 913 1199 1122 1255; x_wconf 77' lang='grc' dir='ltr'><em>χρημάτων</em></span> <span class='ocrx_word' id='word_1_253' title='bbox 1133 1206 1352 1242; x_wconf 79' lang='grc' dir='ltr'><em>ποιεῖσθαι.</em></span> <span class='ocrx_word' id='word_1_254' title='bbox 1386 1203 1484 1248; x_wconf 77' lang='lat' dir='ltr'><strong>Qui-</strong></span> 
     </span>
     <span class='ocr_line' id='line_1_50' title="bbox 822 1255 1485 1311; baseline 0.002 -14"><span class='ocrx_word' id='word_1_255' title='bbox 822 1261 891 1297; x_wconf 85' lang='lat' dir='ltr'><strong>bus</strong></span> <span class='ocrx_word' id='word_1_256' title='bbox 912 1259 1047 1296; x_wconf 80' lang='lat' dir='ltr'><strong>iisdem</strong></span> <span class='ocrx_word' id='word_1_257' title='bbox 1059 1260 1218 1296; x_wconf 79' lang='lat' dir='ltr'><strong>verbum</strong></span> <span class='ocrx_word' id='word_1_258' title='bbox 1229 1255 1485 1311; x_wconf 74' lang='grc' dir='ltr'><em>α’ρχαιρεσιοῖ-</em></span> 
     </span>
     <span class='ocr_line' id='line_1_51' title="bbox 824 1314 1484 1368; baseline -0.006 -12"><span class='ocrx_word' id='word_1_259' title='bbox 824 1318 901 1364; x_wconf 83' lang='grc' dir='ltr'><em>ζειν</em></span> <span class='ocrx_word' id='word_1_260' title='bbox 923 1315 1025 1368; x_wconf 86' lang='lat' dir='ltr'><strong>apud</strong></span> <span class='ocrx_word' id='word_1_261' title='bbox 1054 1314 1292 1367; x_wconf 81' lang='lat' dir='ltr'><strong>Hesychium</strong></span> <span class='ocrx_word' id='word_1_262' title='bbox 1311 1317 1338 1352; x_wconf 92' lang='lat' dir='ltr'><strong>l.</strong></span> <span class='ocrx_word' id='word_1_263' title='bbox 1362 1317 1389 1352; x_wconf 91' lang='lat' dir='ltr'><strong>l.</strong></span> <span class='ocrx_word' id='word_1_264' title='bbox 1411 1329 1484 1353; x_wconf 84' lang='lat' dir='ltr'><strong>ex-</strong></span> 
     </span>
     <span class='ocr_line' id='line_1_52' title="bbox 820 1371 1483 1424; baseline 0 -14"><span class='ocrx_word' id='word_1_265' title='bbox 820 1374 988 1424; x_wconf 83' lang='lat' dir='ltr'><strong>ponitur.</strong></span> <span class='ocrx_word' id='word_1_266' title='bbox 1019 1371 1113 1412; x_wconf 78' lang='grc' dir='ltr'><em>ὂέκα</em></span> <span class='ocrx_word' id='word_1_267' title='bbox 1132 1371 1312 1424; x_wconf 74' lang='grc' dir='ltr'><em>ἡμερέων</em></span> <span class='ocrx_word' id='word_1_268' title='bbox 1333 1372 1483 1410; x_wconf 86' lang='lat' dir='ltr'><strong>dictum</strong></span> 
     </span>
     <span class='ocr_line' id='line_1_53' title="bbox 820 1428 1483 1482; baseline 0.005 -16"><span class='ocrx_word' id='word_1_269' title='bbox 820 1437 863 1467; x_wconf 88' lang='lat' dir='ltr'><strong>ut</strong></span> <span class='ocrx_word' id='word_1_270' title='bbox 881 1431 911 1477; x_wconf 92' lang='grc' dir='ltr'><strong>Ι,</strong></span> <span class='ocrx_word' id='word_1_271' title='bbox 936 1429 1026 1478; x_wconf 87' lang='grc'><strong>115,</strong></span> <span class='ocrx_word' id='word_1_272' title='bbox 1049 1428 1132 1479; x_wconf 86' lang='lat' dir='ltr'><strong>(ubi</strong></span> <span class='ocrx_word' id='word_1_273' title='bbox 1153 1429 1201 1466; x_wconf 87' lang='lat' dir='ltr'><strong>cf.</strong></span> <span class='ocrx_word' id='word_1_274' title='bbox 1221 1430 1338 1480; x_wconf 88' lang='lat' dir='ltr'><strong>nott.)</strong></span> <span class='ocrx_word' id='word_1_275' title='bbox 1360 1431 1483 1482; x_wconf 83' lang='grc' dir='ltr'><em>τριῶν</em></span> 
     </span>
    </p>
   </div>
   <div class='ocr_carea' id='block_1_12' title="bbox 821 1484 1260 1615">
    <p class='ocr_par' dir='ltr' id='par_1_12' title="bbox 821 1484 1260 1615">
     <span class='ocr_line' id='line_1_54' title="bbox 821 1484 1015 1539; baseline -0.005 -13"><span class='ocrx_word' id='word_1_276' title='bbox 821 1484 1015 1539; x_wconf 72' lang='grc' dir='ltr'><em>ἡμερέων.</em></span> 
     </span>
     <span class='ocr_line' id='line_1_55' title="bbox 1041 1563 1260 1615; baseline 0.005 -15"><span class='ocrx_word' id='word_1_277' title='bbox 1041 1563 1134 1615; x_wconf 86' lang='lat' dir='ltr'><strong>Cap.</strong></span> <span class='ocrx_word' id='word_1_278' title='bbox 1153 1563 1260 1601; x_wconf 90' lang='lat' dir='ltr'><strong>LIX.</strong></span> 
     </span>
    </p>
   </div>
   <div class='ocr_carea' id='block_1_13' title="bbox 815 1651 1482 2498">
    <p class='ocr_par' dir='ltr' id='par_1_13' title="bbox 815 1651 1482 2498">
     <span class='ocr_line' id='line_1_56' title="bbox 877 1651 1482 1706; baseline 0 -14"><span class='ocrx_word' id='word_1_279' title='bbox 877 1651 1185 1706; x_wconf 83' lang='grc' dir='ltr'><em>Συμφέρονται]</em></span> <span class='ocrx_word' id='word_1_280' title='bbox 1234 1654 1260 1691; x_wconf 88' lang='lat' dir='ltr'><strong>i.</strong></span> <span class='ocrx_word' id='word_1_281' title='bbox 1283 1666 1318 1691; x_wconf 92' lang='lat' dir='ltr'><strong>e.</strong></span> <span class='ocrx_word' id='word_1_282' title='bbox 1359 1665 1482 1692; x_wconf 81' lang='lat' dir='ltr'><strong>conve-</strong></span> 
     </span>
     <span class='ocr_line' id='line_1_57' title="bbox 817 1711 1482 1759; baseline 0 -11"><span class='ocrx_word' id='word_1_283' title='bbox 817 1712 939 1759; x_wconf 79' lang='lat' dir='ltr'><strong>niunt,</strong></span> <span class='ocrx_word' id='word_1_284' title='bbox 981 1713 1218 1758; x_wconf 75' lang='lat' dir='ltr'><strong>consentiunt,</strong></span> <span class='ocrx_word' id='word_1_285' title='bbox 1256 1717 1298 1747; x_wconf 91' lang='lat' dir='ltr'><strong>ut</strong></span> <span class='ocrx_word' id='word_1_286' title='bbox 1324 1711 1353 1757; x_wconf 85' lang='lat' dir='ltr'><strong>I,</strong></span> <span class='ocrx_word' id='word_1_287' title='bbox 1388 1713 1482 1751; x_wconf 83' lang='lat'><strong>173.</strong></span> 
     </span>
     <span class='ocr_line' id='line_1_58' title="bbox 818 1765 1482 1815; baseline 0 -11"><span class='ocrx_word' id='word_1_288' title='bbox 818 1768 865 1815; x_wconf 88' lang='grc' dir='ltr'><strong>ΙΙ,</strong></span> <span class='ocrx_word' id='word_1_289' title='bbox 894 1767 961 1807; x_wconf 89' lang='grc'><strong>44.</strong></span> <span class='ocrx_word' id='word_1_290' title='bbox 984 1770 1052 1808; x_wconf 84' lang='grc'><strong>79.</strong></span> <span class='ocrx_word' id='word_1_291' title='bbox 1072 1770 1139 1808; x_wconf 87' lang='grc'><strong>80.</strong></span> <span class='ocrx_word' id='word_1_292' title='bbox 1170 1768 1233 1815; x_wconf 87' lang='lat' dir='ltr'><strong>IV,</strong></span> <span class='ocrx_word' id='word_1_293' title='bbox 1266 1766 1359 1807; x_wconf 85' lang='lat'><strong>159.</strong></span> <span class='ocrx_word' id='word_1_294' title='bbox 1417 1765 1482 1804; x_wconf 83' lang='lat' dir='ltr'><strong>Ad</strong></span> 
     </span>
     <span class='ocr_line' id='line_1_59' title="bbox 818 1823 1479 1874; baseline 0.002 -13"><span class='ocrx_word' id='word_1_295' title='bbox 818 1824 980 1861; x_wconf 80' lang='lat' dir='ltr'><strong>verbum</strong></span> <span class='ocrx_word' id='word_1_296' title='bbox 1016 1823 1214 1874; x_wconf 80' lang='grc' dir='ltr'><em>ἐνίστηται</em></span> <span class='ocrx_word' id='word_1_297' title='bbox 1252 1823 1353 1860; x_wconf 84' lang='lat' dir='ltr'><strong>conf.</strong></span> <span class='ocrx_word' id='word_1_298' title='bbox 1381 1830 1479 1862; x_wconf 81' lang='lat' dir='ltr'><strong>nott.</strong></span> 
     </span>
     <span class='ocr_line' id='line_1_60' title="bbox 819 1877 1480 1928; baseline 0.003 -11"><span class='ocrx_word' id='word_1_299' title='bbox 819 1879 867 1917; x_wconf 91' lang='lat' dir='ltr'><strong>ad</strong></span> <span class='ocrx_word' id='word_1_300' title='bbox 887 1882 952 1928; x_wconf 90' lang='lat'>111,</span> <span class='ocrx_word' id='word_1_301' title='bbox 976 1882 1043 1921; x_wconf 88' lang='lat'><strong>67.</strong></span> <span class='ocrx_word' id='word_1_302' title='bbox 1072 1881 1172 1917; x_wconf 86' lang='lat' dir='ltr'><strong>Hinc</strong></span> <span class='ocrx_word' id='word_1_303' title='bbox 1196 1893 1292 1916; x_wconf 81' lang='lat' dir='ltr'><strong>mox</strong></span> <span class='ocrx_word' id='word_1_304' title='bbox 1321 1877 1344 1918; x_wconf 84' lang='grc' dir='ltr'>ό</span> <span class='ocrx_word' id='word_1_305' title='bbox 1361 1877 1480 1918; x_wconf 75' lang='grc' dir='ltr'><em>ἐσιών</em></span> 
     </span>
     <span class='ocr_line' id='line_1_61' title="bbox 817 1933 1480 1988; baseline -0.003 -14"><span class='ocrx_word' id='word_1_306' title='bbox 817 1938 898 1974; x_wconf 84' lang='lat' dir='ltr'><strong>scil.</strong></span> <span class='ocrx_word' id='word_1_307' title='bbox 919 1933 991 1988; x_wconf 71' lang='grc' dir='ltr'><em>τήν</em></span> <span class='ocrx_word' id='word_1_308' title='bbox 1013 1933 1141 1988; x_wconf 65' lang='grc' dir='ltr'><em>ἅρχήν</em></span> <span class='ocrx_word' id='word_1_309' title='bbox 1171 1937 1371 1986; x_wconf 73' lang='lat' dir='ltr'><strong>ingrediens</strong></span> <span class='ocrx_word' id='word_1_310' title='bbox 1399 1949 1480 1973; x_wconf 81' lang='lat' dir='ltr'><strong>mu-</strong></span> 
     </span>
     <span class='ocr_line' id='line_1_62' title="bbox 816 1992 1479 2044; baseline 0 -14"><span class='ocrx_word' id='word_1_311' title='bbox 816 2007 896 2031; x_wconf 77' lang='lat' dir='ltr'><strong>nus,</strong></span> <span class='ocrx_word' id='word_1_312' title='bbox 919 2014 969 2022; x_wconf 90' lang='lat'>-</span> <span class='ocrx_word' id='word_1_313' title='bbox 1011 1994 1107 2030; x_wconf 78' lang='lat' dir='ltr'><strong>Mox</strong></span> <span class='ocrx_word' id='word_1_314' title='bbox 1135 1992 1222 2030; x_wconf 88' lang='lat' dir='ltr'><strong>dedi</strong></span> <span class='ocrx_word' id='word_1_315' title='bbox 1252 1994 1372 2044; x_wconf 83' lang='grc' dir='ltr'><em>μετίει</em></span> <span class='ocrx_word' id='word_1_316' title='bbox 1406 2005 1479 2043; x_wconf 87' lang='lat' dir='ltr'><strong>pro</strong></span> 
     </span>
     <span class='ocr_line' id='line_1_63' title="bbox 817 2050 1480 2102; baseline -0.009 -12"><span class='ocrx_word' id='word_1_317' title='bbox 817 2054 950 2102; x_wconf 83' lang='grc' dir='ltr'><em>μετιεῖ,</em></span> <span class='ocrx_word' id='word_1_318' title='bbox 979 2057 1023 2087; x_wconf 85' lang='lat' dir='ltr'><strong>ut</strong></span> <span class='ocrx_word' id='word_1_319' title='bbox 1041 2051 1189 2101; x_wconf 88' lang='lat' dir='ltr'><strong>saepius</strong></span> <span class='ocrx_word' id='word_1_320' title='bbox 1220 2057 1342 2097; x_wconf 83' lang='lat' dir='ltr'><strong>antea,</strong></span> <span class='ocrx_word' id='word_1_321' title='bbox 1363 2050 1480 2085; x_wconf 88' lang='lat' dir='ltr'><strong>item-</strong></span> 
     </span>
     <span class='ocr_line' id='line_1_64' title="bbox 817 2103 1478 2159; baseline -0.006 -12"><span class='ocrx_word' id='word_1_322' title='bbox 817 2120 893 2159; x_wconf 86' lang='lat' dir='ltr'><strong>que</strong></span> <span class='ocrx_word' id='word_1_323' title='bbox 923 2103 1326 2159; x_wconf 75' lang='grc' dir='ltr'><em>προσοφειλόμενον,</em></span> <span class='ocrx_word' id='word_1_324' title='bbox 1373 2105 1478 2157; x_wconf 85' lang='lat' dir='ltr'><strong>quod</strong></span> 
     </span>
     <span class='ocr_line' id='line_1_65' title="bbox 817 2163 1478 2211; baseline -0.002 -10"><span class='ocrx_word' id='word_1_325' title='bbox 817 2177 907 2201; x_wconf 90' lang='lat' dir='ltr'><strong>cum</strong></span> <span class='ocrx_word' id='word_1_326' title='bbox 945 2164 1024 2201; x_wconf 86' lang='lat' dir='ltr'><strong>aliis</strong></span> <span class='ocrx_word' id='word_1_327' title='bbox 1060 2165 1195 2201; x_wconf 85' lang='lat' dir='ltr'><strong>obtulit</strong></span> <span class='ocrx_word' id='word_1_328' title='bbox 1224 2163 1478 2211; x_wconf 68' lang='lat' dir='ltr'><strong>Florentium,</strong></span> 
     </span>
     <span class='ocr_line' id='line_1_66' title="bbox 816 2218 1478 2272; baseline -0.002 -14"><span class='ocrx_word' id='word_1_329' title='bbox 816 2234 886 2272; x_wconf 90' lang='lat' dir='ltr'><strong>pro</strong></span> <span class='ocrx_word' id='word_1_330' title='bbox 919 2218 1277 2272; x_wconf 79' lang='grc' dir='ltr'><em>προοφειλόμενον.</em></span> <span class='ocrx_word' id='word_1_331' title='bbox 1315 2241 1372 2246; x_wconf 94' lang='grc'><strong>--</strong></span> <span class='ocrx_word' id='word_1_332' title='bbox 1413 2219 1478 2257; x_wconf 85' lang='lat' dir='ltr'><strong>Ad</strong></span> 
     </span>
     <span class='ocr_line' id='line_1_67' title="bbox 815 2277 1479 2331; baseline -0.008 -15"><span class='ocrx_word' id='word_1_333' title='bbox 815 2291 952 2316; x_wconf 78' lang='lat' dir='ltr'><strong>vocem</strong></span> <span class='ocrx_word' id='word_1_334' title='bbox 965 2278 1155 2331; x_wconf 81' lang='grc' dir='ltr'><em>δημοσίῳ,</em></span> <span class='ocrx_word' id='word_1_335' title='bbox 1176 2278 1242 2314; x_wconf 88' lang='lat' dir='ltr'><strong>ubi</strong></span> <span class='ocrx_word' id='word_1_336' title='bbox 1258 2277 1374 2326; x_wconf 85' lang='lat' dir='ltr'><strong>vulgo</strong></span> <span class='ocrx_word' id='word_1_337' title='bbox 1384 2289 1479 2327; x_wconf 87' lang='lat' dir='ltr'><strong>sup-</strong></span> 
     </span>
     <span class='ocr_line' id='line_1_68' title="bbox 818 2332 1476 2387; baseline -0.002 -16"><span class='ocrx_word' id='word_1_338' title='bbox 818 2336 924 2386; x_wconf 86' lang='lat' dir='ltr'><strong>plent</strong></span> <span class='ocrx_word' id='word_1_339' title='bbox 943 2335 1105 2387; x_wconf 82' lang='grc' dir='ltr'><em>ταμιείῳ</em></span> <span class='ocrx_word' id='word_1_340' title='bbox 1129 2334 1237 2380; x_wconf 86' lang='lat' dir='ltr'><strong>(cum</strong></span> <span class='ocrx_word' id='word_1_341' title='bbox 1255 2332 1302 2370; x_wconf 89' lang='lat' dir='ltr'><strong>de</strong></span> <span class='ocrx_word' id='word_1_342' title='bbox 1322 2332 1476 2383; x_wconf 83' lang='lat' dir='ltr'><strong>publico</strong></span> 
     </span>
     <span class='ocr_line' id='line_1_69' title="bbox 818 2390 1479 2443; baseline -0.005 -14"><span class='ocrx_word' id='word_1_343' title='bbox 818 2405 848 2429; x_wconf 89' lang='lat' dir='ltr'><strong>s.</strong></span> <span class='ocrx_word' id='word_1_344' title='bbox 870 2393 1009 2430; x_wconf 83' lang='lat' dir='ltr'><strong>aerario</strong></span> <span class='ocrx_word' id='word_1_345' title='bbox 1028 2390 1174 2443; x_wconf 24' lang='lat' dir='ltr'><strong>dicatu-r</strong></span> <span class='ocrx_word' id='word_1_346' title='bbox 1189 2392 1217 2440; x_wconf 83' lang='lat'><strong>)‚</strong></span> <span class='ocrx_word' id='word_1_347' title='bbox 1249 2390 1348 2428; x_wconf 86' lang='lat' dir='ltr'><strong>conf.</strong></span> <span class='ocrx_word' id='word_1_348' title='bbox 1363 2391 1479 2426; x_wconf 87' lang='lat' dir='ltr'><strong>Lam-</strong></span> 
     </span>
     <span class='ocr_line' id='line_1_70' title="bbox 818 2447 1476 2498; baseline 0 -13"><span class='ocrx_word' id='word_1_349' title='bbox 818 2449 914 2486; x_wconf 78' lang='lat' dir='ltr'><strong>bert.</strong></span> <span class='ocrx_word' id='word_1_350' title='bbox 935 2449 1024 2484; x_wconf 88' lang='lat' dir='ltr'><strong>Bos.</strong></span> <span class='ocrx_word' id='word_1_351' title='bbox 1044 2449 1102 2484; x_wconf 93' lang='lat' dir='ltr'><strong>De</strong></span> <span class='ocrx_word' id='word_1_352' title='bbox 1123 2448 1259 2498; x_wconf 76' lang='lat' dir='ltr'><strong>ellipss.</strong></span> <span class='ocrx_word' id='word_1_353' title='bbox 1280 2448 1325 2485; x_wconf 88' lang='lat' dir='ltr'><strong>L.</strong></span> <span class='ocrx_word' id='word_1_354' title='bbox 1349 2447 1414 2482; x_wconf 88' lang='lat' dir='ltr'><strong>Gr.</strong></span> <span class='ocrx_word' id='word_1_355' title='bbox 1436 2460 1476 2497; x_wconf 90' lang='lat' dir='ltr'><strong>p.</strong></span> 
     </span>
    </p>
   </div>
   <div class='ocr_carea' id='block_1_14' title="bbox 818 2499 1506 2554">
    <p class='ocr_par' dir='ltr' id='par_1_14' title="bbox 818 2499 1506 2554">
     <span class='ocr_line' id='line_1_71' title="bbox 818 2499 1506 2554; baseline -0.007 -9"><span class='ocrx_word' id='word_1_356' title='bbox 818 2503 914 2545; x_wconf 83' lang='lat'><strong>461.</strong></span> <span class='ocrx_word' id='word_1_357' title='bbox 952 2504 1017 2541; x_wconf 88' lang='lat' dir='ltr'><strong>Ad</strong></span> <span class='ocrx_word' id='word_1_358' title='bbox 1045 2510 1312 2554; x_wconf 81' lang='lat' dir='ltr'><strong>argumentum</strong></span> <span class='ocrx_word' id='word_1_359' title='bbox 1332 2503 1407 2539; x_wconf 88' lang='lat' dir='ltr'><strong>loci</strong></span> <span class='ocrx_word' id='word_1_360' title='bbox 1427 2503 1479 2540; x_wconf 86' lang='lat' dir='ltr'><strong>cf.</strong></span> <span class='ocrx_word' id='word_1_361' title='bbox 1500 2499 1506 2503; x_wconf 52' lang='lat'>¹</span> 
     </span>
    </p>
   </div>
   <div class='ocr_carea' id='block_1_15' title="bbox 818 2557 1476 2883">
    <p class='ocr_par' dir='ltr' id='par_1_15' title="bbox 818 2557 1476 2598">
     <span class='ocr_line' id='line_1_72' title="bbox 818 2557 1476 2598; baseline 0 -1"><span class='ocrx_word' id='word_1_362' title='bbox 818 2562 992 2598; x_wconf 80' lang='lat' dir='ltr'><strong>Kortiim.</strong></span> <span class='ocrx_word' id='word_1_363' title='bbox 1004 2562 1042 2597; x_wconf 88' lang='lat' dir='ltr'><strong>in</strong></span> <span class='ocrx_word' id='word_1_364' title='bbox 1057 2560 1263 2598; x_wconf 88' lang='lat' dir='ltr'><strong>Schlosser.</strong></span> <span class='ocrx_word' id='word_1_365' title='bbox 1277 2567 1313 2597; x_wconf 91' lang='lat' dir='ltr'><strong>et</strong></span> <span class='ocrx_word' id='word_1_366' title='bbox 1323 2557 1476 2597; x_wconf 77' lang='lat' dir='ltr'><strong>Bercht.</strong></span> 
     </span>
    </p>

    <p class='ocr_par' dir='ltr' id='par_1_16' title="bbox 820 2616 1476 2668">
     <span class='ocr_line' id='line_1_73' title="bbox 820 2616 1476 2668; baseline -0.006 -15"><span class='ocrx_word' id='word_1_367' title='bbox 820 2616 975 2656; x_wconf 85' lang='lat' dir='ltr'><strong>Archiv.</strong></span> <span class='ocrx_word' id='word_1_368' title='bbox 996 2618 1048 2653; x_wconf 87' lang='lat' dir='ltr'><strong>IV</strong></span> <span class='ocrx_word' id='word_1_369' title='bbox 1066 2631 1154 2668; x_wconf 89' lang='lat' dir='ltr'><strong>pag.</strong></span> <span class='ocrx_word' id='word_1_370' title='bbox 1179 2619 1270 2663; x_wconf 78' lang='lat'><strong>163,</strong></span> <span class='ocrx_word' id='word_1_371' title='bbox 1293 2617 1359 2668; x_wconf 87' lang='lat' dir='ltr'><strong>qui</strong></span> <span class='ocrx_word' id='word_1_372' title='bbox 1378 2617 1476 2651; x_wconf 87' lang='lat' dir='ltr'><strong>bene</strong></span> 
     </span>
    </p>

    <p class='ocr_par' dir='ltr' id='par_1_17' title="bbox 819 2671 1476 2724">
     <span class='ocr_line' id='line_1_74' title="bbox 819 2671 1476 2724; baseline -0.006 -15"><span class='ocrx_word' id='word_1_373' title='bbox 819 2671 859 2710; x_wconf 90' lang='lat' dir='ltr'><strong>h.</strong></span> <span class='ocrx_word' id='word_1_374' title='bbox 889 2674 916 2710; x_wconf 89' lang='lat' dir='ltr'><strong>l.</strong></span> <span class='ocrx_word' id='word_1_375' title='bbox 945 2673 1127 2724; x_wconf 87' lang='lat' dir='ltr'><strong>distingui</strong></span> <span class='ocrx_word' id='word_1_376' title='bbox 1155 2674 1206 2710; x_wconf 88' lang='lat' dir='ltr'><strong>ait</strong></span> <span class='ocrx_word' id='word_1_377' title='bbox 1241 2674 1340 2709; x_wconf 88' lang='lat' dir='ltr'><strong>inter</strong></span> <span class='ocrx_word' id='word_1_378' title='bbox 1377 2672 1476 2719; x_wconf 84' lang='lat' dir='ltr'><strong>regis</strong></span> 
     </span>
    </p>

    <p class='ocr_par' dir='ltr' id='par_1_18' title="bbox 819 2726 1476 2781">
     <span class='ocr_line' id='line_1_75' title="bbox 819 2726 1476 2781; baseline -0.006 -15"><span class='ocrx_word' id='word_1_379' title='bbox 819 2736 933 2781; x_wconf 85' lang='lat' dir='ltr'><strong>atque</strong></span> <span class='ocrx_word' id='word_1_380' title='bbox 952 2732 1086 2767; x_wconf 86' lang='lat' dir='ltr'><strong>aerarii</strong></span> <span class='ocrx_word' id='word_1_381' title='bbox 1104 2730 1312 2777; x_wconf 89' lang='lat' dir='ltr'><strong>debitores,</strong></span> <span class='ocrx_word' id='word_1_382' title='bbox 1337 2727 1368 2764; x_wconf 93' lang='lat' dir='ltr'><strong>si</strong></span> <span class='ocrx_word' id='word_1_383' title='bbox 1389 2726 1476 2776; x_wconf 87' lang='lat' dir='ltr'><strong>qui-</strong></span> 
     </span>
    </p>

    <p class='ocr_par' dir='ltr' id='par_1_19' title="bbox 821 2781 1476 2883">
     <span class='ocr_line' id='line_1_76' title="bbox 821 2781 1476 2838; baseline -0.009 -14"><span class='ocrx_word' id='word_1_384' title='bbox 821 2784 910 2824; x_wconf 85' lang='lat' dir='ltr'><strong>dem</strong></span> <span class='ocrx_word' id='word_1_385' title='bbox 947 2794 1097 2838; x_wconf 83' lang='lat' dir='ltr'><strong>praeter</strong></span> <span class='ocrx_word' id='word_1_386' title='bbox 1133 2784 1273 2823; x_wconf 85' lang='lat' dir='ltr'><strong>allodia</strong></span> <span class='ocrx_word' id='word_1_387' title='bbox 1311 2781 1476 2833; x_wconf 79' lang='lat' dir='ltr'><strong>regibus,</strong></span> 
     </span>
     <span class='ocr_line' id='line_1_77' title="bbox 1099 2838 1202 2883; baseline 0 0"><span class='ocrx_word' id='word_1_388' title='bbox 1099 2844 1154 2883; x_wconf 85' lang='lat'><strong>20</strong></span> <span class='ocrx_word' id='word_1_389' title='bbox 1175 2838 1202 2864; x_wconf 41' lang='grc' dir='ltr'>ᾖ</span> 
     </span>
    </p>
   </div>
   <div class='ocr_carea' id='block_1_16' title="bbox 1486 470 1742 539">
    <p class='ocr_par' dir='ltr' id='par_1_20' title="bbox 1486 470 1742 539">
     <span class='ocr_line' id='line_1_78' title="bbox 1487 470 1742 503; baseline 0.016 -7"><span class='ocrx_word' id='word_1_390' title='bbox 1487 470 1648 503; x_wconf 75' lang='lat' dir='ltr'><strong>Spartanis</strong></span> <span class='ocrx_word' id='word_1_391' title='bbox 1675 479 1742 500; x_wconf 77' lang='lat' dir='ltr'><strong>cum</strong></span> 
     </span>
     <span class='ocr_line' id='line_1_79' title="bbox 1486 503 1601 539; baseline -0.017 -7"><span class='ocrx_word' id='word_1_392' title='bbox 1486 503 1601 539; x_wconf 78' lang='lat' dir='ltr'><strong>Persis,</strong></span> 
     </span>
    </p>
   </div>
   <div class='ocr_carea' id='block_1_17' title="bbox 1844 0 1897 1812">
    <p class='ocr_par' dir='ltr' id='par_1_21' title="bbox 1844 0 1897 1812">
     <span class='ocr_line' id='line_1_80' title="bbox 1844 0 1897 1812; baseline 0 0"><span class='ocrx_word' id='word_1_393' title='bbox 1844 0 1897 1812; x_wconf 95' lang='lat' dir='ltr'><strong> </strong></span> 
     </span>
    </p>
   </div>
   <div class='ocr_carea' id='block_1_18' title="bbox 1870 1763 1897 1962">
    <p class='ocr_par' dir='ltr' id='par_1_22' title="bbox 1870 1763 1897 1962">
     <span class='ocr_line' id='line_1_81' title="bbox 1870 1763 1897 1962; textangle 90"><span class='ocrx_word' id='word_1_394' title='bbox 1870 1860 1891 1962; x_wconf 27' lang='lat' dir='ltr'><strong>‘&#39;J-s</strong></span> <span class='ocrx_word' id='word_1_395' title='bbox 1872 1803 1883 1835; x_wconf 56' lang='lat' dir='ltr'><strong>x)</strong></span> <span class='ocrx_word' id='word_1_396' title='bbox 1888 1763 1897 1773; x_wconf 51' lang='grc' dir='ltr'><em>Ἰ</em></span> 
     </span>
    </p>
   </div>
   <div class='ocr_carea' id='block_1_19' title="bbox 1865 2232 1897 2493">
    <p class='ocr_par' dir='ltr' id='par_1_23' title="bbox 1865 2232 1897 2493">
     <span class='ocr_line' id='line_1_82' title="bbox 1865 2232 1897 2493; baseline 0 847"><span class='ocrx_word' id='word_1_397' title='bbox 1865 2232 1897 2493; x_wconf 95' lang='lat' dir='ltr'><strong> </strong></span> 
     </span>
    </p>
   </div>
  </div>
 </body>
</html>
