1897 3340
446 214 1204 258 TERPSICHORE.V.
1386 215 1469 254 197

1527 321 1578 347 Ari
1572 324 1666 355 uostag
1671 329 1720 348 ras
1738 321 1796 349 ΝΠ-

1525 353 1601 380 lesiii
1594 362 1617 379 ιε
1643 355 1775 422 Atii-enan

1527 395 1583 413 ιιι
1577 392 1610 413 ιι
1631 388 1670 420 ι
1736 398 1761 422 ,

1526 420 1573 447 sac
1559 420 1647 454 cin—:q
1651 429 1678 447 ic
1706 431 1723 448 a
1738 430 1796 461 po-

1503 462 1565 493 opu
1550 455 1597 479 ulo
1621 462 1655 479 x
1677 463 1733 481 na·
1738 463 1797 482 ium

1526 487 1588 513 clas-11
1576 494 1655 513 secui
1670 487 1763 523 impe

1524 524 1596 548 trat-

282 330 528 386 Νομίζουσι
551 324 604 380 δη
625 340 781 376 ταυτα,
813 322 885 365 καὶ
907 319 1320 377 διαβεβληιιὲνοισι’
1304 336 1344 369 ες
1363 318 1468 370 τοὺς

200 397 392 451 Πέρσας,
433 395 479 438 ἐν
519 391 662 448 τούτῳ
694 390 746 446 δὴ
785 394 845 447 τῷ
875 393 1015 444 καιρῷ
1056 387 1079 430 ὁ
1114 387 1334 444 Μιλήσιος
1362 385 1468 440 Ἀρι-

194 464 430 521 σταγόρης,
471 460 558 505 υπό
590 459 858 514 Κλεομένεος
896 461 976 499 τοῦ
1007 449 1361 510 Λακεδαιμονίου
1391 455 1522 506 ege-80

191 533 368 583 λασθεὶς
397 531 443 574 ἐκ
473 534 548 586 τῆς
581 528 812 582 Σπάρτης,
845 523 1022 567 ἀπίκετο
1055 525 1096 575 ἐς
1114 523 1322 579 Ἀθήνας·
1354 522 1465 578 αὕτη

161 600 280 656 Ξγοὲρ
310 597 482 656 ἡπόλις
512 602 600 641 τῶν
628 596 817 639 λοιπέων
845 591 1103 636 ἐδυνάστευε
1128 591 1315 647 μέγιστα.
1349 591 1466 634 ἐπελ-

190 667 287 712 θών
318 667 363 710 δὲ
394 667 462 710 ἐπὶ
494 666 570 709 τόν
601 667 743 721 δῆμον
773 662 796 706 ὁ
828 659 1155 716 Ἀρισταγόρης,
1186 664 1323 702 ταῦτα
1354 659 1467 715 ἔλεγε

190 752 243 778 τοι
275 735 348 778 καὶ
380 735 427 778 ἐν
468 751 519 789 τῃ
561 732 770 787 Σπάρτη,
814 730 911 783 περὶ
951 733 1039 772 τῶν
1072 727 1254 784 ἀγαθῶν
1289 731 1378 770 τῶν
1420 727 1467 770 ἐν

189 807 243 860 τῇ
270 801 407 867 Ἀσίῃ,
440 802 514 845 καὶ
550 805 630 844 τοῦ
659 799 854 853 πολέμου
884 801 963 839 τοῦ
994 800 1234 851 Περσικοῦ,
1278 794 1337 845 ὥς
1368 794 1522 838 οὕτε85

190 864 351 915 ασπίδα
381 868 482 914 ου’τε
509 868 620 923 δόρυ
643 868 878 923 νομίζουσι,
908 863 1101 915 εὐπετέες
1129 880 1172 907 τε
1196 867 1465 919 χειρωθῆναι

159 940 353 996 3εἴησαν.
411 936 549 981 ταῦτά
589 953 633 980 τε
666 935 717 992 δὴ
751 935 888 989 ε’,λεγε
933 932 1005 975 καὶ
1046 947 1157 986 προς
1199 936 1314 974 τοῖσι
1344 931 1464 983 τάδε,

191 1005 251 1058 ὥς
287 1008 332 1050 οἱ
360 1005 578 1062 Μιλήσιοι
617 1008 704 1047 τῶν
739 1001 986 1057 Ἀθηναίων
1024 1001 1104 1043 εἰσὶ
1136 998 1340 1049 ἄποικοι,
1392 999 1467 1042 καὶ

189 1074 311 1126 οἰκός
333 1087 468 1129 σφεας
497 1075 562 1129 εἴη
599 1071 786 1128 ῥύεσθαι
817 1070 1092 1125 δυναμένους
1123 1068 1254 1124 μέγαξ
1286 1069 1361 1112 καὶ
1392 1066 1465 1112 οὐ·

71 339 138 384 97

189 1144 262 1188 δὲν
297 1141 322 1186 ὅ
351 1159 392 1185 τι
429 1141 512 1186 οὐκ
541 1142 763 1196 ὑπίσχετο,
815 1136 887 1182 οἷα
918 1136 1058 1191 κάρτα
1089 1135 1316 1191 δεόμενος·

628 1206 830 1259 Πολλούς
857 1205 942 1263 γὰρ
974 1204 1066 1250 οἶκε
1087 1203 1198 1250 εἶναι
1219 1203 1464 1248 εὐπετέστε-

159 1216 181 1252 4
193 1209 387 1254 ἀνέπεισέ
419 1223 568 1267 σφεας.

138 1419 243 1455 cuius
264 1420 348 1455 loco
383 1419 498 1469 vulgo
531 1415 734 1465 ἐδέδοκτο,
777 1430 798 1453 e

137 1476 356 1512 Florentino
377 1489 481 1512 nuuc
506 1481 716 1526 receptum.
739 1474 796 1511 Cf.

137 1539 232 1570 nott.
253 1531 301 1569 ad
322 1533 366 1580 V,
385 1531 451 1573 34.

333 1635 425 1686 Cap.
446 1634 601 1670 xcvn.

195 1701 415 1753 Νομίζουσι
451 1698 500 1754 δὴ
529 1703 675 1750 ταῦτα,
729 1699 798 1740 καὶ

135 1758 479 1810 διαβεβλημένοισι
500 1773 536 1797 κ.
557 1773 592 1797 τ.
615 1759 669 1806 λ.]
730 1757 794 1795 Ad

134 1816 418 1867 participiorum
428 1828 541 1853 usum
549 1816 650 1852 conf.
662 1813 797 1854 Matth.

135 1874 202 1910 Gr.
242 1873 308 1910 Gr.
349 1874 387 1919 ξ.
420 1875 517 1913 401.
583 1873 642 1908 De
680 1872 798 1909 verbo

137 1926 426 1981 διαβάλλεσθαι
461 1928 629 1966 diximus
671 1928 719 1966 ad
753 1929 799 1976 V,

139 1985 192 2028 35
240 1987 326 2023 coli.
365 1988 438 2034 VI,
473 1986 543 2027 46.
600 1987 695 2022 Mox
728 1998 799 2036 pro

139 2042 341 2090 ἐξελαθεὶς
378 2057 469 2081 cum
511 2049 669 2079 recentt.
711 2041 799 2079 edd.

138 2099 227 2137 dedi
257 2099 511 2149 ἐξελασθείς.
573 2099 630 2137 Cf.
669 2099 713 2147 V,
745 2101 800 2140 92

195 2209 295 2264 αὕτη
322 2210 396 2266 γοῖρ
423 2211 453 2265 ἦ
477 2207 592 2259 πόλις
619 2214 700 2251 τῶν
722 2214 801 2251 λοι-

137 2268 245 2310 πέων
258 2268 491 2310 ἐδυνάστευε
512 2268 690 2321 μέγιστα]
704 2270 802 2306 Per-

137 2329 232 2364 tinet
253 2326 327 2364 huc
348 2328 443 2364 alter
463 2328 566 2363 locus
586 2328 615 2374 Ι,
638 2326 705 2374 56,
735 2326 802 2362 ubi

139 2384 268 2422 Croesi
288 2392 460 2435 tempore
487 2384 666 2434 Spartam
686 2390 801 2435 atque

140 2440 308 2478 Athenas
337 2442 435 2477 inter
455 2441 636 2477 Graeciae
667 2440 804 2477 civita-

140 2504 195 2534 tes
222 2498 392 2534 maxime
431 2499 598 2534 eminere
639 2496 799 2533 dixerat.

141 2553 203 2590 Ad
221 2555 335 2591 verba
363 2555 538 2605 proxime
561 2567 667 2606 seqq.
687 2552 801 2592 εἰτελ-

141 2607 232 2648 θών
268 2609 310 2649 δὲ
345 2609 409 2650 ἐπὶ
439 2607 509 2650 τὸν
538 2610 666 2660 δῆμον
697 2610 800 2648 conf.

143 2664 273 2704 Schol.
289 2665 470 2719 Thucyd.
492 2665 540 2703 ad
558 2668 651 2714 I,9O
672 2666 801 2716 ibique

144 2720 289 2759 Duker.
315 2724 401 2760 coll.
421 2725 452 2771 Ι,
473 2726 540 2764 70.
573 2724 673 2758 Nam
691 2721 801 2773 ἐπέρ-

145 2781 285 2829 χεσθαι
313 2781 428 2830 vulgo
465 2778 620 2816 tradunt
651 2777 724 2815 dici
753 2778 801 2816 de

145 2835 358 2886 peregrino,
378 2836 444 2888 qui
462 2836 502 2872 in
521 2834 695 2872 medium
709 2848 801 2886 pro-

1366 1135 1410 1186 ἐς
1441 1134 1524 1179 ὃ9ο

855 1415 1026 1468 greditur
1037 1415 1153 1453 verba
1174 1414 1357 1461 facturus,
1378 1411 1521 1465 παρέρ-

854 1478 997 1525 χεσθαι
1019 1472 1066 1510 de
1089 1473 1183 1509 cive.
1240 1472 1315 1508 Ubi
1335 1469 1521 1507 Herodoti

854 1532 959 1567 locus
990 1543 1011 1566 a
1040 1530 1261 1566 Gottlebero
1289 1529 1387 1565 bene
1407 1526 1525 1564 affer-

852 1594 928 1624 tur.
1003 1588 1130 1622 Minus
1163 1586 1366 1633 convenit,
1419 1583 1524 1636 quod

854 1642 957 1695 apud
968 1642 1134 1680 eundem
1145 1641 1346 1680 Scholiast.
1362 1648 1398 1677 et
1412 1640 1524 1679 Suid.

854 1701 906 1738 T.
930 1702 965 1737 II
985 1714 1024 1751 p.
1046 1699 1100 1740 44
1128 1700 1291 1750 legitur:
1338 1697 1525 1737 ἐπελθεῖν

855 1754 897 1797 τὸ
920 1751 1249 1808 ἀναβαλλόμενον
1274 1752 1405 1808 χρόνῳ
1426 1756 1523 1794 τοῦ-

854 1829 898 1853 το
924 1810 1237 1866 διαπράξασθαι.
1258 1833 1313 1840 --
1342 1813 1437 1848 Mox
1452 1824 1523 1862 pro

856 1873 980 1909 ταῦτα
997 1870 1100 1922 ἔλεγε
1123 1868 1346 1919 Schweigh.
1375 1869 1524 1905 mavult

856 1922 984 1966 τοῖυτοὶ
1019 1925 1135 1978 ἔλεγε.
1203 1928 1262 1962 De
1295 1931 1523 1976 argumento

857 1985 933 2021 loci
953 1983 1055 2022 conf.
1076 1984 1122 2031 V,
1152 1981 1220 2024 49.
1241 2004 1297 2010 —-
1317 1982 1439 2018 Paulo
1460 1982 1523 2017 in-

857 2041 914 2078 fra
934 2054 1004 2092 pro
1033 2037 1134 2092 πρός
1170 2043 1275 2079 τοῖσι
1300 2040 1339 2076 iu
1372 2038 1522 2075 duobus

858 2097 972 2135 codd.
999 2096 1099 2148 πρός
1123 2094 1320 2136 τούτοισιε
1362 2095 1409 2132 de
1445 2108 1523 2147 quo

858 2155 960 2193 conf.
982 2157 1011 2200 Ι,
1035 2157 1102 2195 66.
1124 2155 1208 2202 VII,
1231 2152 1325 2194 135.

917 2210 972 2258 ὥς
1002 2208 1092 2251 οὔτε
1122 2206 1274 2250 ἀσπίδα
1300 2206 1393 2248 οὔτε
1427 2203 1523 2261 δόρυ

859 2269 1083 2320 νομίζουσι]
1124 2269 1150 2306 i.
1182 2282 1215 2304 e.
1244 2279 1305 2303 nec
1337 2269 1434 2303 scuto
1463 2279 1525 2302 nec

859 2325 970 2363 kasta
999 2339 1053 2362 eos
1080 2326 1139 2361 uti
1158 2324 1339 2375 facileque
1363 2324 1527 2373 superari

850 2396 966 2433 posse.
1006 2384 1063 2418 De
1083 2383 1200 2418 verbo
1222 2380 1399 2431 νομίζειν
1420 2379 1522 2415 conf.

856 2446 950 2476 nott.
975 2438 1023 2476 ad
1034 2439 1098 2486 IV,
1123 2441 1199 2479 183
1221 2437 1287 2474 fin.
1309 2443 1346 2474 et
1367 2436 1414 2474 de
1433 2448 1524 2487 par-

857 2497 980 2534 ticulis
1019 2492 1224 2536 οὕτε-τε
1257 2501 1356 2531 nott.
1389 2492 1438 2530 ad
1457 2493 1521 2540 VI,

861 2556 897 2594 1.
956 2554 1015 2589 De
1045 2551 1253 2589 modorum
1284 2551 1431 2587 ratione
1461 2549 1522 2585 vel

856 2611 981 2661 potius
1031 2609 1145 2646 celeri
1183 2621 1316 2645 earmn
1366 2607 1525 2644 transitu

858 2666 931 2715 (ως
969 2667 1176 2718 νομίζουσι
1194 2687 1250 2693 —
1273 2664 1434 2714 εἴησαν,
1486 2668 1522 2697 et

857 2735 972 2760 mox:
1032 2738 1158 2770 ως--
1178 2719 1255 2761 εἰσι
1302 2736 1368 2759 και
1416 2714 1522 2763 οἰκὸς

857 2801 912 2807 -—
930 2779 1009 2830 εἴη)
1051 2779 1153 2816 conf.
1187 2776 1324 2814 Matth.
1358 2777 1422 2812 Gr.
1455 2775 1521 2810 Gr.

857 2838 1097 2886 pag-1031,
1139 2835 1205 2887 qui
1235 2833 1340 2870 idem
1371 2832 1407 2876 §-
1442 2828 1521 2870 483
