1897 3340
590 219 891 259 ERATO.
948 219 1022 257 Vl.

1355 222 1438 263 399

169 333 302 376 τοῦτο
333 329 417 376 οὐκ
457 331 546 374 ἔστι
574 328 714 380 ἄλλως
741 328 889 379 εἰπεῖν,
921 327 1088 383 ἐγένετο
1117 326 1228 382 γάρ*
1277 326 1326 379 ὃς
1355 330 1465 384 μέν5

169 416 240 443 τοι
279 394 336 456 ἦν
374 397 399 443 ὁ
444 396 676 450 ἀναδέξας,
737 394 822 440 οὐκ
869 395 950 451 ἔχω
995 394 1258 451 προσωτέρω
1300 396 1437 439 εἰπεῖν

168 467 354 512 τούτων.

260 535 316 577 Οἱ
343 533 390 577 δὲ
411 530 750 588 Ἀλκμαιωνίδαι
777 525 891 587 ἦσαν
926 529 1006 587 μὲν
1032 529 1107 575 καὶ
1135 528 1188 574 τοὶ
1221 528 1438 575 ἀνέκαθεν

167 601 356 658 λαμπροὶ
385 599 432 642 ἐν
457 603 556 655 τῇσι
579 598 807 656 Ἀθήνῃσι·
839 598 924 643 ἀπὸ
956 599 1002 643 δὲ
1026 597 1335 656 Ἀλκμαίωνος,
1364 600 1437 644 καὶ

168 665 290 720 αὖτις
338 667 618 723 Μεγακλέος,
669 667 870 723 ἐγένοντο
918 668 991 711 καὶ
1042 666 1181 722 κάρτα
1233 669 1437 723 λαμπροί.

136 740 299 780 Ξτοῦτο
340 734 420 795 μὲν
457 735 568 792 γάρ,
604 734 846 791 Ἀλκμαίων
882 734 906 779 ὁ
942 736 1198 791 Μεγακλέος
1237 741 1350 779 τοῖσι
1384 736 1432 780 ἐκ
1447 744 1487 777 10

164 805 372 858 Σαρδίων
401 806 587 848 Λυδοῖσι
611 803 728 858 παρὰ
750 804 951 858 Κροίσου
981 801 1335 859 ἀπικνεομένοισι
1364 803 1413 846 ἐπ

163 871 213 916 τό
243 870 507 928 χρηστήριον
535 871 584 915 τὸ
615 871 662 914 ἐν
689 875 904 926 Δελφοῖσι
943 870 1241 928 συμπρήκτωρ
1279 887 1324 914 τε
1352 871 1434 926 ἐγί-

140 948 271 985 3νετο
302 940 375 983 καὶ
408 938 709 996 συνελάμβανε
738 938 986 994 προθύμως.
1030 939 1105 981 καί
1134 955 1210 994 μιν
1237 941 1434 993 Κροῖσος

164 1007 420 1064 πυθόμενος
459 1011 548 1050 τῶν
579 1009 763 1060 Λυδῶν,
799 1011 886 1049 τῶν
915 1006 957 1057 ἐς
985 1007 1038 1050 τὰ
1065 1005 1303 1063 χρηστήρια
1333 1024 1433 1062 φοι-

164 1077 377 1128 τεόντων,
409 1075 578 1119 ἑωυτόν
608 1070 657 1119 εὖ
676 1076 862 1127 ποιέειν,
891 1074 1209 1131 μεταπέμπεται
1241 1075 1284 1126 ἐς
1313 1075 1434 1130 Σάρ-

165 1146 252 1197 δις·
293 1143 562 1199 ἀπικόμενον
591 1144 638 1187 δὲ
668 1144 872 1198 δωρέεται
900 1147 1071 1200 χρυσῷ,
1102 1143 1182 1186 τόν
1212 1141 1268 1186 ἂν
1298 1143 1433 1198 δύνη-
1446 1149 1489 1184 15

163 1231 235 1257 ται
263 1217 325 1271 τῷ
354 1211 522 1255 ἑωυτοῦ
561 1210 728 1267 σώματι
761 1213 1055 1264 ἐξενείκασθαι
1090 1210 1265 1264 ἐσάπαξ.
1325 1211 1349 1255 ὁ
1382 1213 1429 1255 δὲ
1486 1217 1568 1260 496

136 1280 404 1337 4Ἀλκμαίων
421 1279 528 1334 πρὸς
556 1279 636 1334 τὴν
656 1280 845 1336 δωρεὴν,
878 1279 1038 1323 έοῦσαν
1063 1278 1283 1335 τοιαύτην,
1313 1278 1433 1323 τοιά-

165 1350 212 1392 δε
240 1347 522 1404 ἐπιτηδεύσας
550 1347 809 1404 προσέφερε.
847 1348 975 1398 ἐνδὺς
996 1351 1168 1391 κιθῶνα
1194 1348 1330 1404 μέγαν
1358 1348 1432 1392 καὶ

163 1416 331 1461 κόλπον
357 1415 499 1460 πολύν
528 1416 868 1471 καταλιπόμενος
905 1421 986 1459 τοῦ
1017 1421 1231 1467 κιθῶνος,
1268 1416 1431 1470 κοθόρ-

163 1501 272 1536 νους
296 1484 399 1536 τούς
428 1484 600 1537 εὕρισκε
621 1483 886 1539 εὐρυτάτους
914 1483 1064 1535 ἐόντας
1082 1483 1429 1540 ὑποδησάμενος,
1442 1492 1488 1526 20

135 1551 236 1609 δῆϊε
270 1552 314 1604 ἐς
349 1553 428 1597 τὸν
465 1551 698 1610 θησαυρὸν
725 1551 769 1604 ἐς
797 1551 875 1596 τόν
905 1553 949 1596 οἱ
977 1553 1253 1609 κατηγέοντο.
1312 1552 1430 1597 ἐσπε-

305 1739 399 1791 Cap.
421 1738 576 1778 CXXV.

163 1797 280 1836 τοῦτο
306 1794 378 1848 μὲν
403 1793 505 1849 γάρ]
536 1799 652 1834 Deest
671 1797 769 1833 alte-

108 1865 196 1889 rum
219 1855 336 1892 τοῦτο
361 1853 416 1892 δέ.
441 1853 529 1891 Vid.
551 1852 687 1890 Matth.
701 1855 769 1890 Gr.

109 1911 226 1961 Gr.p.
258 1911 352 1950 579.
382 1912 476 1948 Mox
499 1924 589 1948 cum
608 1917 768 1949 recentt.

109 1965 199 2003 dedi
238 1961 561 2018 εἷπικνεομένοισι
610 1981 630 2004 e
677 1968 770 2004 Flo-

108 2024 258 2060 rentino
293 2023 449 2076 aliisque
479 2037 548 2075 pro
576 2019 771 2075 ἀπικομέ-

107 2092 228 2119 νοισι.
284 2081 344 2116 De
384 2081 513 2117 Croesi
546 2081 680 2131 legatis
720 2079 769 2117 ad

107 2135 337 2187 Delphicum
350 2138 549 2174 oraculum
569 2137 647 2175 vid.
657 2138 686 2185 I,
698 2137 768 2178 47.

109 2193 177 2234 53.
196 2192 263 2233 55.
319 2195 364 2230 Iu
384 2207 491 2246 seqq.
515 2209 583 2246 μιν
619 2193 667 2231 ad
686 2194 770 2232 Alc-

108 2261 279 2287 maeonem
313 2258 478 2301 spectat,
530 2248 680 2291 ἑωυτὸν
720 2249 781 2288 θᾶ

109 2304 306 2343 Croesum.

166 2381 412 2436 προσέφερε]
441 2382 626 2424 Valckeu.
645 2386 771 2438 suspi-

112 2446 220 2476 catur
237 2443 484 2492 προσεφεῦρε
501 2444 643 2492 insuper
674 2444 769 2482 talia

113 2500 320 2534 commentus
331 2500 390 2533 est.
403 2499 519 2534 Recte
530 2498 562 2536 S
570 2512 588 2536 c
600 2499 621 2536 h
632 2512 663 2536 w
675 2513 692 2536 e
700 2502 715 2537 z·
723 2513 770 2549 g·-

113 2551 135 2588 h
146 2565 168 2588 α
181 2565 198 2589 e
212 2565 236 2588 u
246 2567 275 2590 ε.
316 2582 339 2600 ,,
351 2554 512 2590 verbum
546 2555 769 2607 προσέφερε

112 2608 354 2646 sollicitatum
377 2610 542 2654 nollem,
570 2619 771 2662 peraptum

114 2660 204 2700 huic
253 2666 362 2702 loco:
421 2666 471 2703 ad
510 2666 636 2704 donum
676 2668 772 2705 illud

116 2718 215 2766 (scil.
237 2722 470 2771 capiendum)
499 2722 573 2759 tale
597 2725 772 2762 inventum

113 2775 240 2812 attulit
266 2778 416 2815 Callias.
462 2780 548 2829 Ipsa
567 2779 633 2815 illa
650 2782 774 2829 notio,

114 2843 233 2884 quam
261 2834 378 2871 verbo
414 2837 669 2888 προσεφεῦρε
706 2849 774 2875 ex-

824 1748 995 1788 pressam
1014 1736 1201 1777 Valcken.
1221 1740 1394 1778 voluerat
1408 1771 1418 1789 ,
1444 1741 1485 1777 in

824 1796 942 1832 verbo
964 1793 1224 1847 ἐπιτηδεύσας
1243 1799 1354 1834 inest.
1367 1799 1390 1817 ‘⁶
1426 1799 1484 1834 Ao

824 1852 897 1888 nisi
925 1852 1053 1900 fallor,
1092 1855 1209 1903 possis
1242 1867 1396 1906 quoque
1424 1855 1488 1890 in-

824 1910 1022 1958 terpretari
1041 1910 1304 1947 subaudiendo
1322 1908 1485 1950 ἕωυτόνε

826 1968 972 2002 accessit
997 1965 1049 2015 (se
1071 1967 1215 2017 attulit)
1237 1967 1286 2003 ad
1307 1967 1359 2014 id,
1382 1967 1487 2019 quod

825 2022 898 2072 ipsi
919 2029 997 2059 erat
1017 2025 1258 2073 permissum.
1278 2025 1487 2061 Alcmaeo—

824 2080 882 2115 nis
905 2087 1170 2117 commentum
1203 2083 1324 2131 tangit
1353 2094 1375 2117 a
1394 2082 1488 2118 Val-

826 2134 938 2173 cken.
965 2135 1141 2174 laudatus
1176 2139 1249 2175 Dio
1293 2136 1486 2189 Chrysost.

826 2192 889 2231 Or.
913 2194 1021 2230 XVII
1054 2208 1092 2245 p.
1114 2194 1195 2236 253
1219 2202 1255 2231 et
1286 2196 1486 2232 LXXVIII

825 2263 864 2299 p.
886 2250 981 2291 659.
1016 2272 1069 2277 -
1109 2253 1154 2287 In
1183 2253 1359 2302 proxime
1379 2265 1486 2304 seqq.

825 2307 952 2357 plures
991 2306 1103 2346 codd.
1155 2305 1271 2355 ἐνδῦς
1314 2311 1487 2358 κιθῶνα,

826 2365 963 2401 omissa
983 2377 1078 2401 voce
1091 2363 1225 2416 μέγαν,
1248 2379 1486 2417 quamprae-

822 2424 882 2457 ter
901 2422 991 2458 alios
1007 2428 1134 2458 tuetur
1152 2421 1372 2460 Eustathius
1392 2421 1487 2460 haeo

823 2479 940 2514 verba
962 2479 1080 2515 citans
1110 2478 1159 2517 ad
1175 2480 1220 2520 Il.
1241 2493 1281 2531 p.
1313 2480 1409 2528 655,
1431 2482 1485 2521 62

824 2547 855 2571 S·
877 2535 972 2583 521,
995 2534 1036 2575 5·

882 2611 952 2652 καὶ
973 2610 1125 2653 κόλπον
1146 2611 1295 2665 πολῦν]
1327 2616 1486 2667 Aliquot

826 2665 1082 2709 librimo'anov
1100 2668 1250 2721 βαθύν,
1273 2673 1380 2709 cuius
1399 2673 1484 2708 loco

826 2726 992 2763 Florent.
1015 2724 1139 2777 βαθύ.
1169 2728 1222 2764 At
1246 2725 1392 2774 κόλπος
1409 2743 1486 2766 πο·-

827 2779 898 2829 λυ“ς
932 2789 987 2819 est
1019 2785 1116 2820 sinus
1135 2783 1293 2834 amplus,
1322 2791 1364 2820 ut
1383 2790 1486 2820 recte

828 2839 1094 2890 iuterpretatur
1102 2839 1487 2891 Schweighaeus.,ci-

1494 529 1554 569 iam
1571 531 1639 558 inde,
1656 542 1672 560 :1
1689 536 1750 568 pri-

1494 572 1552 591 sms
1572 570 1766 600 [rumoribus.

1496 599 1609 626 Auem*
1630 602 1767 629 familiae

1493 632 1637 667 splendor
1665 644 1718 670 per

1495 667 1707 694 Alcmavonvm

1495 699 1643 735 Megaclis
1659 702 1767 737 lilium,

1491 742 1578 768 quem
1596 736 1725 762 Crovsus

1490 769 1602 795 sardes
1637 769 1765 796 arcessi-

1417 804 1432 846 ὶ
1489 807 1552 830 lum
1572 811 1683 837 magna
1702 802 1732 829 vi

1487 836 1556 864 auri
1581 836 1681 866 donat.

1871 1206 1897 1675 {ks-m:
1890 1180 1893 1182 -
1873 830 1897 1083 ΗΜΛ
1874 721 1897 821 ΒΗ

1869 1799 1897 2044 Ξ
