1897 3340
289 431 356 477 94

85 497 183 530 lones,
205 495 336 523 Achaiae

84 531 154 558 olim
166 531 194 557 in
205 530 357 565 Pelopon-

85 573 170 598 neso,
189 563 317 598 incolae,

84 602 218 632 numque
243 595 342 624 vocati

84 631 208 666 Peras-gi
228 632 334 666 Aegia-

85 665 198 693 lennes.

289 846 355 891 95

85 911 217 938 insulani
237 919 272 937 ex
282 910 358 937 mari

416 179 497 218 576

416 301 496 341 περ
533 285 735 342 ’Έλληνες
787 286 1059 342 ἐσταλμένοι·

416 355 489 398 καὶ
519 354 761 409 ἐγχειρίδια.

810 179 1270 216 ΗΕΒΟΙ)οΤΙ

1120 284 1236 342 εἶχον
1276 287 1322 330 δὲ
1367 287 1440 330 καὶ
1480 289 1674 341 δρέπανα

822 352 946 398 οὗτοι
978 356 1023 398 δὲ
1061 356 1215 405 οἵτινες
1244 353 1458 410 πρότερον
1479 354 1674 399 ἐκαλέον-

415 439 486 474 το,
533 423 578 465 ἐν
618 427 730 464 τοῖσι
759 421 969 474 πρώτοισι
1006 426 1093 465 τῶν
1123 422 1265 476 λόγων
1311 424 1483 478 εἴρηται.
1534 422 1678 475 Ἴωνες

415 492 461 534 δὲ
493 490 646 533 ἑκατόν
674 489 772 539 νέας
796 491 1070 544 παρείχοντο,
1118 489 1422 544 ἐσκευασμένοι
1453 488 1677 547 ὥς”Έλλη-

416 576 500 610 νες.
548 557 693 607 Ἴωνες
726 556 794 608 δὲ,
836 556 942 600 ὅσον
979 556 1057 611 μὲν
1086 556 1248 612 χρόνον
1278 557 1324 600 ἐν
1357 557 1678 615 Πελοποννήσῳ

418 630 563 672 οἴκεον
607 627 686 680 τήν
725 628 808 666 νῦν
847 625 1113 680 καλεομένην
1145 623 1365 681 Ἀχαιΐην,
1407 627 1478 669 καὶ
1506 626 1611 679 πρὶν
1649 624 1733 681 ἢ95

416 691 597 738 Δαναόν
636 709 679 735 τε
718 692 791 734 καὶ
831 692 1009 740 Ξοῦθον
1046 689 1279 736 ἀπικέσθαι
1317 695 1357 745 ἐς
1401 693 1678 747 Πελοπόννη-

416 774 515 813 σον,
548 759 825 815 ὦς”Ελληνες
853 759 1048 813 λέγουσι,
1089 759 1314 804 ἐκαλέοντο
1348 761 1560 815 Πελασγοὶ
1591 761 1678 802 Αἰ-

416 829 580 885 γιαλέες
592 841 602 850 ·

85 946 217 979 Aegaeo.
239 946 357 972 Aeoles.

416 1101 458 1142 ἒν
490 1104 594 1140 τοῖσι
625 1096 817 1153 πρώτοισι
854 1103 934 1140 τῶν
953 1099 1017 1141 λό-

358 1174 439 1212 γων
468 1156 649 1211 εἴρηται]
697 1157 783 1198 vid.
803 1159 833 1206 Ι,
858 1161 952 1199 171.

564 1271 654 1322 Cap.
675 1269 812 1308 XCIV.

403 1371 580 1423 ”Ιωνες]
624 1372 709 1411 Vid.
740 1374 770 1420 I,
804 1373 882 1413 142
911 1384 1017 1423 seqq.

358 1437 395 1468 et
427 1429 473 1467 de
505 1431 688 1480 prioribus
720 1427 845 1466 Ionum
868 1427 1018 1465 sedibus

357 1490 396 1523 in
438 1486 602 1534 Achaia,
646 1499 743 1538 quae
772 1491 856 1536 post
885 1492 1018 1522 vocata

358 1551 425 1590 est,
448 1556 537 1580 cum
556 1544 635 1579 scil.
656 1544 703 1579 ab
727 1541 887 1579 Achaeis
909 1542 1018 1578 eiecti

359 1606 494 1646 essent,
531 1601 559 1647 1,
593 1599 670 1640 145
700 1600 790 1650 ibiq.
829 1605 923 1636 nott.
959 1599 1017 1633 De

356 1656 499 1704 Danao,
521 1656 585 1707 qui
608 1668 656 1691 ex
677 1656 853 1705 Aegypto
885 1654 1018 1704 prosu-

356 1726 426 1763 gus
446 1714 556 1762 Argis
577 1710 683 1748 sedes
707 1713 848 1761 cepisse
870 1710 1016 1758 dicitur,

357 1769 434 1807 vid.
456 1771 503 1816 ll,
526 1771 600 1815 913
631 1767 678 1804 de
699 1767 841 1815 Xutho,
869 1769 933 1818 qui
953 1769 1017 1804 Io—

357 1827 416 1862 nis
436 1825 554 1862 fertur
583 1831 702 1875 pater,
733 1825 830 1870 VIII,
852 1823 905 1863 44
934 1824 1018 1860 coll.

357 1889 452 1920 nott.
492 1880 541 1918 ad
580 1883 609 1927 Ι,
644 1880 736 1921 145.
778 1881 1020 1918 vocabantur

359 1938 506 1986 Pelasgi
523 1937 770 1986 Aegialense8‚
803 1936 906 1989 quod
928 1938 1019 1973 olim

358 1996 481 2031 omnis
502 1995 785 2044 Peloponnesus
814 1994 1021 2030 vocabatur

359 2051 549 2099 Pelasgia,
579 2057 672 2087 teste
701 2050 873 2100 Euripid.
895 2049 1018 2100 Iphig.

357 2109 394 2142 in
413 2108 499 2143 Aul.
525 2106 649 2153 1473,
673 2108 826 2157 eiusque
849 2120 913 2143 ora
935 2119 1011 2142 ma·

361 2165 497 2209 riliina,
521 2175 618 2213 quae
640 2162 839 2212 postmodo
854 2161 1019 2198 Achaiae

359 2232 499 2255 nomen
530 2220 696 2267 accepit,
729 2215 933 2268 Αἰγιάλεια
972 2218 1017 2253 ab

358 2275 527 2323 Aegialeo
548 2288 657 2323 rege,
681 2281 720 2309 ut
742 2274 923 2309 serebant.
954 2274 1016 2308 Tu

359 2331 461 2368 cons.
484 2332 524 2366 C.
557 2331 597 2364 F.
635 2332 842 2369 Hermann.
867 2330 1014 2366 Hellen.

360 2386 700 2423 Stamtaalterthiim.
743 2387 777 2430 ξ,
807 2387 858 2425 96
881 2392 958 2421 not.
981 2385 1018 2425 5.

358 2444 456 2489 Quin
487 2445 566 2493 ipsa
597 2444 737 2492 Sicyon
761 2442 851 2477 olim
875 2443 924 2477 ita
948 2455 1018 2491 np-

358 2501 494 2550 pellata
534 2500 644 2534 fuisse
675 2505 859 2533 narratur.
926 2497 1011 2534 x'id.

360 2556 569 2606 Spanhem.
582 2554 628 2591 ad
642 2553 861 2590 callimach.
885 2556 920 2589 in
933 2555 1016 2590 Del.

358 2616 424 2653 72.
448 2615 512 2652 73.
544 2633 599 2638 —-
648 2612 848 2646 Caeterum
877 2624 923 2646 ex
956 2624 1013 2654 eo,

361 2667 463 2720 quod
482 2670 591 2704 Iones
615 2671 747 2703 centum
768 2680 881 2703 naves
903 2680 1014 2716 prae-

661 827 728 870 ἓπὶ
769 825 814 869 δὲ
830 825 986 877 Ἴωνος
1014 830 1096 869 τοῦ
1126 826 1328 880 Ξούθου,
1356 827 1515 878 Ἴωνες.

417 900 569 941 σιῶται
599 895 645 939 δὲ
676 894 957 938 ἑπτακαίδεκα
985 896 1240 950 παρείχοντο
1269 895 1382 948 νέας,
1413 894 1677 951 ὠπλισμένοι

1575 826 1695 883 Nn?

1073 1101 1160 1139 satis
1180 1102 1358 1152 cognosci
1378 1108 1524 1152 potest,
1547 1108 1733 1153 quantum

1073 1159 1135 1196 vel
1163 1160 1228 1195 illo
1246 1166 1416 1209 tempore
1432 1160 1570 1194 lomun
1590 1171 1647 1194 res
1663 1170 1734 1193 na-

1074 1216 1176 1252 vales
1192 1215 1410 1262 floruerint3
1433 1227 1508 1265 quo
1530 1213 1666 1250 eodem
1676 1214 1734 1250 fa-

1075 1273 1180 1308 ciunt
1202 1273 1466 1322 quinquaginta
1485 1283 1620 1317 naves,
1643 1283 1735 1321 quas

1074 1329 1239 1364 insulani
1277 1342 1307 1365 s.
1349 1326 1560 1380 Cycladum
1588 1327 1735 1363 incolae

1075 1383 1353 1433 exhibuerunt,
1407 1391 1502 1422 teste
1539 1381 1734 1420 Herodoto

1073 1442 1154 1489 VII,
1174 1442 1242 1482 95.

1291 1520 1383 1570 Cap.
1402 1519 1519 1558 XCV.

1133 1600 1341 1648 Νησιῶται
1364 1597 1434 1648 δέ]
1485 1599 1535 1634 Hi
1571 1597 1734 1634 insulani

1074 1667 1196 1706 quum
1235 1667 1256 1690 a
1289 1654 1491 1691 duodecim
1518 1656 1657 1690 Ionum
1677 1655 1735 1690 ci-

1073 1712 1248 1748 vitatibus
1278 1712 1316 1746 in
1338 1712 1567 1747 Panionium
1596 1723 1734 1747 conve-

1074 1770 1155 1803 nire
1169 1768 1284 1804 solitis
1298 1766 1587 1816 distinguantur,
1609 1779 1735 1818 neque

1077 1823 1160 1860 Chii
1181 1837 1306 1875 neque
1321 1824 1440 1861 Samii
1469 1837 1547 1860 esse
1566 1829 1734 1874 possunt,

1077 1881 1141 1932 qui
1163 1879 1208 1916 ad
1230 1882 1326 1931 ipsas
1340 1879 1449 1917 hasce
1459 1881 1626 1916 civitates
1636 1878 1735 1916 duo-

1077 1936 1202 1973 decim
1222 1938 1413 1987 pertinent
1443 1943 1555 1988 atque
1577 1937 1690 1972 etiam
1712 1948 1734 1971 a

1075 1993 1243 2030 Diodoro
1265 1995 1331 2041 XI,
1355 1996 1377 2033 3
1410 1994 1547 2029 Ionum
1573 1992 1737 2028 civitati-

1076 2051 1144 2086 bus
1166 2057 1320 2086 centum
1336 2062 1450 2085 naves
1471 2048 1735 2098 praebentibus

1075 2106 1385 2151 adnumerantur,
1407 2104 1473 2140 sed
1484 2104 1530 2139 ad
1543 2117 1604 2140 eas
1627 2106 1734 2140 insu—

1075 2163 1128 2197 las
1152 2163 1358 2211 pertinent,
1390 2173 1487 2210 quae
1509 2162 1606 2196 intra
1629 2161 1674 2210 C)
1687 2174 1729 2196 a-

1074 2230 1163 2253 neas
1185 2224 1297 2268 atque
1319 2218 1521 2267 Triopium
1550 2230 1736 2267 promon-

1074 2274 1214 2309 torium
1245 2280 1280 2309 et
1315 2274 1480 2309 Sunium
1509 2280 1735 2323 promonto-

1075 2331 1172 2364 rium
1203 2330 1293 2365 sitae
1329 2331 1424 2379 regis
1456 2329 1588 2366 ditioni
1624 2328 1734 2366 addi-

1076 2393 1159 2421 ctae
1181 2393 1308 2429 erant,
1348 2393 1389 2421 ut
1434 2386 1544 2432 Ceus,
1589 2383 1733 2432 Nasus,

1077 2441 1245 2492 Se'pluuts,
1268 2442 1453 2492 Seriphus,
1485 2442 1640 2488 Andrus,
1666 2442 1733 2479 Te·-

1072 2512 1138 2535 nus
1169 2497 1419 2546 (vidum-od.
1441 2499 1537 2539 vlu.
1569 2497 1634 2537 46.
1665 2497 1732 2538 48.

1073 2558 1126 2595 82
1159 2556 1244 2591 coll.
1275 2554 1493 2606 Thucydid.
1533 2555 1613 2601 Vll,
1644 2555 1730 2601 57),

1073 2611 1241 2660 Cyclades
1261 2612 1374 2661 vulgo
1397 2611 1654 2661 appellantnr3
1683 2609 1730 2646 ad

1072 2681 1163 2718 quas
1206 2669 1302 2718 ipsas
1342 2667 1443 2717 apud
1492 2665 1730 2703 Herodotum

359 2726 480 2761 huisse
499 2724 695 2771 dicuntur,
728 2737 816 2759 cum
847 2727 1015 2760 trecentas
1069 2731 1238 2774 spectare
1259 2724 1372 2761 verba
1395 2719 1556 2773 νήσους,
1581 2717 1731 2772 νησιώ-

359 2780 568 2818 Phoenices
580 2778 803 2817 exhiberent
816 2780 1012 2830 0'11,98)‚
1069 2795 1139 2827 τας
1173 2782 1250 2817 iam
1279 2779 1327 2818 ad
1355 2780 1400 2828 V,
1421 2782 1473 2820 30
1493 2779 1559 2816 sm.
1580 2779 1730 2816 notavi-
