1897 3340
424 260 505 299 198
830 259 1286 296 HERODOTI

421 382 503 420 ρον
522 363 770 421 διαβάλλειν
787 364 816 422 ἢ
833 365 924 418 ἕνα,
946 367 982 409 εἰ
1005 367 1244 420 Κλεομένεα
1263 365 1340 422 μὲν
1368 365 1446 408 τὸν
1477 369 1683 411 Λακεδαι-

422 434 580 489 μόνιον
602 437 772 489 μοῦνον
794 433 875 476 οὐκ
906 430 998 484 οἷός
1026 450 1069 477 τε
1100 434 1265 489 ἐγένετο
1286 433 1543 489 διαβάλλειν,
1572 438 1686 488 τρεῖς

394 502 470 545 ὅδὲ
510 501 728 556 μυριάδας
765 490 1004 556 Ἀθηναίων
1054 502 1226 557 ἐποίησε
1264 506 1407 544 τοῦτο.
1462 501 1688 558 Ἀθηναῖοι

421 569 501 624 μὲν
529 567 582 624 δὴ
609 567 956 618 ἀναπεισθέντες,
986 566 1257 623 ἐψηφίσαντο
1287 570 1423 612 εἴκοσι
1458 570 1559 620 νέας
1587 569 1745 613 ἀπο-95

421 639 582 679 στεῖλαι
611 635 809 692 βοηθοὺς
826 633 972 688 Ἴωσι,
1015 636 1256 692 στρατηγόν
1285 635 1569 688 ἀποδέξαντες
1608 635 1690 680 αὐ-

419 706 508 747 τῶν
537 700 649 745 εἶναι
678 701 960 756 Μελάνθιον,
992 703 1135 758 ἄνδρα
1164 707 1253 746 τῶν
1285 703 1442 756 ἀστῶν,
1477 704 1606 748 ἐόντα
1634 703 1687 746 τὰ

393 769 569 819 6πάντα
598 768 792 825 δόκιμον.
852 765 994 815 Αὗται
1015 771 1061 815 δὲ
1090 773 1135 814 αἱ
1163 771 1257 821 νέες
1285 769 1394 827 ἀρχὴ
1424 777 1574 816 κακῶν
1603 771 1690 827 ἐγέ-

366 956 456 994 pag.
479 944 560 984 906
593 944 680 980 coll.
711 946 750 990 ξ.
779 947 859 986 306
888 958 1027 982 consu-

367 998 503 1036 lendus
525 998 572 1036 ad
594 1001 708 1037 verba
730 996 848 1040 ου’δὲν
868 997 941 1050 ’ὄψι
955 996 1029 1040 ov'n

366 1054 566 1106 ὑπίσχετο.
642 1057 813 1093 Verbum
863 1055 1029 1109 διαβάλ-

366 1115 448 1151 λειν
469 1114 761 1151 circumveniendi
769 1113 939 1164 ,fallendi
956 1127 1030 1151 no-

364 1170 470 1206 tione
489 1169 684 1219 attigimus
704 1169 753 1207 ad
773 1171 818 1218 V,
839 1171 909 1212 50.

421 1228 524 1276 τρεῖς
551 1223 594 1264 δὲ
618 1223 816 1278 μυριάδας
840 1221 1032 1278 Ἀθηναί-

368 1296 424 1320 ων
443 1280 605 1333 ἐποίησε
627 1284 772 1332 τοῦτο]
822 1285 935 1320 Hunc
954 1297 1031 1319 nu-

365 1350 522 1374 merum
568 1340 677 1376 tertia
726 1346 832 1390 parte
874 1347 1031 1377 auctum

366 1393 481 1431 habet
501 1393 734 1432 Dahlmann.
764 1395 908 1433 Herod.
939 1409 1029 1447 pag.

354 1450 440 1498 58,
481 1463 718 1504 quamquam
756 1451 829 1489 hoc
867 1453 1029 1489 minime

364 1505 549 1544 Herodoti
579 1509 691 1559 culpa
716 1508 861 1546 factum
889 1516 1029 1557 censet,

367 1562 434 1599 sed
462 1576 614 1610 eorum,
654 1577 750 1616 quos
777 1566 842 1602 ille
882 1565 1028 1612 adierit,

367 1620 567 1669 vulgarem
598 1621 741 1657 famam
778 1634 929 1672 semper
966 1635 1029 1658 se-

365 1682 488 1712 cutus.
527 1678 624 1712 Nam
644 1678 826 1728 pleraque
857 1685 1029 1715 veterum

364 1732 580 1768 testimonia
611 1732 705 1781 (vid.
736 1735 876 1770 Meurs.
906 1735 1028 1770 Lectt.

366 1788 447 1824 Att.
471 1790 500 1836 1,
525 1791 562 1828 1.
583 1790 686 1826 Fort.
713 1790 849 1828 Attice.
873 1789 911 1828 4.
939 1791 1030 1826 Mu-

365 1857 474 1881 seum
499 1844 623 1883 Critic.
655 1846 872 1897 Cantabrig.
894 1848 910 1882 1
940 1859 1028 1897 pag.

365 1899 462 1942 541.
482 1901 518 1936 II
538 1914 626 1952 pag.
648 1902 763 1951 215.)
794 1904 929 1952 viginti
947 1903 1027 1939 mil-

368 1956 401 1993 le
422 1957 534 1994 fuisse
555 1959 654 1995 cives
675 1959 820 1996 Atticos
850 1958 1028 2006 traduntr,

368 2012 472 2050 unde
493 2014 553 2050 vel
572 2013 860 2062 Valckenaerio,
882 2017 947 2067 qui
968 2014 1028 2052 hic

368 2068 559 2106 indicatur
574 2084 778 2119 numerus,
807 2085 920 2122 supra
940 2084 1030 2108 mo-

369 2124 462 2162 dum
484 2134 615 2163 auctus
635 2126 838 2164 videretur.
895 2130 1029 2179 Neque

367 2188 497 2217 tamen
518 2184 556 2218 iu
578 2190 685 2220 textu
707 2183 918 2235 quidquam
951 2197 1029 2220 esse

366 2238 616 2286 mutandum,
667 2247 814 2290 praeter
859 2241 1029 2290 ipsorum

369 2293 481 2331 codd.
514 2296 776 2332 auctoritatem
802 2296 862 2332 vel
883 2297 1030 2333 Aristo-

367 2348 502 2400 phanis
534 2350 697 2388 ostendit
717 2353 821 2388 locus
842 2354 1030 2389 inEccle-

367 2408 457 2444 siaz.
490 2406 596 2447 1124
615 2408 662 2444 ab
684 2407 820 2445 eodem
846 2408 1029 2445 Valcken.

369 2463 466 2499 bene
510 2464 656 2500 allatus.
734 2467 869 2502 Nostra
908 2472 1029 2501 aetate

370 2519 578 2556 accuratius
626 2521 663 2556 in
703 2519 796 2558 haec
838 2522 1029 2572 inquisivit

368 2574 542 2613 Boeckh.
597 2576 911 2614 Staatshaushalt.
962 2577 1028 2614 der

367 2630 509 2669 Athen.
540 2634 556 2668 Ι
582 2645 669 2683 pag.
702 2634 754 2675 35
775 2647 894 2685 seqq„
926 2636 1027 2670 varia

368 2695 539 2725 veterum
568 2691 782 2726 testimonia
812 2690 859 2727 de
888 2691 1027 2727 civium

370 2745 582 2781 Atticorum
626 2759 785 2783 numero
816 2747 1028 2783 secuudum

369 2802 549 2852 temporis
570 2803 732 2840 rationes
744 2802 946 2854 disponens
968 2817 1028 2839 re-

370 2865 506 2910 cteque
538 2871 718 2907 monens,
750 2859 853 2912 quod
875 2859 922 2896 ad
950 2862 1029 2896 He.-

1085 942 1209 981 rodoti
1238 943 1368 980 locum
1396 945 1571 995 pertinet,
1601 945 1747 986 Arista-

1085 1013 1238 1051 goram,
1290 1013 1366 1051 quo
1412 1002 1586 1051 graviora
1626 1008 1748 1039 essent
1810 1048 1813 1049 ⁷

1084 1057 1202 1094 verba
1231 1069 1297 1093 sua
1332 1058 1509 1108 ipsosque
1537 1055 1750 1094 Athenien-

1089 1126 1145 1151 ses
1167 1114 1318 1163 gravius
1339 1120 1552 1161 moverent,
1573 1115 1749 1151 sumsisse

1086 1171 1305 1206 maximum
1322 1172 1387 1221 qui
1398 1171 1590 1207 ferebatur
1607 1184 1750 1207 nume-

1087 1239 1174 1262 rum
1232 1228 1384 1275 triginta
1442 1227 1537 1264 mille
1588 1228 1750 1277 civium3

1088 1288 1276 1334 quantum
1299 1282 1455 1333 quidem
1475 1296 1661 1336 umquam
1674 1297 1745 1320 ex-

1085 1339 1219 1375 stitisse
1268 1340 1329 1375 vel
1367 1341 1538 1376 maxime
1573 1340 1746 1377 florenti—

1086 1395 1155 1432 bus
1193 1393 1484 1432 Atheniensium
1530 1396 1641 1433 rebus
1680 1397 1747 1434 vix

1085 1450 1264 1488 credibile
1278 1481 1287 1499 ,
1336 1465 1447 1500 cum,
1513 1454 1746 1490 accuratiora

1084 1515 1258 1544 veterum
1289 1507 1336 1544 de
1366 1508 1422 1545 his
1461 1510 1677 1546 testimonia
1715 1510 1746 1547 si

1084 1565 1352 1613 respiciamus,
1401 1566 1441 1600 in
1479 1566 1556 1603 illo.
1582 1579 1744 1604 numero

1083 1622 1217 1668 viginti
1234 1621 1327 1656 mille
1347 1621 1487 1657 civium
1501 1623 1748 1673 acquiescen-

1087 1675 1179 1712 dum
1196 1689 1274 1712 esse
1295 1676 1480 1714 videatur.
1514 1677 1624 1715 Unde
1647 1692 1745 1730 quae

1086 1733 1261 1769 omnium
1282 1734 1430 1769 Atticae
1450 1735 1661 1771 incolarum
1677 1748 1746 1772 co-

1084 1790 1160 1839 pia,
1183 1789 1427 1839 probabiliter
1447 1789 1551 1827 idem
1572 1791 1745 1829 Boeckh.

1086 1847 1315 1881 constituere
1335 1845 1491 1883 studuit.
1551 1847 1629 1885 Sed
1650 1847 1744 1886 haec

1084 1908 1256 1938 nostrum
1275 1902 1405 1938 locum
1424 1904 1551 1940 minus
1570 1911 1746 1955 tangunt.

1143 1956 1358 2009 στρατηγόν
1380 1954 1641 2008 ἀποδέξαντες
1669 1957 1744 2000 αὗ-

1083 2015 1164 2052 vesu
1186 2010 1304 2063 εἶναι]
1337 2015 1398 2052 Ad
1426 2016 1500 2053 loci
1517 2024 1746 2055 structuram

1086 2071 1187 2107 conf.
1209 2071 1253 2117 V,
1284 2074 1337 2111 25
1357 2073 1446 2123 ibiq.
1468 2081 1565 2111 nott.
1585 2096 1641 2102 —-
1672 2070 1746 2114 αὕ-

1084 2128 1166 2164 τῶν
1188 2125 1275 2162 dedi
1295 2140 1362 2177 pro
1385 2126 1551 2169 αὐτέων.

1142 2177 1271 2220 Adron
1300 2181 1342 2221 δὲ
1372 2185 1416 2222 αἱ
1444 2185 1528 2232 νέες
1549 2182 1648 2237 α’ρχή
1671 2201 1745 2225 κα-

1084 2239 1168 2276 κῶν
1209 2237 1412 2290 ἐγένοντο]
1464 2243 1564 2279 Olim
1613 2239 1744 2294 α’ρχαὶ,

1087 2295 1271 2343 probante
1298 2296 1486 2334 Saucrosti
1508 2299 1616 2336 libro.
1665 2301 1744 2336 Re-

1085 2351 1178 2401 liqui
1211 2352 1291 2387 libri
1313 2365 1401 2388 cum
1421 2355 1619 2391 Eustathio
1652 2354 1744 2392 haec

1087 2409 1227 2443 citaute
1257 2407 1305 2444 ad
1341 2410 1384 2445 lt.
1416 2423 1453 2460 p.
1490 2411 1585 2457 5252,
1630 2414 1680 2452 12
1713 2425 1744 2448 s.

1086 2464 1179 2510 395,
1202 2466 1276 2504 20:
1300 2459 1400 2516 οἷρχή
1420 2467 1599 2516 singulari
1620 2468 1745 2504 innu-

1086 2532 1205 2562 mero,
1228 2534 1304 2571 quo
1327 2522 1503 2573 equidem
1525 2536 1601 2559 nou
1619 2523 1744 2560 offen-

1086 2575 1167 2612 dor.
1198 2579 1275 2613 Nec
1297 2580 1416 2627 magis
1437 2592 1530 2629 opus
1562 2593 1745 2630 reponere

1085 2646 1172 2668 cum
1195 2634 1411 2682 Plutarcho,
1433 2636 1647 2673 Herodotea
1671 2637 1745 2674 cri-

1086 2691 1268 2736 minante,
1295 2686 1515 2741 α’ρχέκακοι,
1537 2694 1745 2730 confictum

1086 2745 1179 2782 illud
1201 2746 1356 2798 quidem
1379 2761 1427 2784 ex
1451 2750 1606 2786 Homer.
1628 2751 1671 2788 ΙΙ.
1698 2750 1743 2798 V,

1086 2805 1152 2842 63.
1211 2804 1316 2840 Facit
1336 2802 1411 2841 hu(—¹
1432 2807 1622 2842 Aristotel.
1640 2805 1746 2843 Rhe-

1086 2865 1176 2896 torr.
1206 2861 1258 2896 111
1279 2872 1365 2911 pag.
1401 2864 1492 2903 137.
1523 2861 1744 2915 Thucydid.
