1897 3340
436 224 520 264 280
661 222 926 262 HERODOTI
984 222 1359 261 TERPSICHORE.
1417 224 1464 262 V.
1853 0 1895 256 w

105 340 208 368 nidem
227 341 267 375 [c.
286 341 343 376 lh]

105 375 194 409 petit,
216 375 296 402 uude
313 384 379 403 cum

437 331 481 382 ἐς
517 330 599 386 τὴν
639 332 872 385 Μύρκινον
915 328 1109 386 ἀπάγειν.
1169 330 1250 387 τὴν
1288 331 1366 387 μὲν
1406 331 1459 387 δὴ
1499 332 1697 387 Μίλητον

104 408 366 469 ξιιιιὲηὲιςιιὶςὶεοῗ
439 397 655 452 ἐπιτρέπει
694 398 964 454 Πυθαγόρῃ,
1014 397 1143 452 α’νδρὶ
1188 403 1277 442 τῶν
1325 398 1470 442 ἀστῶν
1509 400 1696 456 δοκίμῳ·

104 462 318 503 '’¹¹⁸'0cciditur
341 476 381 511 [a.
441 463 574 516 αὐτᾶς
603 465 649 510 δὲ
677 464 945 520 παραλαβών
974 463 1117 509 πάντα
1145 466 1222 510 τὸν
1250 467 1541 522 βουλόμενον,
1580 466 1697 510 ἔπλεε
1856 523 1858 527 v

179 529 186 536 ’
407 533 482 584 Ξές
510 532 591 590 τήν
622 535 827 589 Θρηΐκην,
858 532 930 575 καὶ
959 532 1052 588 ἔσχε
1079 532 1159 588 τήν
1178 533 1323 590 χώρην
1347 533 1417 578 ἐπ’
1450 533 1506 589 ἢν
1529 533 1694 591 ἐστάλη.
1855 536 1858 598 ξ

435 600 483 644 ἐκ
512 599 559 644 δὲ
586 600 746 656 ταύτης
773 599 1067 655 ὁρμεώμενος,
1108 599 1347 645 ἀπόλλυται
1379 600 1465 645 ὑπὸ
1494 603 1754 657 ΘρηΐκωνῚο
1854 602 1859 642 l

438 667 575 720 αὐτός
615 684 660 711 τε
703 666 726 710 ὁ
764 664 1092 723 Ἀρισταγόρης,
1138 669 1212 711 καὶ
1251 667 1274 711 ὁ
1314 669 1496 722 στρατὸς
1542 667 1696 720 αὐτοῦ,

433 734 562 780 πόλιν
601 732 964 790 περικατήμενος,
1005 734 1079 778 καὶ
1118 735 1399 792 βουλομένων
1441 739 1528 780 τῶν
1568 738 1697 792 Θρηΐ·
1752 731 1835 775 438
1855 735 1889 790 ἓν

434 819 526 847 κων
555 800 853 846 ὑποσπόνδων
881 801 1053 856 ἐξιέναι.

434 972 553 1015 πόλιν
567 970 899 1027 περικατήμενος]
922 971 1035 1024 ,,Ἐν-

377 1029 447 1072 νέα
468 1028 598 1080 ὁδούς,
629 1029 762 1069 Novem
780 1033 870 1080 vias,
891 1033 930 1068 in
939 1045 1037 1084 qua-

378 1101 465 1125 rum
485 1089 623 1126 vicinia
653 1085 791 1125 deiude
816 1087 1037 1140 Amphipo-

376 1145 421 1182 lis
441 1145 488 1181 ab
508 1143 801 1189 Atheniensibus
821 1144 974 1182 condita
1000 1151 1038 1181 et

376 1202 532 1239 XXXII
551 1201 710 1254 quidem
731 1201 838 1239 aunis
849 1208 935 1252 post
947 1201 1039 1238 Ari-

376 1265 549 1308 stagorae
580 1257 751 1305 cladem,
794 1259 947 1308 egregio
968 1269 1040 1294 au—

377 1321 481 1352 ctore
510 1312 693 1366 Thucyd.
723 1314 793 1359 IV,
826 1317 917 1355 102.
966 1313 1040 1350 At-

335 1413 337 1416 ,
377 1372 475 1408 ticae
507 1371 692 1422 Cyloniae
727 1377 878 1421 tempus
910 1371 951 1406 in
979 1370 1038 1408 Ol.

377 1428 574 1465 LXXVII.
592 1434 658 1464 aut
677 1427 868 1479 sequentis
887 1427 1040 1463 initium

378 1484 558 1532 incurrit,
603 1482 694 1520 hinc
726 1484 969 1533 Aristagorae
1003 1489 1040 1519 et

378 1541 567 1577 comitum
594 1546 735 1590 strages
762 1541 802 1576 in
833 1540 892 1576 ol.
912 1539 1037 1577 Lxx.

378 1595 491 1633 Conf.
512 1594 625 1634 Diod.
655 1597 742 1643 XII,
764 1597 817 1636 68
834 1601 871 1631 et
891 1595 1037 1632 Corsiu.

378 1653 478 1690 Fast.
499 1652 579 1688 Att.
600 1665 639 1702 p.
657 1649 738 1692 184
758 1651 807 1688 T.
818 1651 885 1688 111.
921 1650 990 1688 We
1000 1665 1039 1688 s-

378 1707 557 1757 seling.
582 1705 794 1744 Larcherus
815 1705 890 1744 hoc
910 1708 1039 1744 retulit

380 1763 429 1802 ad
441 1777 530 1801 ann.
544 1762 624 1804 498
637 1776 671 1802 a.
685 1761 775 1801 Chr.
785 1776 825 1800 n.
842 1777 873 1801 s.
885 1763 1039 1815 Olymp-

378 1823 445 1868 71,
467 1823 506 1861 3.
569 1818 764 1857 Herodoto
784 1820 915 1857 locum
934 1819 1038 1857 hunc

378 1877 577 1927 cognitum
596 1876 708 1914 fuisse
729 1877 883 1927 colligas
899 1889 948 1912 ex
957 1877 1039 1924 VH,

381 1932 474 1982 114,
496 1933 561 1985 qui
572 1931 677 1985 quod
696 1931 946 1984 Amphipoiin
960 1944 1040 1970 nou

379 1990 541 2039 vocarit,
570 1989 610 2027 id
636 1989 726 2027 inde
754 1987 1040 2042 explicandum,

1092 974 1198 1028 quod
1228 973 1369 1012 haecce
1397 975 1487 1012 urbs
1507 974 1752 1013 celeberrima

1093 1044 1193 1068 anuo
1223 1031 1304 1072 437
1335 1044 1369 1070 a.
1400 1030 1492 1069 Chr.
1527 1045 1566 1069 n.
1594 1030 1752 1069 demum

1093 1094 1283 1125 exstructa
1303 1094 1380 1125 est:
1403 1100 1479 1140 quo
1491 1094 1661 1140 tempore
1671 1089 1754 1125 He-

1093 1144 1249 1182 rodotus
1270 1145 1430 1181 Graecia
1442 1146 1573 1182 relicta
1594 1144 1754 1182 Thuriis

1093 1204 1172 1238 iam
1192 1199 1323 1238 sedem
1342 1201 1490 1238 fixerat.
1527 1198 1615 1241 Vffi.
1631 1200 1754 1238 Dahl-

1094 1271 1227 1297 mann.
1249 1256 1389 1295 Herod.
1409 1272 1447 1309 p,
1465 1260 1562 1299 221.

1151 1313 1217 1353 καὶ
1236 1312 1256 1353 ὅ
1275 1310 1497 1365 στρατός-
1511 1311 1685 1362 ἐξιέναι]
1726 1314 1750 1352 i.

1097 1384 1130 1408 e.
1151 1370 1362 1422 interficitur
1383 1374 1416 1408 et
1433 1372 1505 1421 ipse
1523 1370 1755 1420 Aristagoras

1096 1430 1129 1464 et
1164 1429 1239 1464 eius
1275 1428 1470 1473 επετεὶίιιε,
1522 1439 1600 1464 cum
1638 1427 1755 1464 urbem

1096 1484 1274 1533 quandam
1312 1483 1482 1520 obsideret
1524 1486 1558 1521 et
1603 1482 1756 1520 Thraces

1085 1539 1164 1590 fide
1185 1540 1273 1577 data
1287 1541 1381 1577 exire
1400 1539 1536 1577 vellent.
1554 1537 1757 1590 Schweig-

1095 1594 1225 1632 haeus.
1248 1596 1538 1646 interpretatur:
1560 1617 1616 1623 —
1650 1608 1756 1646 quum

1095 1651 1258 1701 oppidum
1285 1651 1429 1702 aliquod
1463 1651 1634 1689 obsideret
1665 1654 1755 1689 reie-

1096 1709 1161 1745 ctis
1185 1707 1452 1755 conditionibus,
1484 1709 1610 1758 quibus
1637 1707 1756 1745 Thra-

1096 1777 1149 1801 ces
1179 1763 1340 1801 excedere
1376 1762 1498 1815 oppido
1534 1764 1755 1802 voluerant.“

1095 1819 1287 1871 Equidem
1308 1818 1345 1856 h.
1365 1820 1391 1858 l.
1413 1818 1462 1856 ad
1483 1833 1569 1858 eem
1588 1827 1756 1858 structu-

1095 1889 1179 1913 ram
1197 1877 1483 1927 participiorum
1501 1877 1664 1914 referam
1676 1907 1685 1925 ‚
1708 1876 1756 1914 de

1097 1945 1173 1985 qua
1202 1931 1283 1969 dixi
1315 1932 1364 1970 ad
1397 1932 1591 1972 Plutarch.
1620 1933 1756 1972 Philo-

1097 2002 1225 2041 poem.
1246 2001 1334 2041 pag.
1355 1987 1421 2030 41.

1844 1667 1852 1671 ι

1877 1746 1881 1782 -Α
1876 1691 1882 1718 υ-
1872 1374 1885 1652 -ῥι-ς-ιω-ωκ.
1873 1234 1891 1337 ψ
