1897 3340
512 208 991 247 POLYMNIA.
1051 209 1147 246 v11.

191 316 321 374 λόγος
349 317 436 361 ἐστὶ
456 317 504 361 τὸ
535 316 723 362 παλαιόν
755 314 867 360 εἶναι
889 318 1058 373 λίμνην,
1091 316 1200 361 ὥστε
1229 334 1276 373 γε
1303 331 1448 375 συγκε-

163 386 458 443 Ξκληϊσμένην
494 387 715 429 πάντοθεν
760 382 1030 440 ὑπερμήκεσι
1069 384 1233 439 οὔρεσι.
1292 387 1345 430 τὰ
1383 390 1462 444 μὲν

1373 220 1456 259 627

190 454 274 509 γὰρ
307 452 438 510 αὐτῆς
476 454 586 507 πρὸς
622 452 701 508 τὴν
738 451 804 506 ἠῶ
835 452 988 507 ἔχοντα
1017 451 1067 497 τό
1105 469 1150 497 τε
1182 452 1355 510 Πήλιον
1386 452 1460 499 οὗ-

191 538 269 576 ρος
300 523 373 566 καὶ
402 520 429 577 ἡ
456 521 602 565 ’Όσσα
633 519 865 577 ἁποκλῄει,
905 523 1206 578 συμμίσγοντα
1234 521 1313 574 τοὶς
1342 521 1461 566 ὑπω-

131 732 274 782 colligit
293 729 524 767 Dahlmann.
545 729 585 764 in
606 728 791 768 Herodot.

133 801 220 839 pag.
235 788 286 828 59
308 788 394 824 coll.
410 786 570 824 Rennel.
589 799 676 836 pag.
699 788 792 833 298,

130 843 370 881 Herodotum
392 845 518 894 ipsum
548 844 792 893 perlustrasse

130 900 370 938 Thessaliam
399 902 602 952 ipsumque
623 899 690 937 has
706 900 792 936 fau-

128 971 191 996 ces
222 959 444 1009 inspexisse.
511 958 569 993 De
604 955 793 994 Thessalici

128 1016 238 1065 plura
267 1016 456 1066 congessit
491 1015 529 1050 Τ
532 1012 722 1051 zschucke
744 1012 793 1050 ad

127 1073 219 1112 Mel,
254 1073 301 1120 11,
324 1075 348 1112 3
373 1073 408 1117 ξ.
431 1071 456 1111 4
477 1084 564 1122 pag.
597 1073 672 1111 191
695 1077 791 1108 nott.

128 1141 267 1179 exegg.
325 1130 449 1166 Verba
481 1141 586 1180 seqq.
619 1123 718 1166 ὥστε
748 1142 790 1179 γε

129 1184 497 1240 συγκεκλιῃϊσμὲνην
529 1200 566 1223 κ.
586 1199 619 1223 τ.
643 1187 676 1222 λ.
701 1185 791 1221 atti-

127 1243 183 1293 git
213 1241 345 1280 Schol.
372 1243 556 1294 Apollon.
577 1239 703 1278 Rhod.
723 1243 789 1290 ΙΙΙ,

131 1298 254 1340 1085.
565 1347 581 1354 „

182 1353 229 1394 τό
265 1369 306 1393 τε
337 1349 496 1405 Πήλιον
529 1355 653 1404 οὖρος
674 1352 740 1393 καὶ
763 1352 791 1405 ἦ

114 1408 275 1460 ”Οσσα]
299 1412 390 1448 Ossa
410 1424 521 1448 mons
542 1412 707 1462 Olympo
727 1425 791 1447 re-

125 1467 287 1520 spondet
316 1481 337 1505 a
365 1467 539 1516 meridie,
561 1469 692 1513 Peneo
713 1468 789 1504 ssu-

124 1527 187 1563 vio
207 1526 467 1562 interiacente.
506 1527 541 1561 A
558 1538 634 1577 quo
653 1519 788 1562 monte

125 1583 192 1635 qui
210 1582 410 1619 meridiem
429 1595 557 1620 versus
577 1581 727 1619 modice
740 1581 788 1619 ad

124 1641 311 1677 orientem
339 1639 429 1676 flexi
456 1638 620 1676 tendunt
637 1646 788 1677 montes

124 1695 174 1733 ad
205 1698 444 1747 Pegasaeum
473 1697 600 1733 sinum
621 1697 660 1732 in
681 1709 788 1733 mare

123 1760 405 1804 procurrentes,
421 1752 517 1790 Pelii
524 1754 681 1790 nomine
695 1754 788 1790 olim

124 1809 392 1847 indicabantur
420 1816 457 1847 et
494 1811 567 1860 ipsi
604 1811 786 1858 altissimi,

124 1879 227 1904 nunc
266 1867 409 1916 cogniti
437 1867 595 1903 nomine
617 1867 786 1915 Zagora.

123 1922 210 1962 Vid.
258 1921 482 1960 Dicaearch.
528 1924 569 1958 iu
608 1924 786 1960 Creuzeri

122 1981 270 2017 Melett.
292 1981 346 2015 111
366 1994 402 2031 p.
427 1981 505 2020 199
526 1993 605 2031 seq.
627 1980 724 2017 Gail.
744 1981 784 2017 in

124 2037 267 2088 Geogr.
297 2038 363 2075 Gr.
394 2037 515 2074 minu.
537 2038 572 2072 ΙΙ
593 2049 680 2087 pag.
706 2036 784 2078 140

123 2092 345 2131 Tzschuck.
379 2091 427 2129 ad
461 2093 550 2131 Mel.
582 2095 628 2139 ΙΙ,
651 2096 675 2133 3
698 2094 735 2138 ξ.
759 2096 786 2134 2

123 2163 212 2201 pag.
236 2153 314 2191 173
336 2163 416 2202 seq.
440 2150 631 2187 Mannert.
657 2151 726 2187 VII
746 2163 784 2200 p.

125 2207 222 2247 593.
279 2206 396 2257 Apud
441 2205 630 2243 Dodwell.
674 2207 785 2243 Reise

125 2261 164 2299 d.
186 2261 339 2300 Griech.
358 2264 406 2309 ΙΙ,
430 2266 448 2302 1
475 2276 535 2313 cp.
562 2265 611 2304 19
640 2278 679 2314 p.
705 2266 782 2303 173

124 2332 222 2356 vers.
260 2331 412 2355 vernae.
452 2320 626 2367 invenio,
679 2333 784 2356 nunc

124 2382 299 2412 montem
319 2375 446 2412 vocari
464 2375 620 2423 Plesnid,
642 2383 706 2412 aut
727 2383 786 2413 et-

125 2434 203 2468 iam
240 2438 414 2468 montem
459 2429 588 2468 Sancti
626 2432 784 2479 Georgii.

129 2489 222 2526 Ossa
249 2501 360 2525 mons
386 2499 490 2524 nuuc
521 2494 681 2524 vocatur
700 2487 786 2525 Kis-

128 2558 204 2583 sovo
225 2543 269 2594 (ὅ
292 2544 526 2594 Κίσσαβος).
573 2542 659 2582 vid.
681 2544 787 2580 Vau-

128 2600 326 2639 doncourt.
356 2602 381 2640 l.
411 2601 437 2639 l.
467 2612 552 2651 pag.
577 2601 658 2639 300
678 2613 782 2651 seqq.

127 2660 222 2698 309.
251 2660 333 2700 338
365 2656 471 2706 (coll.
502 2654 690 2692 Dodwell.
711 2657 736 2693 l.
757 2657 784 2693 l.

126 2726 164 2763 p.
197 2716 289 2754 188.
319 2714 435 2760 192),
466 2713 533 2749 ubi
562 2711 785 2762 adspectum

127 2769 308 2819 praebere
329 2768 465 2807 dicitur
492 2770 555 2806 ille
574 2781 685 2805 mous
703 2769 786 2805 lae-

126 2826 324 2873 tissimum,
347 2828 500 2879 qualem
510 2826 705 2863 Helvetiae
715 2826 786 2862 Al-

851 742 917 780 pes
935 730 1132 780 praebent,
1183 729 1325 769 Pindus
1360 736 1514 785 proprie

850 787 880 822 is
897 785 1034 822 dicitur
1049 800 1175 834 mons,
1196 789 1263 839 qui
1276 788 1516 829 Thessaliam

851 843 897 879 ab
919 842 1118 880 ochdente
1139 845 1308 894 cingens,
1333 859 1512 887 occasum

848 913 978 936 versus
999 901 1136 937 emittit
1159 900 1349 940 Ceraunios
1363 912 1513 943 montes

849 955 898 992 ad
918 958 1080 1007 Epiriun
1108 971 1229 1010 usque
1263 966 1301 996 et
1330 973 1437 998 oram
1458 963 1512 999 Il-

850 1013 1031 1064 lyricam,
1068 1015 1256 1052 orientem
1279 1030 1407 1055 versus
1439 1032 1509 1055 au-

847 1076 926 1106 tem
958 1084 1021 1107 eos
1041 1078 1211 1120 montes,
1242 1074 1309 1125 qui
1328 1075 1511 1113 Macedo-—

848 1128 956 1163 uiam
995 1140 1016 1163 a
1056 1127 1254 1166 Thessalia
1293 1140 1510 1181 separantes

851 1184 1000 1234 Olympi
1010 1186 1264 1235 appellatione
1274 1188 1391 1238 vulgo
1403 1202 1513 1226 com-

848 1239 1139 1291 prehenduntur
1158 1271 1168 1289 ,
1228 1256 1344 1294 quem
1397 1247 1513 1296 igitur

847 1299 974 1348 ipsum
1017 1306 1191 1336 montem
1231 1307 1333 1337 recte
1373 1301 1513 1342 dixeris

847 1353 962 1391 Pindi
993 1363 1155 1406 partem.
1212 1357 1324 1395 Nunc
1354 1366 1512 1398 vocatur

847 1411 1037 1462 Agraplta.
1103 1413 1168 1450 Tu
1206 1413 1284 1450 vid.
1319 1415 1510 1457 Mannert.

847 1469 917 1504 VII
931 1482 970 1519 p.
993 1468 1074 1510 574
1103 1482 1210 1522 seqq.
1241 1472 1363 1508 Kruse
1381 1474 1510 1512 Hellas

843 1526 861 1560 Ι
891 1538 980 1576 pag.
1001 1528 1078 1567 281
1112 1540 1191 1579 seq.
1222 1527 1509 1571 Vaudoncourt.

843 1582 867 1619 l.
889 1583 914 1620 l.
937 1595 1025 1633 pag.
1054 1584 1150 1623 338.
1185 1583 1376 1623 Dodwell.
1407 1588 1508 1628 Reis.

845 1637 882 1676 d.
913 1636 1065 1678 Griech.
1094 1641 1142 1688 Π,
1167 1642 1186 1680 1
1212 1653 1273 1692 cp.
1297 1644 1346 1682 18
1367 1656 1407 1693 Ρ.
1428 1641 1509 1685 145

844 1709 939 1734 vers.
951 1709 1117 1745 vernae„
1140 1698 1205 1749 qui
1220 1697 1389 1735 Pindum
1404 1713 1510 1738 nunc

845 1751 919 1789 dici
939 1754 1066 1790 scribit
1078 1750 1283 1804 Μειζόβου
1295 1754 1343 1793 τοὶ
1364 1756 1507 1806 βοῦνα.

845 1809 980 1860 Othrys
1017 1822 1130 1846 mons
1161 1823 1181 1846 e
1208 1810 1333 1848 Pindo
1363 1819 1401 1848 et
1426 1813 1506 1864 ipse

844 1879 1021 1913 exorsus,
1081 1868 1255 1918 quamvis
1295 1867 1421 1905 Pindo
1466 1877 1506 1907 et

843 1923 1008 1974 Olympo
1028 1923 1184 1960 inferior
1213 1924 1411 1962 altitudine
1425 1955 1434 1973 ,
1456 1924 1505 1963 ad

842 1980 1078 2029 Magnesiam
1116 1993 1258 2032 usque,
1309 1983 1375 2018 ubi
1414 1995 1504 2019 cum

843 2037 949 2073 Pelio
998 2037 1243 2087 coniungitur
1258 2067 1268 2086 ,
1308 2046 1504 2089 porrectus

843 2091 1105 2130 Phthiotidem
1116 2095 1325 2144 regionem,
1344 2097 1405 2132 cui
1417 2097 1503 2133 vul-

842 2163 891 2198 go
909 2157 1142 2198 accensetur,
1155 2159 1303 2202 separat
1315 2165 1336 2188 a
1357 2153 1503 2205 reliqua

842 2205 1051 2254 Thessalia,
1082 2220 1199 2259 quam
1220 2221 1241 2245 a
1261 2208 1420 2246 meridie
1440 2211 1503 2246 iu-

842 2262 973 2300 cludit.
1030 2266 1142 2301 Nunc
1172 2278 1193 2301 a
1227 2266 1311 2303 vico
1335 2265 1503 2318 quodam

843 2319 1040 2357 adiacente
1063 2329 1221 2358 vocatur
1250 2323 1364 2363 Gara,
1415 2322 1502 2361 Vid.

840 2378 1027 2417 Mannert.
1041 2379 1109 2414 VII
1119 2392 1153 2429 p.
1171 2378 1265 2419 580.
1278 2381 1399 2416 Kruse
1407 2381 1502 2417 Hel-

841 2434 894 2470 las
914 2435 932 2469 Ι
947 2447 985 2484 p.
1006 2432 1101 2474 284.

899 2490 1170 2542 συμμίσγοντα
1198 2487 1268 2538 τοὶς
1298 2490 1500 2544 ’ὑπωρείας

843 2539 1071 2595 ἄλλήλοισι]
1102 2544 1172 2593 τοὶς
1202 2546 1405 2599 ὑπωρείας
1433 2562 1499 2585 m-

843 2601 935 2638 dices
951 2609 1060 2639 vocat
1079 2604 1283 2651 montium,
1304 2612 1344 2641 ut
1359 2606 1387 2651 I,
1406 2607 1497 2648 110,

840 2658 906 2694 ubi
925 2657 1003 2700 vid.
1023 2666 1121 2697 nott.
1164 2681 1221 2688 -—
1250 2663 1293 2697 In
1315 2673 1419 2711 seqq.
1449 2660 1498 2695 li-

841 2714 926 2751 bros
965 2716 1121 2767 scriptos
1161 2724 1310 2753 secutus
1341 2714 1494 2751 exhibui

830 2766 1047 2820 ”Ολυμπος,
1059 2774 1123 2809 ubi
1135 2774 1250 2823 vulgo
1266 2769 1493 2819 Οὔλυμπος,

843 2826 947 2878 quod
977 2830 1149 2880 quamvis
1174 2841 1253 2864 nou
1272 2828 1494 2878 improban-

1117 2881 1217 2924 40*

1514 327 1577 353 eius
1600 330 1671 357 olim
1696 332 1782 367 aqui·

1514 367 1622 388 mersa.

1892 232 1897 251 -
1887 0 1897 188 --—-0---
