1897 3340
443 266 525 305 1⁴8
843 268 1303 303 HERODOTI

449 374 655 428 Θηβαίων
705 374 976 429 δεηθέντων,
1042 372 1235 429 πόλεμον
1285 374 1533 430 ἀκήρυκτον
1575 371 1703 429 Ἀθη-

421 441 616 482 3ναιόισι
657 440 884 495 ἐπέφερον.
936 441 1217 494 ἐπικειμένων
1256 441 1339 496 γάρ
1381 443 1529 485 αὐτῶν
1567 443 1701 482 Βοιω-

441 511 575 558 τοῖσι,
607 507 925 559 ἐπιπλώσαντες
955 513 1147 565 μακρῇσι
1176 510 1305 564 νηυσὶ
1335 510 1376 560 ἐς
1395 508 1476 565 τήν
1496 507 1698 562 Ἀττικήν,
1714 514 1758 549 75

444 573 553 616 κατοὶ
583 575 662 629 μὲν
692 575 853 629 ἔσυραν
889 573 1116 628 Φάληρον,
1147 575 1256 618 nato}
1288 577 1333 620 δὲ
1363 580 1436 631 τῆς
1465 575 1597 631 ἄλλης
1624 590 1703 617 πα-

444 642 595 695 ραλίης
625 642 821 692 πολλούς
842 640 1031 696 δήμους·
1065 646 1288 693 ποιεῦντες
1305 643 1351 686 δὲ
1381 646 1541 694 ταῦτα,
1573 641 1703 698 μεγά-

440 710 525 757 λως
553 705 808 763 Ἀθηναίους
828 707 1056 752 ἐσινέοντο.

158 824 178 831 ..
268 826 274 831 -
315 763 381 808 82
519 771 578 815 ‘H
600 774 646 817 δὲ
676 776 810 831 ἔχθρη
843 774 867 831 ἡ
896 775 1247 832 προοφειλομένη
1286 776 1329 828 ἐς
1365 775 1624 832 Ἀθηναίους
1653 775 1699 819 ἐκ

108 824 178 851 ⁰⁶¹¹
202 826 364 860 “mmm
441 843 531 883 τῶν
559 841 854 898 Αἰγινητέων,
896 841 1065 898 ἐγένετο
1094 843 1138 895 ἐξ
1173 841 1306 900 ἀρχῆς
1343 846 1531 899 τοιῆσδε.
1589 842 1757 887 Ἐστι-80

107 865 172 885 rum
202 859 254 886 adx
265 869 350 887 ersus

0 880 1 899 ¹
108 890 310 920 Athenienses
339 893 384 922 in-

441 1054 612 1108 πόλεμον
637 1053 865 1111 οἷκήρυκτον
883 1080 937 1087 --
951 1057 1039 1098 ἕπὲ-

380 1115 534 1166 φερον]
564 1116 646 1151 Ηοο
672 1127 718 1151 eo
745 1122 909 1166 spectat,
950 1129 1038 1152 mo-

378 1177 493 1206 nente
512 1170 785 1209 Wachsmuth.
800 1173 949 1209 Hellen.
965 1173 1038 1208 Al-

378 1226 606 1264 terthumsk.
626 1230 655 1274 1,
672 1231 690 1268 1
714 1241 802 1279 pag.
819 1231 910 1276 133,
932 1227 1036 1280 quod

377 1296 425 1319 ex
445 1284 526 1320 iure
546 1285 728 1337 antiquo,
758 1286 789 1321 si
819 1297 895 1336 pax
925 1292 1036 1336 rupta

375 1346 492 1387 esset,
523 1347 610 1377 ante
640 1341 785 1378 bellum
814 1343 1035 1392 incoeptum

374 1396 518 1445 legatos
538 1397 616 1434 sive
635 1411 840 1449 praecones
863 1399 962 1435 mitti
979 1399 1035 1435 fas

356 1457 472 1500 erat,
505 1455 571 1505 qui
591 1467 648 1490 res
668 1461 883 1504 repeterent
902 1462 967 1491 aut
986 1455 1035 1490 li-

374 1515 430 1544 tes
459 1512 608 1546 exortas
637 1523 686 1546 ex
713 1512 796 1546 Iure
824 1523 1035 1561 compone-

374 1571 472 1602 rent.
541 1565 653 1610 Quod
682 1567 713 1603 si
741 1579 819 1602 non
847 1568 1034 1614 successit,

374 1627 466 1657 tunc
501 1620 659 1658 demum
689 1635 710 1658 e
747 1629 920 1659 veterum
954 1624 1035 1659 iure

375 1689 480 1713 arma
521 1676 691 1715 hostibus
729 1678 867 1714 inferre
916 1679 1035 1715 licuit.

374 1732 442 1772 Cr,
474 1732 521 1770 ad
555 1732 594 1771 h.
624 1734 650 1772 l.
682 1733 776 1771 haec
818 1733 1032 1786 adscripsit:

373 1788 487 1837 ,‚Vid.
508 1789 694 1842 Stephan.
715 1789 834 1827 Thes.
856 1805 893 1842 p.
924 1791 1030 1832 4971

374 1845 434 1882 ed.
451 1846 561 1897 Valp.
601 1848 687 1884 Alia
717 1847 940 1897 significatio
956 1849 1033 1884 im-

372 1903 566 1952 placabilis
593 1917 622 1940 s.
653 1905 824 1955 perpetui
851 1904 940 1940 belii
978 1911 1033 1942 est

373 1959 490 1995 etiam
508 1960 662 1996 Plotino
683 1973 761 1997 non
783 1961 925 2010 ignota.
946 1959 1029 1998 Vid.

371 2015 474 2051 Eun.
504 2016 571 2063 111,
604 2019 642 2057 2.
678 2016 728 2056 15
763 2029 852 2067 pag.
881 2019 962 2057 266
984 2018 1030 2053 Β.

373 2071 476 2108 conf,
516 2073 595 2109 Ast.
631 2071 680 2109 ad
701 2073 851 2110 Platon.
871 2074 991 2123 Legg.
1013 2074 1031 2109 1

370 2139 458 2177 pag.
483 2126 571 2167 14.“

428 2186 601 2238 μακρῇσι
636 2182 786 2234 νηυσὶ]
827 2181 1030 2220 Navesin-

371 2240 594 2289 telliguntur
623 2252 701 2276 non
733 2247 812 2275 tam
840 2241 1028 2277 mercibus

369 2294 572 2343 vehendis,
595 2309 698 2345 quam
717 2297 839 2332 bellico
864 2298 949 2333 usui
966 2296 1026 2333 cle-

369 2354 535 2388 stinatae.
573 2352 630 2388 Cf.
645 2359 738 2388 nott.
761 2351 809 2388 ad
829 2354 857 2399 Ι,
880 2355 918 2392 2.
966 2352 1027 2389 Ad

369 2409 481 2444 verba
512 2406 640 2446 κατὰ
666 2406 738 2457 μὲν
768 2407 956 2458 ἔσυραν
977 2410 1025 2445 cf.

368 2470 463 2500 nott.
486 2463 533 2500 ad
554 2466 665 2505 11,39
688 2464 734 2500 de
749 2467 856 2501 tmesi
878 2463 937 2501 hic
956 2466 1027 2500 oh-

368 2521 442 2556 via.
473 2519 572 2557 Add.
604 2519 764 2558 Fischer.
795 2521 842 2557 ad
864 2522 1024 2558 wellen

368 2577 433 2623 lli,
478 2590 563 2627 pag.
608 2578 703 2617 306.
760 2577 821 2614 Ad
862 2578 1024 2614 sormam

367 2631 563 2672 ἕσινὲοντο
594 2634 692 2669 cons.
730 2634 792 2679 IV,
828 2636 917 2673 123.
958 2634 1022 2671 Cr.

367 2689 512 2725 confert
542 2688 733 2726 Schaefer.
761 2690 902 2725 meleu.
926 2691 1021 2726 critt.

365 2757 453 2795 pag.
498 2747 565 2785 69.
634 2746 799 2782 Pertinet
831 2745 902 2781 huc
924 2759 1022 2796 quo-

366 2813 441 2852 que
462 2802 664 2851 συμβαλλε
681 2797 701 2840 ό
717 2817 854 2852 μενος,
878 2800 924 2837 de
947 2802 1021 2854 quai

365 2857 485 2894 forma
508 2857 584 2894 (lixi
606 2857 652 2893 ad
673 2859 700 2901 l,
724 2860 789 2899 68.

1271 1059 1364 1110 cap.
1385 1059 1583 1096 LXXXII.

1131 1112 1161 1166 ’ἡ
1182 1112 1224 1154 δὲ
1236 1113 1359 1167 ἔχθρη
1372 1115 1401 1166 ἦ
1412 1113 1752 1169 προοφειλομένη]

1093 1172 1438 1223 ,,προοφει’λεσθαι
1501 1171 1639 1209 dicitur
1700 1171 1752 1218 id,

1094 1227 1198 1279 quod
1235 1240 1256 1263 a
1294 1229 1401 1265 nobis
1437 1229 1549 1265 alicui
1592 1227 1752 1264 debetur

1092 1282 1216 1336 (quod
1235 1296 1304 1320 nos
1319 1283 1501 1321 debemus
1513 1285 1630 1331 alteri,
1648 1282 1752 1335 quod

1092 1341 1187 1376 alter
1206 1339 1254 1376 de
1273 1341 1383 1377 nobis
1414 1341 1668 1391 commeruit)
1701 1340 1751 1377 ob

1092 1409 1160 1444 ea,
1191 1409 1289 1448 quae
1318 1397 1365 1433 ab
1392 1397 1456 1434 illo
1488 1398 1590 1448 prius
1621 1398 1661 1433 in
1681 1409 1751 1434 nos

1089 1453 1261 1503 profecta
1283 1460 1401 1490 erant.
1460 1453 1525 1490 Sic
1548 1448 1750 1505 εὐεργεσία

1089 1508 1410 1561 προυφειλομὲνη
1445 1509 1547 1560 apud
1569 1508 1750 1561 Thucyd.

1090 1566 1121 1611 Ι,
1145 1568 1198 1605 32
1218 1572 1272 1601 est
1290 1566 1531 1613 beneficium,
1552 1565 1656 1617 quod
1669 1567 1752 1618 quis

1093 1620 1207 1657 debet
1235 1622 1342 1657 alteri
1371 1634 1439 1672 pro
1468 1623 1610 1658 meritis
1641 1622 1679 1657 in
1709 1634 1750 1658 se

1091 1684 1203 1713 antea
1240 1678 1286 1713 ab
1315 1678 1381 1714 illo
1411 1678 1570 1715 collatis.
1629 1678 1750 1715 Simi-

1090 1733 1175 1769 liter
1195 1731 1231 1771 h.
1258 1734 1282 1773 Ι.
1312 1734 1428 1784 vulgo
1449 1733 1552 1771 haud
1578 1735 1629 1771 ita
1649 1735 1749 1770 male

1091 1788 1248 1841 quidem
1259 1791 1480 1840 intelligitur
1499 1794 1669 1828 vetustum
1681 1791 1747 1827 Ae-

1087 1847 1289 1894 gz'netczrum
1309 1848 1345 1883 in
1367 1847 1590 1884 Athenienses
1608 1847 1748 1891 odium5

1087 1902 1261 1939 subtilius
1290 1915 1380 1939 vero
1408 1904 1439 1940 si
1477 1910 1644 1954 spectes,
1690 1910 1747 1940 est

1088 1958 1205 1995 odium
1227 1959 1490 1997 Atheniensibus
1525 1960 1679 1997 debitum
1699 1961 1745 1997 ab

1085 2015 1264 2063 Aeginetis
1290 2015 1451 2063 (odium
1477 2029 1554 2068 quo
1574 2017 1745 2066 Aegine-

1084 2077 1145 2106 tae
1175 2070 1278 2109 haud
1307 2074 1498 2109 immerito
1535 2085 1745 2124 proseque-

1085 2127 1222 2164 bantnr
1242 2127 1510 2178 Athenienses)
1533 2130 1572 2166 ob
1590 2131 1744 2167 iniurias

1085 2184 1130 2219 ab
1154 2185 1227 2221 illie
1246 2186 1316 2222 siba·
1329 2187 1429 2236 prius
1449 2185 1588 2223 illatas.
1629 2185 1742 2223 Simi-

1084 2240 1161 2275 lem
1195 2241 1389 2293 quandam
1420 2243 1608 2279 rationem
1629 2240 1742 2279 habet

1084 2309 1172 2333 usus
1205 2299 1311 2334 verbi
1347 2298 1631 2349 προαιδεῖσθαι
1668 2297 1741 2347 [de

1085 2365 1161 2403 quo
1210 2354 1286 2391 vid.
1346 2354 1394 2391 ad
1452 2356 1518 2402 III,
1570 2355 1649 2395 140
1670 2356 1740 2404 ]·“

1085 2409 1171 2445 Sele
1184 2410 1329 2460 weigh
1343 2424 1427 2448 <teu
1442 2424 1525 2448 ser.
1547 2412 1585 2447 in
1605 2412 1738 2447 Lexic.

1082 2466 1264 2503 Herodot.
1322 2466 1434 2504 Unde
1453 2468 1540 2504 satis
1559 2467 1740 2517 intelligi-

1082 2528 1143 2557 tur
1162 2522 1517 2574 προσοφειλομὲνη,
1552 2522 1655 2574 quod
1677 2522 1738 2560 hic

1082 2577 1158 2614 duo
1189 2579 1350 2616 afferunt
1380 2578 1490 2617 codd.
1533 2577 1601 2628 (ut
1630 2583 1739 2617 aucta

1081 2636 1158 2670 scil.
1189 2638 1376 2685 cogitetur
1403 2636 1619 2683 inimicitia,
1651 2636 1738 2673 coll.

1081 2692 1143 2737 Vl,
1174 2692 1255 2742 59)
1295 2693 1407 2742 recipi
1440 2691 1738 2744 haudquaquam

1078 2760 1208 2796 posse,
1239 2761 1359 2799 quum
1374 2778 1382 2793 ,
1405 2755 1447 2784 ut
1467 2747 1558 2784 vidit
1581 2761 1734 2800 quoque

1080 2805 1324 2854 WN'esseling„
1355 2805 1507 2854 pristina
1526 2805 1734 2852 inimicitia,

1079 2871 1176 2910 quae
1199 2861 1399 2910 Aeginetas
1421 2868 1457 2897 et
1485 2859 1734 2898 Athenienses
