1897 3340
516 276 989 321 POLYMNIA.
1049 275 1149 313 VII.

1393 276 1477 315 427

214 397 304 438 τῶν
333 393 411 449 μὲν
440 391 493 447 δὴ
521 389 747 445 προτέρων
775 384 1008 441 ἐπρέσβευε
1025 380 1359 439 Ἀρταβαζάνης·
1389 397 1479 423 των

184 462 263 505 4615
292 458 628 517 ἐπιγενομένων,
659 455 834 510 Ξέρξης

879 453 1020 505 ἐόντες
1050 453 1095 496 δὲ
1126 450 1289 508 μητρὸς
1320 447 1374 492 οὐ
1403 464 1480 504 της

217 527 374 585 αὐτῆς,
404 527 677 578 ἐστασίαζον·
718 521 742 568 ὁ
776 522 856 578 μὲν
884 519 1224 577 Ἀρταβαζάνης,
1254 515 1351 562 κατ’
1384 514 1409 560 ὅ
1439 532 1481 559 τι

214 594 510 653 πρεσβύτατός
537 609 581 638 τε
610 595 676 650 εἴη
703 590 867 642 παντὸς
894 593 976 634 τοῦ
1005 588 1167 646 γόνου,
1205 587 1280 631 καὶ
1311 585 1379 629 ὅτι
1407 601 1482 628 νο-

217 664 423 721 μιζόμενα
452 663 516 718 εἴη
550 660 660 716 πρὸς
688 658 867 704 πάντων
897 656 1149 713 ἀνθρώπων
1184 656 1264 699 τόν
1294 650 1480 708 πρεσβύ-
1493 658 1538 692 30

215 748 348 776 τατον
378 730 457 786 τὴν
486 729 622 785 ἀρχὴν
651 728 783 785 ἔχειν·
823 726 985 783 ,Ξέρξης
1015 726 1075 779 δὲ,
1107 726 1167 776 ὦς
1194 722 1399 780 Ἀτόσσης
1436 737 1482 765 τε

217 804 318 851 παῖς
338 801 425 855 εἴη,
455 802 530 855 τῆς
560 797 717 852 Κύρου
746 795 988 852 θυγατρὸς,
1033 794 1103 838 καὶ
1137 792 1206 837 ὅτι
1235 795 1387 847 Κῦρος
1418 792 1482 845 εἴη

217 937 339 991 ρείου
370 935 416 980 δὲ
436 932 518 980 οὐκ
551 932 927 990 ἀποδεικνυμένου
950 948 1013 975 κω
1042 929 1245 988 γνώμην,
1276 928 1482 984 ἐτύγχανε
1542 950 1583 984 [5
1603 924 1727 986 wsuq
1699 949 1748 976 md

160 1148 213 1188 33
242 1147 288 1184 B.
327 1146 456 1198 ibique
487 1143 701 1196 Spanhem.
732 1156 820 1196 pag.

216 1274 298 1299 των
314 1256 386 1310 μὲν
407 1255 458 1309 δή
487 1255 690 1310 προτέρων
708 1254 824 1309 ἐπρέ-

161 1317 278 1368 σβευε
294 1311 622 1367 Ἀρταβαζάνης]
653 1314 824 1352 Verbmn

161 1369 396 1431 πρεσβεύειν
422 1378 622 1423 exponunt
651 1367 823 1423 πρεσβύ-

159 1444 251 1469 τατο
258 1445 279 1469 ν
293 1433 394 1469 εἶναι
403 1427 611 1478 (maxzmum
620 1432 709 1465 natu
718 1429 821 1479 esse).

162 1486 275 1524 Conf.
302 1484 476 1523 Thomas
513 1486 694 1535 Magister
731 1498 819 1536 pag.

160 1546 188 1584 7
191 1546 244 1584 37
246 1555 339 1594 seq„
350 1555 416 1594 qm
405 1541 686 1579 Herodoteum
696 1540 822 1579 hunc-

161 1613 206 1638 ce
239 1599 400 1637 laudans
444 1600 593 1646 locum,
634 1597 744 1636 affert
782 1598 822 1637 ἐ-

162 1654 393 1709 πρέσβευσε.
423 1655 607 1693 Valcken.
627 1657 822 1693 excitave—

162 1720 221 1750 rat
241 1711 422 1764 Sophocl.
441 1712 537 1751 Oed.
559 1713 641 1750 Col.
665 1711 772 1753 1418
793 1725 823 1749 S.

164 1769 274 1811 1422
293 1771 359 1807 ΒΥ.
415 1764 714 1822 Ἀρταβαζοῖνης
736 1767 824 1806 dedi

163 1839 186 1865 e
201 1827 392 1864 Sancrofti
414 1827 510 1864 libro
538 1839 628 1864 cum
648 1826 766 1863 Gaisf.
789 1833 826 1863 et

164 1882 301 1920 Matth.
322 1882 528 1920 accedente
557 1884 674 1920 Laur.
703 1883 824 1919 Valla.

164 1940 291 1990 Vulgo
330 1935 394 1990 Ἀρ
405 1954 426 1979 τ
439 1954 459 1979 0
471 1934 646 1991 βαζοῖνης
660 1968 670 1987 ,
719 1938 826 1991 quod

165 1997 322 2033 retinuit
341 1995 510 2034 Bekker.
550 1995 629 2033 Sed
639 1994 824 2033 vid.nott.

166 2052 215 2090 ad
243 2053 306 2100 VI,
327 2053 393 2093 43.
415 2055 480 2094 98.
511 2053 584 2098 Qui
604 2051 707 2089 idem
724 2051 827 2103 apud

165 2108 361 2150 Plutarch.
383 2110 409 2147 l.
430 2110 456 2146 l.
478 2111 564 2147 coll.
585 2110 620 2146 ΙΙ
644 2122 731 2161 pag.
749 2111 826 2150 173

166 2167 213 2205 Β.
245 2173 282 2204 et
314 2164 504 2204 Themist.
539 2179 602 2217 op.
646 2166 699 2206 14
739 2178 827 2217 pag.

169 2226 249 2264 119
278 2222 364 2271 (ubi
395 2223 498 2260 conf.
528 2222 709 2261 Sintenis.
738 2235 826 2273 pag.

171 2279 269 2329 101)
282 2287 438 2317 vocatur
450 2276 702 2332 Ἀριαμένης,·
723 2278 828 2331 quod

167 2347 312 2372 nomen
330 2337 473 2373 Iustino
492 2337 518 2374 l.
537 2338 562 2374 l.
584 2338 726 2374 restitui
745 2336 829 2374 vult

169 2391 318 2440 Valck.,
346 2393 412 2429 nbi
430 2405 535 2430 nunc
553 2394 670 2443 vulgo
689 2394 829 2444 legitur

173 2448 381 2495 Artemeues,
412 2462 502 2485 cum
521 2450 584 2486 alii
610 2450 697 2487 libri
718 2448 831 2487 exhi-

171 2503 288 2541 beant
313 2504 541 2552 Artamenes,
581 2507 645 2543 alii
672 2507 833 2545 Ariame-

172 2572 258 2609 nes;
304 2573 473 2611 quocum
512 2573 691 2612 comparo
728 2562 833 2615 quod

175 2615 278 2666 apud
309 2615 493 2654 Herodot.
532 2618 613 2665 Vll,
651 2621 704 2658 68
740 2619 834 2667 (ubi

176 2671 253 2709 vid.
270 2671 383 2725 nott.)
397 2680 519 2710 exstat
529 2686 674 2710 nomen
692 2670 834 2726 Ἀρσα-

178 2726 310 2778 μένης.
330 2731 380 2767 Ε1
400 2729 501 2767 conf.
525 2743 678 2781 quoque
690 2729 832 2768 Herod.

178 2783 277 2831 VIII,
298 2786 365 2825 89.
422 2786 482 2822 Ab
515 2784 588 2822 hoc
610 2793 739 2823 autem
763 2788 835 2823 Ar-

180 2840 361 2876 tabazane
411 2840 670 2879 Mithridatem
726 2843 836 2879 illum

179 2895 295 2933 Ponti
313 2909 444 2947 regem
463 2910 583 2948 genus
597 2897 747 2937 duxisse
767 2912 838 2937 ex-

1541 848 1635 875 Deam
1639 849 1706 874 ratu
1738 847 1790 886 1110

120 869 150 912 3
218 868 243 912 ὁ
271 867 539 924 κτησάμενος
581 871 694 909 τοῖσι
725 867 924 922 Πέρσῃσι
963 863 1042 919 τήν
1071 863 1336 943 ελευθερίην.
1397 864 1483 902 Aa·
1542 886 1572 909 t
1558 890 1661 942 ,θέω

1538 916 1568 943 10
1595 917 1636 943 Su

879 1144 1018 1181 istimat
1028 1139 1251 1188 Larcherus‚
1269 1138 1444 1177 adhibitis
1455 1140 1540 1190 Ap-

880 1200 1110 1252 piani(Bell.
1119 1197 1327 1235 Mithridat.
1342 1210 1425 1248 cap.
1442 1194 1538 1248 112)

881 1264 919 1294 et
937 1257 1039 1294 Flori
1065 1256 1158 1305 (111,
1195 1255 1219 1295 5
1250 1269 1288 1305 p.
1314 1254 1395 1294 467
1415 1251 1539 1306 Duk.)

879 1315 986 1352 locis.
1027 1314 1121 1350 Utut
1141 1319 1213 1360 est,
1235 1312 1428 1348 maximus
1448 1316 1543 1346 natu

879 1372 944 1409 ille
962 1372 1061 1408 inter
1080 1370 1186 1407 Darii
1206 1368 1302 1405 filios
1330 1364 1441 1420 νόμῳ
1466 1362 1542 1416 φύ-

879 1438 990 1476 σεως,
1011 1434 1054 1465 111
1076 1428 1127 1464 ait
1147 1426 1334 1463 Eusebius
1348 1426 1424 1462 vit.
1437 1424 1542 1460 Con-

878 1492 990 1523 stant.
1010 1486 1040 1534 I,
1061 1486 1111 1525 21
1137 1496 1158 1520 a
1185 1482 1445 1532 Wesselingio
1472 1493 1543 1516 ex-

879 1544 1035 1589 citatus,
1065 1541 1144 1578 sive
1175 1540 1306 1576 aetatis
1326 1538 1541 1590 privilegio,

879 1606 922 1636 ut
941 1598 1075 1635 Iustini
1094 1604 1180 1633 utar
1198 1596 1342 1644 verbis,
1373 1607 1540 1645 regnum

880 1656 950 1693 sibi
987 1653 1225 1702 vindicabat,
1281 1651 1386 1706 quod
1420 1653 1479 1688 ius
1508 1657 1545 1688 et

881 1712 975 1751 ordo
1015 1710 1198 1750 nascendi
1226 1718 1264 1747 et
1291 1717 1429 1747 natura
1463 1709 1545 1759 ipsa

880 1770 1058 1821 gentibus
1093 1767 1211 1805 dedit.
1267 1768 1327 1803 De
1357 1778 1435 1819 quo
1462 1766 1544 1816 ipso

880 1827 1115 1875 Wesseling.
1140 1824 1305 1862 conferri
1329 1824 1412 1861 vult
1441 1824 1543 1872 Hug.

881 1885 1058 1921 Grotium
1084 1884 1142 1919 De
1170 1883 1249 1918 Iur.
1275 1881 1372 1918 Bell.
1395 1886 1432 1916 et
1452 1881 1545 1916 Pac.

881 1939 930 1988 ΙΙ,
950 1942 990 1980 7.
1023 1943 1088 1979 13.
1105 1960 1162 1966 —-
1192 1940 1237 1974 In
1259 1951 1365 1989 seqq.
1386 1949 1456 1987 pro
1472 1950 1546 1974 κα-

880 1993 990 2046 τότι,
1021 1994 1134 2064 quod
1155 1995 1218 2033 vel
1238 1995 1356 2031 Gaisf.
1378 1993 1545 2039 retinuit,

884 2052 973 2091 dedi
1001 2048 1085 2092 κατ’
1111 2048 1134 2092 ὅ
1161 2066 1212 2090 τι.
1269 2050 1357 2089 Vid.
1378 2057 1475 2088 nott.
1497 2021 1546 2086 ad

882 2111 947 2158 VI,
974 2112 1013 2150 3.
1072 2110 1179 2155 Quae
1201 2107 1386 2174 deinceps
1417 2121 1438 2143 e
1460 2107 1546 2157 ple-

885 2169 1011 2219 risque
1043 2164 1154 2204 codd.
1182 2166 1235 2203 sic
1266 2166 1469 2203 constituta
1488 2164 1548 2200 le-

886 2230 1052 2275 guntur.
1099 2221 1168 2262 καὶ
1207 2219 1269 2262 ὅτι
1301 2218 1547 2273 νομιζόμενα

885 2281 946 2332 εἴη
975 2296 1013 2320 κ.
1044 2295 1078 2319 τ.
1102 2283 1137 2319 λ.
1166 2279 1219 2316 sic
1250 2292 1406 2332 quoque
1438 2276 1547 2314 affert

882 2335 1059 2375 Eustath.
1086 2335 1135 2373 ad
1154 2334 1263 2374 Iliad.
1290 2351 1329 2387 p.
1352 2338 1419 2381 28,
1440 2333 1490 2374 41
1516 2348 1547 2371 s.

883 2397 957 2440 22,
996 2396 1021 2434 6
1061 2406 1149 2445 pag·
1179 2393 1246 2440 59,
1267 2396 1321 2434 30
1341 2407 1369 2431 s.
1392 2392 1460 2438 46,
1482 2390 1550 2438 51,

886 2453 955 2489 ubi
983 2450 1170 2489 Valcken.
1198 2448 1247 2486 ad
1280 2452 1330 2488 H.
1361 2446 1547 2499 Stephani

888 2507 1008 2546 Thes.
1028 2510 1074 2544 L.
1089 2508 1154 2545 Gr.
1171 2520 1208 2557 p.
1221 2506 1287 2554 46,
1312 2508 1391 2548 150
1404 2517 1547 2556 provo-

889 2572 962 2602 cat.
994 2565 1235 2602 Florentinus
1248 2564 1343 2601 liber
1365 2575 1457 2600 cum
1468 2561 1548 2598 aliis

888 2617 1104 2674 νομιζόμεν
1117 2635 1137 2660 0
1154 2635 1191 2660 ν.

1129 2700 1222 2751 Cap.
1242 2700 1310 2736 111.

947 2789 1121 2841 Δαρείου
1144 2787 1186 2829 δὲ
1213 2784 1290 2829 οὐκ
1309 2782 1549 2827 (Ξποδεικνυ-

892 2804 1034 2896 μένουρ
1026 2861 1084 2885 κω
1096 2842 1280 2899 γνώμην]
1297 2844 1551 2881 Locutionem

894 2897 1211 2943 ἀποδείκνυσθαι
1247 2896 1413 2953 γνώμην
1445 2898 1551 2948 attigi

1704 869 1815 908 attici-1

1658 915 1816 943 (1Ι381
