1897 3340
402 184 1060 224 TERPSICIIORE.
1120 185 1165 220 V.

1333 188 1414 226 1οΊ

157 298 393 352 Φαληρέων
436 295 485 338 τὸ
535 294 710 344 πεδίον,
759 292 832 335 καὶ
874 291 1113 348 ἱππάσιμον
1153 292 1416 348 ποιήσαντες

151 368 311 407 τοῦτον
339 362 418 407 τόν
444 365 612 417 χῶρον,
651 360 817 414 ἐπῆκαν
845 363 906 417 τῷ
936 359 1212 417 στρατοπέδῳ
1242 359 1322 416 τήν
1349 362 1413 404 ἴπ-

151 446 258 475 πον·
300 431 548 486 ἐμπεσοῦσα
589 427 634 471 δὲ
675 428 896 482 διέφθειρε
944 427 1103 479 ἄλλους
1146 444 1189 471 τε
1228 428 1473 478 πολλοὺςὸΟ

151 504 241 543 τῶν
269 497 652 552 Λακεδαιμονίων..
698 495 770 538 καὶ
813 494 865 551 δὴ
906 496 978 538 καὶ
1016 497 1094 539 τὸν
1129 494 1415 552 Ἀγχιμόλιον·

151 567 254 619 τούς
284 566 329 610 δὲ
366 563 730 620 περιγενομένους
771 562 918 607 αὐτῶν
950 563 992 615 ἐς
1032 564 1108 614 τοὶς
1137 565 1237 615 νέας
1264 563 1414 617 κατέρ-

124 641 145 674 6
157 636 246 687 ξαν.

297 631 347 677 ‘O
376 633 455 687 μὲν
497 631 548 689 δή
593 636 766 685 πρῶτος
809 630 962 682 στόλος
1001 631 1047 674 ἐκ
1088 634 1416 687 Λακεδαίμονος

152 702 266 746 οὕτω
298 700 531 757 ἀπήλλαξε·
561 701 634 745 καὶ
661 699 934 756 Ἀγχιμολίου
965 700 1045 743 εἰσὶ
1074 701 1210 754 ταφαὶ
1240 698 1415 756 τῆςἈτ-

149 773 273 824 τικῆς
305 768 590 826 Ἀλωπεκῇσι,
646 767 781 824 ἀγχοῦ
823 772 905 812 τοῦ
938 765 1204 825 “Ηρακλη”ίόυ
1244 771 1323 812 τοῦ
1365 767 1411 811 ἐν
1427 774 1471 809 85

94 963 207 994 natur
235 954 349 1005 έατο,
378 969 594 1008 numquam
621 962 752 993 tamen

93 1049 164 1088 pro
205 1051 317 1076 εοντο
356 1036 513 1087 reperiri
551 1036 602 1072 ait
651 1048 753 1081 sato,

95 1092 428 1146 quemadmodum
457 1091 531 1129 hoc
551 1093 636 1128 loco
659 1090 755 1140 ε’μη-

93 1149 259 1202 χανέατο
279 1164 348 1217 pro
365 1147 641 1201 ε’μηχανέοντο.
661 1145 757 1183 Mihi

95 1207 157 1243 vel
194 1209 316 1258 magis
357 1206 528 1258 displicet
569 1205 758 1256 ε’μεμηχα-

95 1261 211 1303 νέοιτο
230 1277 352 1317 aeque
361 1271 475 1315 atque
487 1258 757 1314 ἐμηχανωατο-

100 1343 149 1348 —-
173 1321 296 1358 Verba
326 1321 501 1372 proxime
533 1332 639 1371 seqq.
657 1317 758 1368 ἐπῆ-

97 1391 174 1416 καν
193 1379 249 1431 τῷ
269 1375 516 1442 στρατοπέδῳ
537 1372 611 1426 τὴν
631 1375 757 1414 ἵππον

98 1418 253 1471 valent‘:
285 1436 414 1484 equites
441 1435 480 1470 in
509 1436 629 1470 castra
650 1430 757 1482 (qui-

98 1491 167 1527 bus
186 1492 386 1527 Laconum
406 1488 551 1541 pedites
572 1502 610 1525 se
633 1488 758 1524 conti-

96 1547 269 1598 nebant)
291 1548 519 1584 immiserunt.
577 1546 642 1582 Tu
663 1557 759 1581 cou-

96 1603 154 1640 fer
170 1604 245 1648 IX,
266 1602 320 1644 49
332 1634 342 1652 ,
374 1604 440 1640 ubi
460 1601 598 1640 eodem
616 1600 758 1638 modo:

97 1659 222 1710 ἐπῆκε
240 1675 315 1712 την
336 1660 463 1701 ἵππον
480 1657 544 1700 ἐπὶ
564 1654 760 1706 τοῦς“Έλ-

97 1718 236 1768 ληνας.

153 1789 250 1821 τονς
268 1770 311 1812 δὲ
334 1769 664 1825 περιγενομένους
688 1765 764 1809 αὕ-

97 1845 178 1869 των
199 1830 238 1879 ές
262 1845 333 1876 τας
353 1828 446 1877 νέας
469 1828 690 1880 κατέρξαν]
734 1829 761 1864 1.

99 1901 134 1924 e.
161 1900 238 1935 eos,
275 1888 337 1937 qui
362 1899 380 1924 e
407 1887 541 1938 proelio
561 1886 764 1936 superstites

94 1943 198 1995 fuere
218 1948 442 1981 coercuerunt
471 1958 500 1981 s.
524 1942 761 1992 compulerunt

98 2003 135 2038 in
149 2014 278 2050 naves,
308 2008 350 2037 ut
378 2014 427 2036 ne
459 2002 499 2037 in
530 2006 670 2036 terram
691 1997 762 2034 de-

98 2058 279 2096 scendere
299 2064 465 2124 possent.
502 2057 578 2093 Ubi
597 2069 665 2107 pro
687 2070 760 2094 κα-

98 2113 239 2166 τέρξαν
258 2116 419 2151 minime
439 2127 533 2165 opus
545 2114 671 2163 legere
691 2127 758 2150 κα-

100 2168 293 2222 τήραξανε
333 2170 436 2224 quod
458 2172 619 2208 verbum
648 2171 688 2206 in
708 2170 761 2206 si-

100 2229 182 2265 mili
212 2242 252 2265 re
274 2227 446 2266 adhiberi
465 2241 487 2265 a
514 2230 638 2264 DIOne
659 2228 760 2263 Cass.

100 2286 241 2322 XLVII
259 2299 296 2336 p.
319 2288 412 2326 396.
436 2280 633 2336 [cap.'30.
663 2283 760 2331 34.]

101 2343 260 2379 XLVIII
293 2343 384 2391 [13]
416 2355 454 2393 p.
476 2341 557 2381 416
578 2341 664 2377 coll.
681 2341 762 2376 He-

104 2397 184 2436 rod.
195 2399 241 2447 V,
254 2401 344 2446 106,
357 2398 760 2447 annotatWesseling.,

105 2454 207 2492 idem
226 2463 355 2492 tamen
376 2463 477 2492 recte
493 2468 646 2507 quoque
657 2455 762 2490 Pau-

107 2513 250 2548 saniam
278 2513 396 2549 citans
429 2514 458 2560 Ι,
491 2513 544 2551 32
577 2511 624 2548 de
645 2511 760 2547 verbo

107 2569 333 2621 κατείργειν,
343 2570 434 2616 sive,
446 2576 488 2605 ut
498 2569 636 2604 Ionum
656 2580 762 2604 more

106 2625 239 2661 Noster
257 2626 425 2676 loquitur
445 2622 658 2677 κατέργειν.
698 2625 762 2660 Tu

108 2680 209 2717 conf.
238 2682 283 2728 V,
315 2681 381 2722 57.
412 2681 477 2722 64.
506 2682 569 2728 VI,
596 2684 687 2721 102.
707 2703 763 2707 —

107 2737 183 2772 Pro
214 2732 363 2776 αὐτέων
395 2737 484 2775 dedi
522 2732 670 2777 ατῗτῶν.
708 2759 763 2764 —

110 2788 214 2832 οὕτω
230 2787 430 2843 ἀπήλλαξε
444 2795 677 2832 intransitive
697 2807 763 2832 ac-

810 955 1053 1007 prieudum:
1097 957 1153 992 ita
1183 954 1343 994 discessit
1363 967 1400 992 re
1417 957 1474 992 in-

805 1013 934 1065 secta,
954 1020 997 1050 ut
1011 1014 1042 1062 I,
1066 1015 1131 1054 16.

870 1080 946 1120 εἰσὶ
975 1079 1129 1130 ταφαὶ]
1173 1080 1272 1117 Cum
1294 1079 1341 1117 de
1370 1082 1474 1118 unius

812 1145 963 1175 tantum
983 1137 1148 1175 hominis
1168 1139 1360 1188 sepultura
1382 1150 1475 1186 aga—

813 1203 887 1242 tur,
908 1196 1062 1246 pluralis
1074 1208 1256 1231 uumerus
1277 1195 1328 1231 ita
1349 1193 1475 1230 offen-

813 1251 927 1289 debat
945 1251 1276 1299 Vale-kenaerium⁷
1291 1257 1332 1287 ut
1350 1252 1476 1301 ipsum

812 1310 942 1346 locum
962 1310 1013 1346 sic
1026 1316 1219 1345 mutatum
1234 1309 1371 1346 vellet:
1395 1309 1477 1346 τῶν

814 1363 857 1405 δὲ
879 1365 1216 1417 Λακεδαιμονίων
1240 1365 1301 1402 vel
1330 1366 1409 1403 τῶν
1431 1361 1476 1402 δὲ

814 1419 944 1461 ἄλλων
984 1421 1053 1461 καὶ
1091 1418 1348 1473 Ἀγχιμολίου
1398 1418 1476 1460 εἰσὶ

813 1476 939 1527 ταφαὶ
965 1493 999 1517 κ.
1021 1494 1052 1516 τ.
1076 1481 1108 1517 λ.
1147 1479 1280 1514 Malim
1296 1476 1477 1529 equidem

814 1536 940 1572 facere
981 1548 1071 1572 cum
1097 1534 1214 1572 Schu
1205 1533 1475 1584 eighaeusero,

817 1594 884 1644 qui
913 1590 961 1628 ad
990 1590 1029 1628 h.
1072 1592 1098 1629 l.
1126 1591 1222 1628 haec
1256 1590 1474 1642 adscripsit:

819 1648 1028 1699 Sepulcrum
1056 1649 1200 1685 Graece
1230 1649 1382 1700 proprie
1410 1663 1480 1686 τα-

820 1720 900 1755 φος
939 1712 1010 1753 est3
1050 1720 1158 1755 ταφη
1190 1706 1396 1756 sepultura,
1435 1711 1480 1741 ut

821 1761 924 1813 apud
943 1764 1124 1799 Nostrum
1144 1764 1174 1811 Ι,
1195 1761 1262 1802 24.
1287 1765 1378 1802 112.
1410 1763 1479 1798 Vi-

819 1818 992 1856 dendum
1010 1820 1145 1869 igitur,
1174 1832 1225 1855 ne
1253 1818 1379 1855 eidem
1398 1819 1481 1855 No-

806 1883 894 1913 „stro
916 1875 960 1914 αἱ
970 1874 1096 1925 ταφαὶ
1108 1875 1225 1927 (plur.
1235 1889 1344 1912 num.
1347 1874 1479 1925 )idem

817 1934 969 1969 valeant
998 1945 1041 1969 ac
1072 1930 1091 1972 ὅ
1128 1928 1258 1981 τάφος
1287 1934 1326 1968 iu
1345 1934 1480 1982 singu-

816 1991 898 2030 lari.
956 1988 1000 2026 Id
1020 1991 1051 2026 si
1070 1990 1197 2026 miuus
1216 1991 1352 2040 placet,
1373 1990 1480 2026 nullo

817 2054 918 2084 certe
946 2045 1195 2083 incommodo
1234 2046 1278 2085 αἱ
1302 2041 1481 2098 Ἀγχιμο-

817 2104 905 2142 λίου
938 2102 1088 2150 ταφαὶ,
1129 2103 1236 2140 nullo
1258 2104 1374 2140 etiam
1406 2104 1479 2140 alio

816 2161 933 2198 verbo
954 2159 1101 2197 adiecto
1121 2161 1282 2211 intelllgi
1300 2173 1409 2211 posse
1420 2161 1481 2197 vi-

819 2216 957 2254 dentur
982 2217 1180 2254 Anchz'moli
1202 2221 1234 2254 et
1251 2229 1386 2264 eorum,
1419 2219 1482 2268 qui

819 2288 896 2312 cum
930 2274 992 2310 illo
1031 2274 1230 2311 ceciderunt
1271 2274 1442 2324 sepulcra.
1456 2275 1480 2294 “

819 2332 957 2368 Attulit
975 2332 1119 2369 Iacobs.
1141 2332 1179 2367 in
1200 2332 1316 2368 Attio.
1337 2345 1375 2381 p.
1398 2330 1479 2371 335

817 2387 1007 2439 Euripidis
1018 2389 1148 2425 locmn
1157 2389 1197 2424 iu
1208 2389 1344 2424 Helen.
1359 2389 1478 2428 1069:

819 2445 855 2484 εἰ
873 2444 996 2499 χέρσῳ
1015 2441 1147 2494 ταφεὶς
1158 2449 1294 2483 θεῖναι
1314 2440 1478 2491 κελεύει,

817 2502 883 2538 ubi
918 2500 965 2538 de
996 2515 1073 2539 uno
1103 2503 1268 2539 Menelai
1307 2501 1480 2552 sepulcro
1524 2550 1527 2554 Ι

820 2565 874 2596 est
894 2571 1031 2595 sermo.

874 2622 1132 2680 Ἀλωπεκῆσι,
1147 2621 1279 2690 α’γχοῦ
1281 2639 1352 2664 του
1340 2622 1478 2672 Ἦρα-

820 2683 961 2732 κληΐου
973 2684 1046 2722 τοῦ
1060 2682 1101 2721 ἕν
1116 2677 1386 2732 Κυνοσαργεϊ]
1401 2681 1477 2729 Cy-

819 2752 997 2789 nosarges
1035 2737 1347 2800 philosophorum
1401 2741 1477 2770 erat

819 2768 954 2838 ludus&
943 2803 1047 2832 extra
1063 2796 1198 2832 urbem
1213 2793 1262 2830 ad
1275 2793 1477 2835 orientem,
