1897 3340
518 223 990 265 POLYMNIA.
1049 223 1152 260 VII.
1388 228 1472 268 513

199 340 278 380 τοῦ
311 336 375 380 ἐπὶ
405 337 482 380 τὸν
511 335 834 391 Σκάμανδρον·
865 330 912 382 ὃς
932 334 1105 385 πρῶτος
1125 334 1350 386 notam-522,
1378 332 1468 376 {aaz
1526 337 1601 365 “¹¹¹³
1634 340 1802 368 “¹¹¹¹'³‘'¹⁴¹³·

1530 380 1596 398 nem
1607 392 1615 405 ,
1641 375 1726 408 aqui«
1751 374 1803 402 de-

200 420 243 447 τε
273 404 318 447 ἐκ
349 406 554 458 Σαρδίων
583 400 845 457 ὁρμηθέντες
864 400 1143 456 ἐπεχείρησαν
1164 403 1216 456 τῇ
1247 399 1350 456 ὁδῷ,
1382 400 1471 443 ἐπέ-
1530 404 1778 472 {fgrtggjhlffirffi

201 476 296 515 λιπε
333 472 381 514 τό
421 472 627 526 ῥέεθρον,
660 466 753 512 οὐδ’
782 467 995 523 ἀπέχρησε
1031 472 1085 525 τῇ
1116 469 1297 522 στρατιῇ
1326 482 1370 509 τε
1399 467 1472 509 καὶ
1530 471 1611 498 ‘'iffi-
1649 476 1803 503 ςπταίει-

1531 507 1581 530 eta
1598 506 1758 535 Mincrvae

202 543 316 581 τοῖσι
360 537 529 592 κτήνεσι
567 534 822 588 πινόμενος·
854 536 922 579 ἐπὶ
951 539 1113 578 τοῦτον
1146 536 1199 591 δὴ
1230 536 1309 578 τόν
1337 538 1804 610 ποτα-ὃὸξίῐιῑιῐὲῗΰῖξξζζῑῐῦἓξζ

201 606 287 661 μόν
327 603 382 656 ὦς
414 603 589 646 ἀπίκετο
622 602 801 660 Ξέρξης,
841 604 883 655 ἐς
913 603 961 647 τὸ
993 602 1201 658 Πριάμου
1233 603 1469 660 Πέργαμον
1528 613 1624 634 ”mu-‘³-

174 672 358 728 Ξάνέβη,
396 672 547 726 ἵμερον
577 670 685 725 ἔχων
713 670 972 728 θεήσασθαι.
1002 669 1275 726 θεησάμενος
1306 670 1364 723 δὲ,
1395 672 1470 714 καὶ
1527 676 1603 718 531

201 738 448 794 πυθόμενος
479 740 636 783 κείνων
656 738 839 794 ἕκαστα,
878 743 933 797 τῇ
967 737 1179 794 Ἀθηναίῃ
1219 741 1274 796 τῇ
1314 736 1466 783 Ἰλιάδι

142 914 275 967 iusque
308 927 408 967 aqua
427 925 506 952 non
527 913 717 952 suffecerit
738 927 807 952 co·-

141 972 211 1022 piis
232 969 346 1023 atqu‘e
364 973 557 1009 iumentis.
589 972 647 1008 Cf.
670 974 806 1024 Heyne

140 1028 168 1065 l.
196 1028 223 1066 l.
255 1041 344 1079 pag.
367 1029 434 1070 57.
477 1030 539 1064 Ex
564 1027 638 1065 hoc
677 1036 807 1066 autem

140 1084 226 1122 loco
257 1086 420 1135 intelligi
447 1092 555 1135 putat
588 1087 646 1122 vir
674 1085 806 1123 doctus

141 1141 183 1178 in
202 1140 478 1192 Ephemeridd.
502 1143 673 1192 Gotting.
699 1144 806 1183 1820

142 1211 202 1235 nr·
225 1200 301 1239 191
345 1211 433 1249 pag.
474 1201 580 1239 1907
610 1212 690 1251 seq.
721 1199 807 1248 (ci-

141 1261 246 1291 tante
270 1253 375 1304 Cn),
400 1258 478 1291 iam
508 1255 693 1292 Herodoti
713 1268 806 1293 aevo

143 1311 295 1348 Simoin
315 1312 475 1349 fluvium
498 1313 745 1349 Homericum
766 1313 806 1348 in

143 1367 427 1405 Scamandrum
440 1369 552 1406 fuisse
565 1372 806 1407 conversum.

139 1424 203 1461 Ad
241 1426 480 1462 locutionem
519 1424 676 1465 ἐπέλιπε
722 1426 807 1474 (ubi

140 1482 242 1518 male
267 1481 356 1519 edd.
379 1489 524 1520 veteres
547 1477 742 1532 ἀπέλιπε)
765 1479 807 1522 τὸ

141 1536 312 1591 ῥέεθρον
333 1540 434 1576 conf.
454 1539 622 1578 Werfer.
645 1541 684 1575 in
704 1541 807 1576 Actt.

140 1593 248 1646 phill.
279 1597 451 1633 Monacc.
481 1597 499 1632 I
527 1608 614 1647 pag.
638 1598 705 1636 81.
725 1598 808 1632 He-

141 1650 226 1689 rod.
259 1653 341 1701 Vll,
374 1652 439 1693 58.
480 1655 570 1693 108.
629 1651 691 1689 Ad
719 1666 807 1690 ver-

141 1709 236 1745 bum
266 1705 460 1760 ἅπέχρησε
491 1709 593 1745 conf.
624 1710 653 1756 Ι,
688 1712 740 1750 66
769 1716 807 1746 et

143 1766 224 1813 VH,
251 1768 341 1806 196.
374 1766 495 1801 Paulo
512 1767 618 1802 aliter
644 1765 808 1802 eandem

142 1823 278 1858 Noster
288 1823 468 1873 expressit
483 1823 712 1859 sententiam
726 1824 807 1873 VII,

147 1880 240 1919 109.

201 1933 241 1980 ἐς
268 1930 312 1973 τὸ
345 1928 534 1985 Πριάμου
573 1932 808 1986 Πέργαμον]

142 1989 260 2041 Apud
290 1992 503 2028 Homerum
532 1997 626 2028 teste
660 1990 811 2043 Spohn.

143 2048 201 2083 De
229 2060 320 2098 agro
349 2048 508 2085 Troian.
545 2061 634 2099 pag.
671 2051 735 2088 11.
759 2051 811 2089 12

143 2117 295 2155 semper
315 2105 508 2142 invenitur
527 2104 556 2155 ἦ
585 2102 806 2156 Πέργαμος,

144 2161 196 2197 ita
225 2168 268 2197 ut
301 2163 526 2211 posteriores
548 2168 699 2198 tantum
715 2162 809 2198 scri-

144 2224 271 2268 ptores
284 2217 420 2255 dixisse
431 2217 632 2255 videantur
643 2215 687 2257 τό
700 2217 809 2270 Πέρ-

146 2289 287 2326 γαμον.
336 2275 565 2325 Intelligitur
585 2276 690 2311 enim
711 2276 809 2311 Per-

146 2343 280 2380 gamus
310 2331 451 2367 Troiae
481 2344 549 2367 arx
576 2345 606 2369 s.
635 2327 810 2384 οἷκρόπο-

147 2389 219 2434 λις,
240 2386 349 2422 altior
378 2387 522 2438 reliqu-21
543 2387 676 2436 Troia,
698 2389 807 2439 rupi-

147 2443 218 2480 bus
253 2449 510 2493 superstructa
541 2451 578 2481 et
616 2446 807 2482 inaccessa

147 2499 249 2546 fere,
290 2500 330 2535 in
356 2511 431 2549 qua
453 2498 613 2536 deorum
650 2502 806 2551 templa,

147 2555 292 2591 Priami
329 2556 488 2605 palatia,
530 2556 628 2604 alia,
671 2558 808 2608 quibus

149 2612 387 2648 sanctitatem
409 2610 604 2663 quandam
631 2613 695 2648 illa
715 2612 809 2651 ade-

150 2673 214 2717 pta
236 2681 313 2704 esse
333 2668 462 2705 fertur.
522 2670 634 2705 Nunc
662 2669 737 2705 illic
753 2670 812 2705 ia-

152 2729 212 2759 cet
234 2724 339 2760 vicus
359 2723 655 2762 Bunar.Baschi.
722 2724 810 2764 Vid.

152 2776 429 2821 Lechevalierl.
440 2781 464 2816 l.
476 2793 562 2831 pag.
579 2783 671 2822 172.
700 2779 812 2826 Quod

154 2847 244 2871 vero
281 2835 465 2873 Herodoti
507 2843 629 2874 aetate
666 2838 813 2888 Perga-

210 2892 433 2930 Hmiono'r.
451 2894 520 2931 ΠΙ.

861 925 985 962 mum,
1007 913 1112 951 cuius
1133 913 1353 951 Alexander
1367 914 1528 954 Macedo

862 972 985 1008 nullas
1006 971 1171 1021 reperire
1192 973 1315 1021 potuit
1336 973 1526 1025 reliquias,

863 1026 988 1064 adhuc
1009 1028 1151 1064 stetisse
1172 1027 1245 1065 hoc
1262 1042 1310 1065 ex
1325 1029 1409 1066 loco
1432 1043 1529 1066 con-

862 1086 940 1121 iicit
952 1086 1072 1120 Kruse
1085 1085 1210 1120 Ueber
1230 1085 1418 1123 Herodots
1426 1087 1529 1123 Aus-

862 1154 1043 1191 messung
1064 1140 1102 1177 d.
1129 1142 1241 1180 Pont.
1266 1149 1337 1179 etc.
1358 1156 1447 1193 pag.
1461 1146 1529 1192 67,

863 1211 998 1235 vereor
1018 1197 1196 1249 equidem
1215 1228 1224 1246 ,
1247 1206 1289 1235 ut
1310 1206 1410 1236 recte
1432 1213 1530 1236 con-

863 1255 1005 1293 iecerit.
1050 1257 1150 1291 Nam
1170 1256 1274 1292 locus
1295 1262 1445 1292 tantum
1465 1255 1528 1293 hic

862 1311 1074 1359 indicatur,
1112 1312 1151 1347 in
1173 1325 1290 1363 quem
1318 1312 1530 1350 escenderit

862 1370 1067 1405 Persarum
1087 1381 1181 1412 rex,
1210 1383 1281 1405 nec
1303 1370 1380 1406 ullo
1409 1369 1528 1407 modo

864 1426 1056 1476 quaeritur
1070 1454 1079 1472 ,
1129 1438 1226 1461 num
1275 1425 1410 1462 rudera
1458 1426 1530 1463 ad·-

863 1481 938 1519 huc
971 1483 1151 1535 antiquae
1191 1482 1285 1520 arcis
1317 1484 1530 1522 exstiterint

862 1552 1002 1576 necne.

918 1598 970 1650 τῇ
981 1591 1180 1649 Ἀθηναίῃ
1199 1596 1250 1650 τῇ
1271 1590 1416 1635 Ἰλιάδι
1429 1594 1529 1635 ἔθυ-

864 1664 906 1692 σε
947 1653 1045 1704 βοῦς
1086 1653 1241 1703 χιλίας]
1294 1653 1364 1689 Cui
1402 1652 1529 1690 eidem

865 1709 982 1757 deae,
1025 1709 1249 1747 observante
1278 1710 1527 1760 Wesseling„

864 1765 1084 1803 Alexander
1104 1779 1258 1819 quoque
1278 1766 1439 1803 Macedo
1461 1767 1530 1802 Ili-

864 1836 932 1859 um
945 1822 1090 1859 delatus
1121 1836 1226 1860 sacra
1246 1822 1348 1870 fecit,
1370 1823 1529 1860 testibus

863 1880 1027 1916 Arriano
1048 1881 1078 1926 Ι,
1101 1882 1120 1919 1
1133 1882 1151 1919 1
1177 1886 1213 1915 et
1227 1878 1386 1916 Diodor.
1406 1880 1529 1928 XVII,

869 1938 934 1977 18.
993 1937 1059 1973 Tu
1089 1934 1176 1974 add.
1218 1934 1399 1986 Xenoph.
1434 1937 1531 1972 Hel-

865 1992 943 2029 len.
963 1993 992 2039 Ι,
1018 1995 1038 2031 1
1063 1992 1101 2037 ξ.
1123 1990 1150 2031 4
1170 1998 1208 2028 et
1244 2005 1343 2044 quae
1374 1991 1421 2029 de
1438 1991 1530 2030 Pal-

868 2048 947 2086 lade
976 2047 1097 2086 Iliaca
1123 2047 1254 2085 laudat
1283 2049 1460 2085 Creuzer.
1487 2050 1529 2086 in

866 2106 1011 2142 Melett.
1032 2106 1049 2141 I
1069 2118 1107 2155 p.
1137 2108 1190 2146 23
1207 2118 1217 2153 ς
1240 2105 1415 2157 Symbol.
1433 2106 1469 2142 II
1488 2120 1529 2157 p.

865 2163 962 2202 689.
1019 2161 1150 2212 Ipsum
1189 2162 1417 2199 sacrificium
1437 2163 1530 2199 mil-

864 2218 901 2255 le
914 2219 1034 2256 boum
1054 2219 1100 2254 ab
1122 2217 1322 2256 Eustathio
1342 2219 1529 2270 l.supral‚

865 2282 1023 2312 vocatur
1042 2270 1242 2326 χιλιόμβη.
1264 2276 1446 2313 Observat
1459 2289 1530 2313 au-

865 2338 946 2368 tem
964 2329 1147 2373 Kleuker.
1160 2331 1338 2383 Append.
1361 2331 1410 2369 ad
1422 2335 1530 2370 Zen-

867 2387 1010 2426 davest.
1030 2390 1084 2425 ΠΙ
1100 2401 1187 2439 pag.
1199 2392 1266 2436 23,
1288 2391 1319 2426 si
1339 2402 1427 2427 vera
1440 2391 1528 2439 sint,

864 2458 963 2497 quae
984 2444 1032 2482 de
1051 2446 1182 2482 Xerxe
1212 2444 1405 2483 Minervae
1435 2446 1529 2485 Ilia-

864 2515 925 2539 cae
943 2501 1178 2539 sacrificante
1199 2501 1415 2540 Herodotus
1448 2510 1530 2540 tra-

865 2557 972 2606 didit,
993 2560 1165 2595 Xerxem
1189 2560 1434 2609 probabiliter
1461 2572 1530 2597 co-

867 2614 1002 2663 gitasse
1023 2615 1071 2652 de
1099 2616 1293 2664 Anaitz‘de,
1326 2617 1529 2653 Persarum

869 2669 952 2718 dea,
974 2684 1091 2724 quam
1111 2685 1180 2723 pro
1201 2673 1436 2709 Graecorum
1446 2671 1531 2709 Mi-

867 2738 973 2763 nerva
1013 2727 1171 2780 quidam
1205 2730 1419 2778 accipiunt,
1456 2728 1515 2763 nis

867 2783 992 2832 potius
1022 2784 1223 2835 peregrino
1262 2784 1413 2820 mnnini
1442 2781 1530 2819 ideo

866 2839 1092 2878 sacrificasse
1127 2842 1300 2878 Xerxem
1327 2839 1518 2876 existimes

1199 2898 1252 2936 33

1879 173 1884 180 ¹
1877 102 1893 145 -V'
