1897 3340
411 210 494 249 572
814 211 1272 248 HERODOTI

381 321 589 361 4λασσαν.
649 323 725 372 τῆς
763 317 810 360 δὲ
849 320 1019 374 Συρίης
1056 323 1187 362 τοῦτο
1228 319 1278 362 τό
1318 322 1594 375 χωρίον,καὶ
1623 323 1725 366 τό55

409 384 534 440 μέχρι
574 384 799 441 Αἰγύπτου
828 390 929 436 πᾶν,
962 389 1228 442 Παλαιστίνη
1268 388 1474 431 καλέεται.
1532 389 1670 444 Αἰγύ-

409 467 524 496 πτιοι
555 453 600 496 δὲ
629 453 728 502 νέας
757 455 1013 508 παρείχοντο
1045 456 1280 511 διηκοσίας.
1339 450 1460 498 οὗτοι
1479 456 1524 499 δὲ
1555 455 1671 512 εἶχον

406 521 501 574 περὶ
531 521 610 574 μὲν
639 523 737 576 τῇσι
766 526 979 578 κεφαλῇσι
1011 523 1171 576 κράνεα
1187 522 1389 577 χηλευτά,
1422 522 1605 574 ἀσπίδας
1622 524 1669 567 δὲ

406 590 578 639 κοίλας,
623 585 698 636 τὰς
735 588 829 637 ἴτυς
869 590 1052 644 μεγάλας
1083 589 1284 646 ἐχούσας,
1325 591 1400 633 καὶ
1430 590 1594 644 δόρατά
1623 607 1668 634 τε

377 653 622 709 3ναύμαχα,
653 656 727 698 καὶ
755 656 916 706 τύκους
946 656 1170 712 μεγάλους.
1227 658 1276 701 τὸ
1316 658 1361 701 δὲ
1391 663 1559 714 πλῆθος
1592 658 1666 702 αὐ-
1679 668 1724 701 60

408 725 494 764 τῶν
522 725 837 778 θωρηκοφόροι
865 719 1000 779 ἦσαν,
1030 726 1241 780 μαχαίρας
1262 726 1306 769 δὲ
1326 726 1510 781 μεγάλας
1540 725 1668 782 εἶχον.

404 1005 555 1061 κράνεα
588 1009 782 1060 χηλευτά]
838 1012 883 1047 In
927 1025 1004 1049 uno

349 1066 434 1104 cod.
477 1073 596 1103 exstat
643 1064 788 1105 πλεκτά
824 1064 1005 1117 χηλευτά.

350 1122 559 1159 Conferunt
589 1124 788 1160 Pollucem
818 1125 900 1172 VII,
938 1127 1004 1173 83,

349 1181 414 1230 qui
436 1192 485 1215 ex
505 1178 543 1216 h.
565 1180 590 1216 l.
611 1181 729 1217 citans
756 1178 953 1231 χηλευτά
943 1195 1007 1217 m-

345 1242 572 1286 terpretatur
600 1233 648 1274 τά
677 1232 846 1276 πλεκτάτ
903 1237 1007 1289 quod

338 1293 473 1342 ¹ipsum
503 1293 720 1330 invenimus
748 1293 829 1340 VII,
846 1296 898 1334 79
920 1295 1006 1332 coll.

348 1350 399 1388 63
422 1350 550 1400 ibique
560 1356 656 1387 nott.
704 1351 783 1386 Nec
805 1350 912 1386 aliter
926 1353 1008 1387 He-

345 1404 496 1456 sychius
515 1407 550 1441 II
570 1420 607 1456 p.
629 1408 710 1447 338
732 1407 895 1456 explicat
914 1410 1007 1447 πλε-

346 1458 420 1499 κτά
447 1461 489 1501 ἐκ
511 1463 672 1512 σχοίνου
703 1458 731 1512 η’
764 1461 883 1512 ἄλλης
903 1461 1007 1511 τινὸς

343 1513 443 1568 ’ὕλης
480 1515 653 1568 μαλάκια
682 1519 898 1557 Herodotus
931 1521 1006 1570 igi-

344 1581 407 1610 tur
435 1572 567 1624 procul
588 1575 703 1612 dubio
723 1577 909 1613 intellexit
924 1578 1006 1627 ple-

343 1643 413 1667 xas
433 1632 558 1680 galeas
570 1645 600 1672 s.
613 1633 758 1679 nexdes,
779 1633 914 1680 sutiles,
932 1633 1004 1670 do-

343 1694 453 1723 cente
473 1689 521 1724 H.
543 1687 739 1738 Stephano
758 1689 798 1725 in
819 1689 937 1727 Thes.
958 1692 1002 1729 L.

344 1744 410 1780 Gr.
430 1745 481 1780 IV
501 1758 539 1794 p.
553 1744 632 1785 515
656 1744 854 1796 [T.V11p.
870 1747 1003 1787 10596

342 1812 421 1851 seq.
444 1799 504 1837 ed.
525 1801 682 1852 ValpyJ.

398 1855 466 1894 καὶ
494 1853 639 1903 τύκους
672 1853 894 1909 μεγάλους]
929 1859 1004 1896 Pro

343 1909 498 1960 τύκους,
529 1913 633 1965 quod
663 1914 826 1952 afferunt
845 1915 1005 1951 Floren-

342 1970 441 2006 tinus
463 1969 616 2022 duoque
636 1972 807 2019 Parisini,
827 1972 866 2007 in
878 1971 1004 2008 Medi-

342 2038 409 2062 ceo
443 2033 479 2062 et
511 2028 702 2064 Sancrofti
722 2028 816 2064 libro
847 2025 1001 2078 τύχους,

341 2083 381 2117 in
411 2082 551 2119 Aldina
586 2097 628 2120 ac
658 2083 806 2121 duobus
825 2085 905 2121 aliis
926 2086 1002 2121 Pa-

341 2138 420 2174 riss.
442 2138 553 2176 codd.
573 2138 714 2190 τύχους
735 2140 803 2189 (iu
823 2153 900 2177 uno
920 2141 1003 2180 τοί-

341 2194 462 2243 χους)
502 2193 593 2245 ὄρυξ
626 2193 854 2243 λιθοξοϊκὸν
886 2196 1002 2248 ἔργα-

341 2253 447 2288 λεῖον
469 2265 574 2301 μεγ.;
597 2265 711 2302 quam
727 2253 998 2301 glossambene

343 2305 546 2342 delendam
566 2309 711 2343 notavit
738 2309 928 2344 Camerar.
950 2307 997 2344 ad

342 2363 531 2399 Aristotel.
565 2362 653 2401 Eth.
677 2364 738 2409 vl,
764 2366 813 2402 12
843 2377 879 2413 p.
903 2363 997 2403 304.

342 2420 465 2468 Ipsam
495 2432 629 2456 vocem
662 2421 776 2469 vulgo
808 2420 997 2470 explicant

340 2475 534 2524 bipennem,
564 2478 709 2512 securim
730 2489 891 2527 eamque
912 2488 997 2512 ma—

341 2544 469 2580 gnam.
539 2533 637 2568 Nos:
685 2531 877 2569 Strez'taart.
939 2534 995 2569 Ab

340 2585 872 2640 Hesychioexponiturfflpqv,
894 2589 996 2640 quod

340 2657 408 2681 nos
428 2657 607 2682 vocamus
629 2645 723 2682 Keil.
745 2667 798 2671 —-
829 2647 870 2681 In
890 2659 996 2702 seqq.

339 2696 472 2740 αὐτων
482 2700 568 2738 dedi
589 2715 656 2752 pro
674 2697 826 2741 αὐτέων
848 2703 996 2752 Θίήσαν

340 2771 409 2807 pro
445 2757 552 2797 ἔσαν.

396 2812 662 2862 ἐσταλάδατο]
696 2814 758 2851 Sic
787 2812 862 2851 duo
884 2813 994 2852 codd.

278 788 344 831 9ss
404 784 529 834 οὗτοι
558 789 638 846 μὲν
660 791 775 835 οὕτω
797 791 1075 837 ἐσταλάδατο.
1135 792 1325 848 Κύπριοι
1341 794 1385 838 δὲ
1406 796 1666 850 παρείχοντο

77 849 192 885 cyprii.
219 850 263 877 Eo
248 860 334 878 «inrum

76 885 126 923 plu
111 892 180 910 ures
202 885 306 919 populi

75 918 120 944 sin
105 926 162 952 ign
148 918 187 944 ιι
200 927 237 944 ιι
221 919 279 945 ιιι
281 918 349 957 (-y

75 960 161 986 prum
181 951 331 980 uenerint.

1061 1017 1175 1063 atque
1195 1010 1368 1048 Eustath.
1389 1010 1436 1048 ad
1457 1012 1500 1050 ll.
1519 1025 1607 1063 pag.
1627 1012 1720 1061 234,

1064 1068 1115 1107 14
1136 1081 1165 1105 s.
1190 1070 1280 1114 177,
1302 1069 1369 1107 28.
1425 1071 1470 1104 In
1499 1070 1721 1106 Florentino

1063 1130 1184 1161 exstat
1206 1121 1450 1172 έστελάδατο,
1470 1126 1597 1161 inuno
1613 1127 1723 1162 Pari-

1062 1181 1145 1217 sino
1178 1176 1428 1228 ἐσκευάδατο,
1462 1181 1566 1233 quod
1586 1183 1722 1219 Portus

1063 1238 1196 1287 reponi
1209 1237 1342 1274 voluit.
1364 1236 1548 1275 Valcken.
1570 1237 1722 1275 refinxit

1064 1292 1311 1341 έστολίδατο,
1347 1292 1388 1330 id
1418 1301 1472 1331 est
1501 1292 1723 1344 ἐστολισμέ-

1063 1364 1127 1388 νοι
1151 1344 1254 1401 ἦσαν
1283 1350 1345 1387 vel
1382 1349 1475 1389 ἔσαν
1496 1349 1721 1401 ἐσταλμένοι

1064 1406 1153 1455 (sic)
1165 1419 1185 1442 a
1196 1407 1311 1444 verbo
1325 1407 1525 1454 στολίζειν.
1537 1406 1722 1457 Schwgh.

1060 1463 1171 1499 lectio
1219 1459 1455 1503 ἐσταλάδατο
1506 1477 1527 1500 e
1575 1463 1721 1502 duabus

1061 1520 1252 1570 scripturis
1273 1526 1353 1556 orta
1365 1519 1585 1557 videbatur:
1608 1515 1722 1559 ε’στά-

1061 1577 1154 1614 λατο
1191 1583 1228 1612 et
1267 1572 1504 1615 ἐσκευάδατο
1522 1606 1532 1623 ,
1583 1576 1677 1613 illud
1698 1589 1719 1613 a

1061 1633 1177 1668 verbo
1219 1630 1409 1679 στέλλειν,
1450 1631 1523 1669 hoc
1551 1645 1572 1668 a
1603 1633 1719 1669 verbo

1061 1684 1273 1735 σκευάζειν.
1321 1688 1421 1733 Quid
1440 1689 1599 1726 voluerit
1618 1690 1719 1726 Mat-

1060 1743 1182 1791 thiae,
1203 1746 1283 1795 ipse
1302 1746 1368 1782 vix
1388 1752 1626 1796 compertum
1647 1744 1719 1782 ha·-

1062 1801 1185 1837 buisse
1223 1801 1394 1849 videtur,
1435 1803 1465 1838 si
1496 1801 1651 1853 quidem
1678 1803 1719 1838 in

1062 1858 1234 1894 Gramm.
1256 1858 1321 1894 Gr.
1343 1857 1472 1903 §.204
1493 1872 1530 1909 p.
1543 1861 1637 1906 377,
1653 1859 1719 1895 ubi

1061 1912 1108 1950 de
1128 1915 1172 1951 iis
1191 1916 1322 1951 tertiae
1350 1927 1533 1965 personae
1564 1915 1718 1964 pluralis

1059 1971 1519 2021 plusquamperfectorum
1574 1971 1716 2018 formis,

1060 2028 1189 2078 quales
1229 2029 1421 2077 attigimus
1456 2026 1505 2063 ad
1535 2026 1614 2073 VH,
1649 2029 1715 2075 62,

1059 2083 1234 2133 disputat,
1257 2097 1305 2120 ex
1327 2083 1362 2122 h.
1386 2084 1410 2121 l.
1437 2090 1473 2119 et
1494 2096 1541 2118 ex
1562 2081 1716 2125 Hesiod,

1059 2140 1165 2179 Scut,
1209 2141 1289 2180 288
1329 2138 1436 2175 affert
1456 2133 1663 2185 ἐστάλατο,
1693 2151 1714 2175 a

1057 2196 1173 2232 verbo
1195 2194 1362 2233 στέλλειν
1382 2208 1448 2245 pro
1466 2188 1568 2246 ἦσαν
1580 2194 1715 2234 ἐσταλ-

1057 2249 1188 2300 μένοι,
1226 2253 1355 2301 paucis
1385 2264 1474 2288 vero
1503 2252 1713 2289 .interiectis

1054 2306 1157 2343 idem
1187 2306 1294 2343 affert
1323 2307 1542 2347 ἒστολίδατο
1570 2306 1643 2345 hoc
1663 2321 1713 2345 ex

1055 2364 1136 2399 loco
1152 2363 1343 2410 Herodoti,
1366 2363 1627 2400 Valckenaerii
1641 2363 1712 2401 ad-

1052 2422 1288 2456 notationem
1318 2422 1462 2457 consuli
1483 2422 1629 2457 iubens.
1665 2422 1710 2457 In

1053 2477 1133 2526 ipso
1173 2476 1358 2513 Herodoti
1390 2484 1496 2514 textu
1527 2479 1711 2513 intactum

1053 2534 1203 2584 reliquit
1225 2529 1473 2579 ἔσταλάδατο,
1495 2532 1597 2584 qnod
1611 2533 1713 2570 idem

1053 2590 1222 2626 fecerunt
1239 2591 1372 2641 reliqui
1394 2589 1565 2636 editores,
1587 2589 1712 2640 quod-

1053 2659 1128 2697 que
1159 2645 1468 2696 Schweighaeus.
1503 2649 1542 2682 in
1580 2647 1711 2682 Lexic.

1052 2702 1194 2739 Herod.
1216 2704 1339 2739 retulit
1360 2702 1408 2739 ad
1425 2702 1582 2740 verbum
1603 2701 1712 2741 στέλ-

1052 2763 1158 2807 λειν,
1185 2772 1205 2795 a
1235 2772 1311 2811 quo
1324 2766 1451 2796 tamen
1469 2760 1532 2809 qui
1554 2759 1709 2795 formari

1052 2817 1215 2866 potuerit
1235 2811 1470 2857 ἐσταλάδατο
1487 2829 1553 2866 pro
1576 2814 1709 2855 ἐσταλ-
