1897 3340
421 179 478 220 66
818 178 1278 216 HERODOTI

423 285 600 336 λασθεὶς
632 286 679 329 δὲ
709 285 913 329 ἐνθεῦτεν
940 285 1069 341 τρίτῳ
1100 285 1184 328 ἔτεϊ
1209 283 1296 329 ὑπὸ
1326 287 1518 330 Μακέων
1539 301 1583 328 τε
1604 287 1679 330 καὶ

424 351 606 408 Λιβύων
635 353 709 396 καὶ
739 354 1074 409 Καρχηδονίων,
1114 349 1290 397 ἀπίκετο
1331 353 1373 404 ἐς
1404 351 1678 409 Πελοπόννη-

292 429 358 472 43
419 431 511 463 σον.
566 419 785 464 Ἐνθαῦτα
828 420 873 464 δέ
925 421 969 463 οἱ
1003 418 1270 476 Ἀντιχάρης,
1317 419 1423 477 ἀνὴρ
1458 419 1733 472 Ἐλεώνιοςῦο

423 487 736 544 συνεβούλευσε
777 487 824 532 ἐκ
861 491 951 531 τῶν
979 489 1123 531 Λαΐου
1151 492 1380 544 χρησμῶν,
1413 486 1680 545 τΗρακληΐην

90 491 166 518 Hinc
179 491 216 518 ad
233 493 361 520 cauden-

88 526 154 555 dam
174 527 204 554 in
224 527 329 555 Sicilia

359 627 546 663 mercium
560 625 788 662 cumAsrica
808 632 921 677 atque
940 625 1017 661 im-

357 684 488 734 primis
511 696 600 719 011111
616 683 776 734 Cyrene,
798 696 895 734 quae
907 680 1016 719 The-

358 752 534 775 raeorum
554 739 626 775 fuit
653 740 814 776 colonia.
873 739 930 775 Cf.
951 739 1015 785 IV,

359 796 439 835 156
470 808 554 847 sqq.
582 797 640 832 De
671 795 801 846 Cinype
829 795 930 832 conf.
950 795 1014 842 IV,

361 852 452 902 175.
485 854 577 892 198.
605 874 661 879 —
728 852 828 888 Cum
857 858 1015 888 recentt.

357 906 445 943 edd.
489 909 640 958 reposui
681 906 905 955 ἐξελασθεὶς
944 920 1014 959 pro

357 962 579 1012 ἐξελαθεὶς,
618 963 665 1001 de
696 977 773 1016 quo
798 966 946 1015 saepius
975 965 1015 1000 in

358 1020 544 1070 prioribus
565 1022 758 1057 monitum
779 1028 845 1057 est.

413 1073 495 1115 ύπό
514 1076 695 1115 Μακέων
708 1091 748 1116 τε
759 1075 827 1116 καὶ
845 1073 1015 1128 Λιβύων

356 1130 422 1170 καὶ
443 1133 750 1184 Καρχηδονίων]
782 1135 948 1169 Haerent
973 1134 1014 1168 in

353 1186 410 1224 llis
422 1189 704 1239 WVesselingius
721 1197 836 1241 atque
848 1188 1016 1226 Valcke-

352 1257 470 1292 naer.,
522 1258 687 1296 quorum
722 1246 784 1282 ille
814 1245 1016 1295 particulas

353 1315 392 1340 τε
414 1300 481 1340 καὶ
502 1301 675 1339 inductas
696 1303 789 1349 vult,
820 1315 909 1338 cum
928 1303 1015 1337 Ma-

352 1370 432 1404 cae,
464 1356 511 1394 de
533 1359 668 1409 quibus
688 1360 823 1395 Noster
841 1359 905 1405 lv,
921 1357 1013 1404 175,

355 1407 392 1449 et
413 1415 482 1464 ipsi
504 1415 577 1450 sint
596 1415 758 1466 Libyes,
788 1428 859 1451 nec
893 1414 939 1449 ab
969 1415 1013 1450 iis

351 1470 429 1505 ullo
478 1470 594 1506 modo
640 1470 821 1520 distingui
856 1470 1012 1520 possint,

351 1525 418 1562 sed
439 1526 608 1576 Libyum
637 1527 835 1562 communi
855 1527 1012 1561 nomine

351 1581 400 1617 ad
438 1582 549 1618 Afros
578 1581 776 1632 indigenas
818 1588 1011 1631 spectante

351 1650 472 1689 aeque
485 1637 1011 1689 comprehendantur,diversi

353 1693 510 1745 quidem
558 1707 580 1730 a
627 1693 1010 1744 Carthaginiensibus,

351 1752 419 1802 qui
439 1751 559 1786 Poeni
579 1762 719 1799 genere
732 1779 742 1797 ,
787 1751 880 1786 alius
899 1764 1011 1801 pror-

350 1820 410 1844 sus
431 1813 518 1843 sunt
539 1808 692 1856 originis
724 1813 837 1862 atque
875 1808 1009 1857 stirpis.

351 1862 627 1900 Valckenaerio
653 1862 892 1925 glerodotus
941 1875 1010 1913 pro

349 1916 519 1970 Λιβύων
530 1920 717 1969 scripsisse
730 1918 879 1957 videtur
890 1923 1010 1969 Μαχ-

350 1971 458 2013 λύων
491 1974 566 2023 (de
596 1989 670 2026 qua
690 1983 804 2026 gente
825 1978 925 2012 conf.
946 1977 1009 2023 lv,

353 2032 464 2079 178),
495 2038 559 2068 aut
591 2031 694 2068 aliud
715 2031 818 2084 quod
840 2032 1010 2068 Africani

349 2088 481 2137 populi
519 2099 675 2124 nomen.
754 2089 1010 2139 VVesselingio

351 2142 796 2181 adsentiturLarclierus.
816 2144 1009 2196 Equidem

349 2199 462 2236 codd.
503 2201 627 2237 invitis
670 2201 764 2236 nihil
807 2202 1008 2238 immutare

350 2268 460 2292 ausus
480 2269 586 2303 sum,
619 2269 707 2293 cum
728 2258 842 2294 verba
873 2272 911 2296 τε
936 2257 1005 2296 καὶ

349 2309 517 2363 Λιβύων
548 2314 663 2348 etiam
692 2315 742 2349 ita
774 2315 892 2364 accipi
921 2328 1005 2364 pos-

349 2369 446 2415 sint,
483 2375 523 2404 ut
562 2368 665 2405 idem
703 2361 852 2406 valeant
893 2378 1006 2422 atque

348 2423 431 2462 καὶ
478 2424 574 2463 τῶν
615 2423 780 2464 ἄλλων
823 2424 1004 2476 Λιβύων,

348 2481 407 2517 vel
439 2480 489 2516 ita
520 2482 638 2530 posita
660 2483 942 2529 existimentur,
966 2490 1005 2520 ut

348 2536 688 2586 nondistiuguatur
709 2539 868 2574 alterum
890 2540 935 2575 ab
949 2541 1006 2575 al-

352 2599 452 2640 tero,
500 2593 567 2630 sed
606 2601 645 2630 ut
686 2595 847 2631 alterum
889 2596 1005 2632 altero

350 2648 579 2686 declaretur:
631 2652 754 2702 qualia
770 2680 779 2698 ,
826 2659 1005 2688 mom-nte

348 2704 592 2756 Schweigh„
634 2708 878 2744 inveniuntur
899 2710 926 2755 1,
967 2712 1004 2754 2,

352 2764 416 2804 16.
446 2765 514 2812 27,
554 2763 655 2801 alibi.
689 2785 745 2792 ——
803 2764 880 2801 Cur
915 2778 1004 2804 vero

1074 623 1281 675 Spartanos
1303 625 1385 660 Afri
1406 626 1631 675 expulerint,
1652 624 1692 662 ic]
1712 638 1732 661 e

1075 679 1235 732 Sc)laoe
1256 694 1293 731 p.
1318 683 1409 727 112,
1433 682 1498 729 [ξ.
1519 685 1598 723 108
1620 696 1657 733 p.
1679 680 1731 721 47

1072 736 1273 786 Hudson.]
1332 745 1513 774 monente
1565 737 1731 776 Valcke-

1071 796 1214 842 naerio,
1236 794 1433 830 aestimare
1462 794 1603 832 licebit.

1271 882 1363 933 Cap.
1383 884 1523 921 XLIII.

1145 955 1154 970 2
1198 957 1206 971 ἱ
1259 955 1268 970 5
1364 957 1373 970 Ι
1560 955 1570 972 ,
1660 962 1678 971 ὐ
1734 956 1737 958 ’

1128 975 1230 1013 ανηρ
1263 962 1488 1010 Ελεωνιος]
1534 963 1731 1010 „EI-cmv&

1071 1017 1191 1053 Poeta
1221 1025 1409 1054 memorat
1438 1019 1482 1054 Il.
1512 1019 1559 1065 Π,
1583 1019 1664 1059 500
1693 1024 1730 1055 et

1072 1074 1210 1110 Strabo
1246 1087 1367 1124 prope
1404 1075 1627 1124 Tanagram
1659 1075 1730 1122 IX,

1072 1143 1110 1180 p.
1143 1131 1224 1170 622
1257 1143 1286 1166 S.
1316 1130 1412 1170 405.
1468 1132 1567 1168 Hinc
1588 1126 1731 1170 Ἐλεώ-

1072 1200 1158 1232 νιος
1187 1185 1290 1235 apud
1315 1185 1672 1238 Etlinicographtun
1690 1188 1730 1222 iu

1074 1240 1242 1279 Νέων.“
1323 1241 1595 1292 Wesseling.
1671 1244 1730 1279 De

1071 1310 1165 1334 voce
1187 1292 1292 1349 ἄνήρ
1322 1298 1362 1333 in
1390 1299 1526 1336 talibus
1556 1299 1646 1338 addi
1664 1311 1729 1336 so-

1069 1354 1135 1390 lita
1157 1354 1257 1390 conf.
1278 1354 1343 1402 III,
1368 1355 1461 1396 125.

1126 1407 1412 1460 συνεβούλευσε
1431 1410 1472 1450 ἔκ
1493 1413 1575 1451 τῶν
1593 1412 1727 1452 Λαΐου

1067 1467 1288 1517 χρησμῶν]
1332 1467 1431 1502 Cum
1459 1468 1562 1518 apud
1581 1476 1727 1506 veteres

1068 1523 1208 1569 nullus,
1232 1529 1418 1573 quantum
1437 1526 1588 1572 scimus,
1617 1538 1725 1561 com-

1067 1585 1302 1614 memoretur
1340 1586 1441 1616 vates
1469 1580 1608 1628 Laius,
1638 1582 1726 1618 val-

1068 1632 1272 1671 ckenaerio
1312 1648 1381 1685 pro
1420 1638 1554 1676 Λαΐου
1593 1636 1654 1674 hic
1686 1639 1725 1673 in

1068 1698 1239 1727 mentem
1261 1693 1362 1728 venit
1381 1687 1540 1743 Ἰάμου,
1572 1695 1637 1745 qui
1657 1706 1726 1732 va-

1067 1754 1120 1783 tes
1139 1760 1229 1783 saue
1259 1748 1526 1787 celeberrimus
1544 1749 1726 1803 idemque

1066 1804 1299 1840 Iamidarum
1321 1807 1469 1854 generis
1491 1813 1644 1854 auctor,
1677 1807 1725 1844 de

1067 1873 1142 1911 quo
1164 1860 1350 1897 Pindarus
1371 1862 1525 1914 Olymp.
1541 1863 1598 1901 ss.
1627 1864 1726 1901 Cum

1067 1929 1155 1953 vero
1196 1930 1266 1954 nec
1306 1916 1418 1955 huius
1463 1927 1725 1958 memorentur

1067 1974 1239 2022 oracula,
1280 1975 1434 2011 forsitan
1464 1977 1635 2014 usitatius
1661 1976 1722 2015 hic

1067 2030 1183 2065 latere
1225 2043 1368 2067 nomen
1411 2028 1584 2079 Βάκιδος
1619 2032 1723 2070 idem

1067 2087 1256 2123 existimat
1269 2116 1278 2133 ,
1310 2089 1375 2139 qui
1395 2095 1497 2137 vates
1519 2103 1568 2126 ex
1585 2090 1723 2127 eodem

1064 2144 1217 2179 Eleonis
1255 2157 1354 2194 pago
1387 2147 1467 2195 agri
1506 2148 1722 2197 Tanagraei

1064 2206 1173 2236 natus
1204 2200 1322 2236 fertur
1353 2201 1454 2251 apud
1475 2202 1606 2240 Schol.
1631 2205 1720 2240 Ari-

1062 2255 1186 2306 stopli.
1212 2257 1302 2293 Pac.
1336 2260 1437 2298 1071
1476 2260 1562 2296 coll.
1596 2261 1720 2297 Inter-

1064 2320 1174 2362 prett.
1196 2314 1393 2351 inm-liam.
1416 2315 1461 2351 V.
1473 2317 1521 2352 H.
1542 2317 1628 2363 XII,
1650 2316 1718 2358 35.

1063 2370 1106 2406 C.
1128 2372 1172 2405 O.
1193 2371 1341 2405 Miiller.
1363 2372 1453 2407 Dor.
1475 2371 1655 2409 Orchom.
1679 2386 1718 2423 p.

1067 2425 1142 2466 145
1164 2440 1240 2477 seq.
1272 2426 1544 2464 Wachsmuth.
1567 2429 1716 2466 Hellen.

1061 2481 1339 2519 Altertlnnnslx.
1366 2485 1412 2530 11,
1443 2486 1470 2523 2
1504 2496 1592 2534 pag.
1622 2484 1717 2525 274.

1062 2537 1172 2574 Unde
1192 2540 1303 2574 simul
1316 2539 1493 2577 discimus
1514 2541 1549 2575 in
1562 2542 1716 2578 Eleonis

1063 2595 1145 2630 vico
1185 2594 1272 2630 inde
1310 2609 1357 2631 ex
1388 2596 1590 2647 antiquiori
1621 2610 1715 2635 aevo

1062 2650 1331 2700 prophetarum
1352 2652 1534 2688 familiam
1550 2655 1609 2690 vel
1619 2655 1715 2690 Per-

1062 2708 1127 2743 sici
1144 2708 1229 2742 belli
1250 2714 1420 2758 tempore
1441 2709 1620 2758 floruisse,
1635 2711 1713 2762 qui,

1061 2770 1101 2800 ut
1123 2777 1209 2800 mea
1230 2765 1299 2800 l'ert
1320 2766 1460 2816 opinio,
1481 2768 1637 2820 antiqua
1649 2767 1714 2804 illa
