1897 3340
390 258 476 300 538
793 258 1259 296 lIERODOTI

389 365 473 411 οὐκ
503 365 582 422 ἔχω
604 362 720 409 εἶπαι
749 365 798 410 τὸ
823 366 1025 422 ἀτρεκές·
1057 366 1110 411 οὐ
1130 366 1213 424 γάρ
1244 367 1411 423 λέγεται
1439 368 1548 422 πρὸς
1577 367 1659 412 οὖ-

389 436 539 490 δαμῶν
567 432 841 488 ἀνθρώπων·
877 435 1128 491 σύμπαντος
1159 436 1206 479 δὲ
1235 440 1316 479 τοῦ
1347 439 1536 490 στρατοῦ
1576 440 1659 480 τοῦ

361 506 526 556 Ξπεζοῦ
565 500 614 546 τὸ
657 505 828 559 πλῆθος
859 502 1006 561 ’ἐφάνη
1045 502 1349 560 ἑβδομήκοντα
1389 505 1462 548 καὶ
1502 503 1658 550 ἑκατόν

332 678 408 716 que
437 663 651 701 acciderent
671 670 735 700 aut
762 662 810 700 ad
834 662 996 714 expedi-

329 723 476 758 tionem
502 721 581 757 ullo
609 719 727 757 modo
747 721 992 771 pertinerent,

329 777 462 815 sedulo
483 778 758 828 perscriberent
770 777 994 828 perscripta-

331 830 406 886 que
423 833 623 884 diligenter
642 841 836 871 servarent
860 835 901 870 in
930 847 994 870 re—

330 892 401 941 giis
430 891 576 942 palatiis
597 886 828 928 thesaurisve
851 890 914 935 (cf.
935 891 993 927 ci-

329 955 408 985 tata
438 947 486 984 ad
517 948 607 995 vll,
649 947 767 997 100);
816 959 950 983 eorum
971 960 991 983 e

328 1006 487 1054 scriptis,
510 1017 608 1055 quae
628 1003 731 1040 adire
752 1005 899 1040 licuerit
912 1006 993 1039 He-

328 1060 476 1109 rodoto,
512 1059 612 1097 hanc
642 1062 839 1111 copiarum
866 1061 993 1097 Persi-

329 1131 462 1155 carum
517 1117 670 1154 fluxisse
730 1118 993 1154 recensionem

328 1173 485 1212 credam
513 1187 604 1211 cum
634 1176 796 1210 Heeren.
830 1173 888 1211 Id.
907 1175 943 1218 I,
970 1176 983 1213 1

327 1244 415 1282 pag.
449 1233 526 1272 136
545 1244 650 1283 seqq.
671 1231 757 1267 coll.
779 1231 860 1272 517
881 1229 994 1267 inde-

328 1301 405 1340 que
438 1301 590 1325 sumina
614 1301 700 1324 eam
724 1287 801 1324 fide
832 1301 909 1324 esse
931 1286 992 1324 di-

328 1357 462 1395 gnam.
518 1346 651 1395 Ipsum
689 1346 815 1395 copias
855 1357 991 1381 recen-

327 1401 437 1439 sendi
465 1401 628 1438 modum
646 1402 889 1452 persingulas
901 1415 991 1452 my-

326 1457 449 1495 riades
468 1460 546 1495 iam
565 1460 758 1509 attigimus
787 1457 836 1494 ad
855 1459 918 1505 IV,
936 1457 989 1499 85

327 1528 451 1566 eoque
473 1517 586 1552 etiam
606 1522 749 1566 spectat
761 1513 991 1553 Schol.Ari—

325 1572 414 1609 stid.
454 1585 542 1623 pag.
574 1575 656 1613 222
690 1571 751 1610 ed.
780 1572 987 1610 Frommel.

323 1630 460 1680 Neque
491 1630 595 1665 enim
626 1629 690 1665 ille
721 1629 862 1665 insoliti
895 1627 989 1679 quid

324 1683 462 1733 habet,
507 1698 583 1735 quo
614 1684 832 1722 offendaris.
889 1683 988 1721 Illud

323 1743 446 1792 magis
467 1740 696 1793 quibusdam
714 1742 857 1777 mirum
870 1741 989 1778 videri

325 1805 364 1836 et
391 1799 457 1836 vix
488 1797 666 1835 credibile
685 1799 806 1835 sentio
823 1828 832 1845 ,
883 1797 987 1849 quod

323 1868 415 1892 cum
459 1861 515 1892 tot
554 1856 671 1905 copiis
710 1856 750 1891 in
786 1855 986 1891 Graeciam

322 1913 473 1949 Xerxes
518 1911 630 1948 fuerit
650 1911 854 1962 profectus,
896 1912 986 1962 quia

321 1969 558 2019 singularum
597 1969 770 2018 gentium
799 1975 836 2005 et
856 1969 987 2018 copia-

322 2038 411 2062 rum
420 2026 704 2075 computatione
718 2025 829 2073 facta,
850 2026 985 2075 ingens

321 2081 413 2118 inde
444 2082 567 2118 existit
595 2094 799 2129 numerus,
829 2082 895 2132 qui
924 2082 986 2119 vel

323 2139 508 2188 quinquies
539 2145 575 2175 et
594 2140 702 2175 vicies
739 2141 881 2175 centena
903 2138 984 2174 mil-

323 2195 377 2231 lia
417 2193 589 2231 excedat.
648 2194 734 2232 Vid.
763 2194 845 2241 vll,
881 2194 982 2234 184:

321 2263 440 2302 quem
470 2251 599 2287 locum
630 2264 707 2287 una
727 2264 815 2286 cum
832 2250 984 2301 reliquis

319 2308 545 2343 testimoniis
573 2306 619 2343 de
635 2319 797 2343 numero
826 2305 900 2342 hoc
921 2319 984 2342 re-

319 2364 405 2400 tulit
435 2364 600 2399 Brisson.
641 2365 697 2399 De
726 2376 806 2411 reg.
834 2363 981 2401 Persar.

324 2420 486 2470 princip.
507 2421 571 2466 III,
589 2421 655 2459 72.
685 2420 873 2470 Namque,
891 2419 982 2456 alios

319 2482 363 2513 ut
393 2482 541 2512 taceam
572 2483 764 2519 auctores,
813 2474 983 2512 dissentit

318 2533 559 2584 potissimum
591 2532 638 2568 ab
669 2530 862 2569 Herodoto
893 2532 983 2569 Cte-

319 2590 392 2626 sias
414 2590 453 2625 in
474 2589 635 2625 Persicc.
658 2590 853 2639 Excerptt.
877 2590 912 2633 ξ.
929 2592 981 2630 23

322 2647 501 2695 octoginta
514 2652 661 2682 tantum
674 2646 850 2696 myriades
871 2645 983 2682 fnisse

321 2714 502 2740 narrans:
523 2703 596 2740 nisi
606 2703 645 2738 in
666 2703 764 2752 ipsos
779 2701 891 2738 hosce
911 2716 982 2739 nu-

320 2772 459 2806 meros,
482 2760 536 2795 uti
555 2759 609 2807 fit,
625 2760 759 2797 vitium
782 2759 983 2809 irrepserit.

321 2817 420 2861 Quin
432 2818 662 2866 septuaginta
673 2814 789 2852 modo
809 2816 983 2865 myriades

322 2873 430 2923 ponit
448 2873 598 2912 Aelian.
622 2873 668 2910 V.
679 2874 728 2910 H.
751 2873 855 2921 XIII,
877 2876 915 2913 3.
934 2874 980 2909 Iu

1051 665 1188 716 quibus
1216 666 1386 702 numeris
1408 664 1562 702 diversis
1583 678 1713 702 secum

1050 721 1314 772 comparandis
1336 729 1449 774 atque
1469 721 1714 759 conciliandis

1049 778 1171 814 nolim
1190 780 1408 827 immorari,
1438 786 1479 816 ut
1500 780 1566 830 qui
1594 779 1714 830 probe

1048 835 1178 882 sciam,
1200 836 1239 871 in
1259 836 1394 872 talibus
1415 837 1481 872 vix
1500 837 1567 871 uni
1585 836 1712 873 alteri'-

1049 904 1124 943 que
1170 892 1342 942 scriptori
1380 894 1583 929 convenire
1623 905 1715 929 cum

1049 948 1180 984 altero.
1238 950 1451 984 Numerum
1480 962 1570 986 vero
1601 949 1712 985 illum

1047 1003 1310 1041 Herodoteum
1344 1006 1405 1041 vel
1433 1006 1465 1041 si
1490 1006 1653 1042 nimium
1675 1012 1713 1042 et

1049 1068 1321 1111 exaggeratum
1331 1073 1531 1111 ponamus,
1543 1075 1621 1098 non
1631 1064 1713 1098 He-

1049 1116 1196 1166 rodoto,
1227 1117 1295 1154 sed
1333 1119 1536 1154 Persarum
1570 1119 1711 1166 scribis,

1052 1188 1071 1210 e
1084 1187 1249 1226 quorum
1265 1175 1523 1211 voluminibus
1535 1176 1712 1225 Inspectis

1047 1232 1112 1267 ille
1145 1232 1325 1278 retulerit,
1347 1230 1419 1268 hoc
1447 1232 1558 1268 suerit
1580 1233 1712 1282 impu—

1047 1287 1224 1325 tandum.
1280 1289 1333 1324 At
1371 1289 1434 1324 ille
1461 1301 1642 1325 numerus
1663 1289 1711 1325 ab

1047 1346 1153 1382 omni
1174 1350 1276 1382 'vero
1306 1345 1466 1381 minime
1507 1343 1711 1382 abhorrere

1046 1401 1198 1440 videtur
1226 1403 1415 1438 Heerenio
1444 1400 1501 1438 Id.
1522 1403 1552 1448 Ι,
1579 1405 1597 1442 1
1620 1414 1711 1453 pag.

1048 1459 1143 1506 517,
1169 1459 1267 1495 bene
1296 1459 1510 1508 respicienti
1523 1471 1711 1508 magnum

1044 1516 1197 1567 lateque
1218 1522 1420 1552 extensum
1431 1517 1632 1552 Persarum
1645 1529 1710 1552 re-

1044 1585 1167 1622 gnum
1193 1585 1457 1624 magnumque
1494 1573 1711 1623 expeditio-

1045 1630 1105 1666 nis
1136 1636 1361 1679 apparatum
1393 1629 1520 1678 plures
1549 1642 1617 1679 per
1637 1641 1709 1665 au·-

1043 1698 1114 1722 nos
1142 1686 1286 1721 factum
1323 1697 1367 1721 ac
1395 1684 1562 1736 denique
1591 1686 1707 1721 etiam

1045 1742 1287 1778 orientalium
1325 1754 1461 1791 regum
1500 1743 1539 1777 in
1570 1739 1705 1778 huius-

1043 1797 1150 1835 modi
1170 1799 1281 1834 rebus
1298 1797 1545 1848 suscipiendis
1565 1798 1705 1834 fastum

1041 1855 1348 1906 superbiamque.
1406 1855 1450 1890 Iu
1471 1867 1547 1906 quo
1563 1855 1633 1891 viri
1655 1855 1706 1890 il-

1040 1912 1253 1948 lustrissimi
1287 1910 1429 1947 iudicio
1467 1911 1581 1961 plane
1607 1909 1706 1947 mihi

1042 1967 1363 2020 acquiescendum
1378 1966 1539 2004 videtur.
1565 1968 1623 2004 Ac
1638 1968 1708 2004 be—

1041 2038 1092 2061 ne
1112 2024 1217 2061 idem
1238 2025 1455 2061 recentioris
1480 2025 1611 2061 aetatis
1634 2037 1707 2061 ex-

1043 2083 1214 2132 emplum
1237 2080 1345 2117 affert
1367 2081 1482 2117 Gallis
1503 2080 1596 2116 illud
1618 2081 1708 2132 qui-

1042 2138 1132 2175 dem
1141 2139 1309 2174 maxime
1320 2138 1526 2182 funestum,
1539 2149 1707 2187 quorum

1040 2195 1103 2232 vel
1140 2193 1265 2231 decies
1300 2200 1461 2229 centena
1480 2194 1599 2229 millia
1629 2192 1705 2230 du-

1040 2263 1125 2287 cem
1146 2251 1343 2286 Corsicum
1376 2251 1414 2285 in
1437 2248 1705 2287 Rutlienorum

1038 2314 1155 2343 terras
1184 2313 1312 2343 secuta
1341 2319 1419 2343 esse
1440 2305 1631 2343 dicuntur.
1651 2308 1704 2344 At

1040 2376 1138 2414 quae
1173 2363 1372 2400 Gallorum
1413 2369 1511 2399 terra
1548 2364 1579 2400 si
1613 2376 1705 2400 cum

1039 2421 1186 2470 ingenti
1215 2421 1419 2456 Persarum
1453 2433 1572 2469 regno
1593 2432 1704 2457 com-

1038 2474 1209 2527 paretur!
1270 2477 1436 2512 Unicum
1457 2489 1546 2513 vero
1568 2475 1643 2514 hoc
1662 2478 1704 2514 in

1038 2546 1166 2569 rerum
1187 2531 1354 2578 historia,
1385 2532 1489 2584 quod
1518 2534 1557 2569 in
1578 2546 1703 2570 unum

1038 2591 1168 2627 locum
1186 2597 1239 2626 tot
1258 2597 1388 2639 gentes
1404 2597 1560 2641 tamque
1574 2589 1702 2627 diver-

1037 2660 1102 2684 sae
1133 2660 1176 2683 ac
1208 2648 1334 2684 variae
1365 2646 1505 2683 fuerint
1535 2653 1701 2694 coactae,

1040 2710 1132 2755 quot
1161 2705 1201 2740 in
1232 2703 1376 2739 Dorisci
1409 2703 1551 2753 campis
1578 2703 1700 2739 Xerxi

1039 2762 1141 2797 iussu
1161 2761 1382 2797 convenisse
1402 2760 1631 2810 accepimus.

1095 2819 1170 2856 τοῦ
1200 2818 1322 2862 πεζοῦ
1354 2812 1397 2855 τὸ
1419 2818 1579 2865 πλῆθος
1600 2811 1698 2864 ἐφά-

1037 2868 1382 2925 νη-μυριάδες]
1425 2873 1482 2909 De
1511 2879 1698 2910 structura
