1897 3340
482 217 956 261 POLYMNIA.

1018 218 1114 255 VII.
1362 224 1443 262 521

180 328 275 381 ,,ὅτι
305 332 351 374 αἱ
380 330 603 388 συμφοραὶ
630 332 719 372 τῶν
748 323 1001 381 ἀνθρώπων
1020 325 1215 381 ἄρχουσι,
1245 327 1318 369 καὶ
1348 326 1449 371 οὐκὶ

155 398 427 453 δὀἴνθρωποι
468 402 556 441 τῶν
586 394 862 452 συμφορέων.

923 394 1011 437 Καὶ
1042 393 1118 450 δή,
1145 397 1233 437 τῶν
1264 393 1344 436 δύο
1376 410 1445 437 τοι

182 471 296 517 ,,τοῦ
334 466 483 521 ἑτέρου
523 463 772 520 εἰρημένου,
813 460 862 506 vd
904 462 1054 517 ἕτερον
1084 461 1264 517 ἔρχομαι
1296 459 1503 516 έρέων.15

183 538 262 590 ,ψῆ
302 534 346 578 δὲ
387 533 564 588 πολεμίη
604 531 708 587 τῇδέ
745 547 814 574 τοι
842 532 1121 574 κατίσταται·
1156 531 1192 573 εί
1213 527 1350 572 ἐθέλει
1381 544 1449 572 τοι

181 603 341 658 ,μηδὲν
376 599 574 651 ἀντίξοον
613 603 902 656 καταστῆναι,
943 597 1144 657 τοσούτῳ
1186 614 1254 640 τοι
1281 598 1447 652 γίνεται

182 667 518 722 ,,πολεμιωτέρη,
578 665 668 725 ὅσῳ
708 666 765 711 ἂν
816 669 1060 723 προβαίνῃς
1105 664 1344 719 ἑκαστέρω,
1394 662 1444 707 τὰ

179 736 355 791 »πρόσεο
398 735 479 779 αἰεὶ
514 733 822 792 κλεπτόμενος·
864 735 1096 791 εὐπρηξίης
1125 733 1211 790 γὰρ
1244 731 1327 777 οὐκ
1359 731 1502 777 {omo

120 911 387 961 Intelliguntur
414 908 454 949 h.
486 910 510 947 l.
546 913 672 960 portus
713 923 781 948 ηα-

121 970 215 1005 vium
251 979 395 1017 capaces
421 981 451 1004 s.
483 968 632 1004 navibus
652 969 782 1018 recipi-

119 1023 219 1061 endis
248 1025 384 1071 idonei,
429 1020 647 1074 δυνάμενοι
668 1023 782 1072 δέξα-

121 1084 220 1119 σθαι
239 1077 281 1119 τὸ
302 1077 486 1120 ναυτικὸν
500 1109 510 1128 ,
536 1087 577 1116 ut
598 1081 696 1117 bene
714 1083 782 1119 ob-

118 1144 242 1174 servat
262 1136 460 1184 Valcken„
494 1138 569 1187 legi
589 1150 698 1188 posse
719 1151 782 1175 ra-

118 1200 178 1231 tus
197 1192 277 1232 ύπο
291 1194 312 1232 δ
326 1208 342 1232 ε
355 1195 374 1241 ξ
389 1194 515 1244 ίμων
534 1207 555 1230 a
575 1193 781 1235 voceono-

118 1248 286 1300 δέξιμος,
307 1251 490 1300 probante
511 1249 705 1289 Schaeser.
733 1251 781 1289 ad

115 1308 308 1344 Lambert.
329 1309 419 1349 Bos.
451 1307 497 1344 de
528 1309 665 1358 ellipss.
690 1322 778 1360 pag.

119 1362 214 1411 438,
257 1365 318 1400 cui
357 1377 433 1401 vox
466 1362 678 1412 ὑποδέξιος
708 1367 780 1403 nisi

116 1433 268 1471 prorsus
282 1421 454 1469 conficta,
471 1427 508 1458 at
522 1421 659 1458 dubiae
680 1430 781 1460 certe

117 1475 207 1513 fidei
227 1491 305 1514 esse
336 1477 499 1516 videtur.
557 1477 695 1516 Suidas
727 1481 782 1516 III

117 1546 157 1585 Ρ
146 1533 246 1576 -553
270 1533 503 1583 υποδέξιος·
543 1533 781 1586 υποδοχεύς.

177 1586 237 1629 ότι
248 1590 292 1630 ἀἱ
307 1590 510 1642 συμφοραὶ
520 1594 598 1631 τῶν
620 1588 781 1642 ανθρώ-

117 1661 206 1686 πων
225 1644 416 1699 αρχουσι]
437 1648 560 1686 Affert
579 1647 674 1687 haec
690 1651 782 1689 Sto-

118 1703 235 1741 baeus
263 1706 422 1743 XCVIII
451 1704 609 1757 (XCVI)
647 1708 685 1753 ξ.
714 1706 780 1748 64.

118 1759 188 1809 (T.
226 1762 280 1797 ΙΙΙ
310 1776 348 1813 p.
379 1760 477 1803 294-
503 1763 648 1814 Gaisf.)
697 1765 782 1801 Alia

119 1829 170 1853 ex
186 1817 365 1866 Stobaeo,
387 1819 480 1867 aliis,
501 1821 638 1857 similia
659 1822 784 1858 attulit

118 1873 291 1911 Voemel.
324 1874 372 1911 ad
399 1875 649 1914 Demosthen.
688 1876 785 1915 Phi-

118 1930 212 1981 lipp.
233 1932 251 1967 I
273 1932 310 1977 ξ.
332 1934 385 1972 39
409 1930 465 1983 (p.
481 1932 530 1973 51
553 1934 619 1984 R.)
640 1947 678 1985 p.
689 1937 785 1975 207.

120 1987 233 2024 Gonf.
263 2001 376 2039 supra
405 1989 435 2035 Ι,
471 1991 549 2029 32:
591 1992 674 2029 πᾶν
704 1990 785 2030 ἔστι

118 2040 343 2096 ἅνθρωπος
366 2042 568 2098 συμφορὴ,
587 2047 653 2084 ubi
683 2048 782 2086 conf.

122 2100 248 2137 allata.
312 2100 526 2140 Larcherus
571 2105 784 2155 comparari

120 2158 202 2195 vult
233 2158 401 2195 Sallustii
430 2158 525 2195 illud
553 2161 637 2211 Iug.
668 2163 685 2197 I
715 2161 783 2200 fin.

121 2213 290 2261 „Quodsi
328 2213 548 2252 hominibus
592 2218 783 2255 bonarum

120 2283 251 2307 rerum
269 2277 374 2308 tanta
395 2285 485 2309 cura
506 2281 614 2322 esset,
643 2296 699 2302 ——
719 2288 783 2312 ne-

122 2339 187 2376 que
221 2332 423 2376 regerentur
457 2331 574 2378 magis
607 2344 710 2381 quam
728 2345 783 2369 re-

123 2386 243 2431 gerent
273 2395 377 2420 casus
413 2391 450 2421 et
477 2398 522 2422 eo
546 2388 784 2439 magnitudi-

121 2439 180 2476 nis
200 2438 450 2491 procederent
466 2448 537 2478 etc.
541 2443 564 2462 “

400 2529 507 2575 §.2

181 2605 263 2646 Καὶ
284 2604 348 2658 δή,
363 2609 444 2646 τῶν
467 2604 539 2646 δύο
559 2622 619 2647 τοι
648 2611 721 2648 τοῦ
741 2608 784 2649 έ-

125 2661 239 2714 τέρου
261 2663 498 2715 εἰρημένου]
510 2665 697 2701 Voculam
709 2662 783 2705 δύο

124 2731 205 2755 uon
224 2733 372 2770 semper
390 2722 526 2757 Noster
551 2720 702 2757 flectere
722 2735 787 2759 so-

126 2774 192 2811 let.
251 2776 360 2813 Conf.
391 2775 528 2813 Matth.
562 2778 629 2814 Gr.
651 2778 787 2827 Gr.1§.

130 2831 224 2872 138.
280 2831 343 2869 Ad
361 2833 596 2870 locutionem
627 2831 788 2886 ἔρχομαι

837 908 959 961 ε’ρέων
978 910 1079 949 conf.
1100 911 1130 959 Ι,
1152 908 1230 951 194
1250 911 1379 961 ibique
1399 909 1500 946 citat.

837 969 880 1004 In
913 969 1088 1019 proxime
1115 980 1221 1018 seqq.
1263 980 1331 1018 pro
1367 968 1419 1017 γῆ
1459 963 1501 1004 δὲ

837 1024 1005 1075 πολεμίη
1054 1025 1288 1074 VVesseling.
1335 1023 1502 1059 malebat

839 1077 899 1131 δή
931 1094 998 1132 pro
1021 1078 1083 1128 δὲ,
1116 1078 1502 1131 Schweighaeuserus

838 1135 925 1188 γὰρ,
948 1139 1054 1175 cuins
1075 1139 1189 1188 ipsius
1203 1138 1410 1187 particulae
1422 1138 1503 1173 vim

837 1192 878 1231 h.
909 1195 934 1232 l.
966 1208 1034 1245 per
1065 1193 1108 1234 δὲ
1139 1196 1302 1244 exprimi
1334 1193 1500 1231 credam.

836 1252 929 1298 Nec,
961 1252 1097 1302 opinor
1112 1281 1121 1299 ,
1165 1252 1228 1287 illa
1249 1251 1388 1288 insoliti
1410 1249 1502 1302 qnid

837 1305 1016 1355 habebit,
1047 1307 1164 1344 modo
1192 1306 1294 1344 hunc
1315 1308 1393 1343 sere
1413 1320 1503 1344 sen—

837 1366 978 1401 tentiae
999 1364 1237 1401 Herodoteae
1257 1377 1403 1400 nexum
1425 1377 1503 1400 esse

838 1423 1003 1471 cogites:
1034 1435 1103 1459 non
1131 1434 1237 1457 mare
1267 1425 1405 1459 tantum
1434 1421 1504 1458 tibi

836 1477 934 1515 nihil
955 1479 1150 1529 praebebit
1167 1479 1246 1528 opis
1258 1508 1267 1526 ,
1290 1491 1408 1515 verum
1425 1484 1504 1514 ter-

838 1547 880 1571 ra
900 1548 1077 1586 quoque,
1108 1534 1186 1586 qu&
1211 1536 1288 1571 iam
1310 1547 1503 1585 exponam

838 1593 998 1639 ratione,
1020 1590 1064 1627 εὲι
1079 1592 1147 1628 tibi
1168 1592 1237 1628 erit
1253 1590 1410 1629 hostilis.
1440 1590 1504 1628 Ad

837 1650 960 1699 ipsam
974 1650 1201 1685 sententiffln
1210 1648 1395 1686 Valcken.
1408 1661 1506 1685 con-

837 1706 910 1743 fert
929 1704 1107 1758 Aeschyl.
1130 1707 1233 1744 Pers.
1256 1705 1360 1747 794:
1402 1702 1503 1756 αὕτη

838 1760 913 1816 γὰρ
952 1760 982 1814 ἦ
1009 1765 1061 1815 γῆ
1106 1758 1309 1815 ξύμμαχος
1354 1762 1504 1810 κείνοις

839 1819 960 1860 πέλει.

898 1875 934 1915 εἰ
959 1873 1088 1916 ἐθέλει
1123 1890 1185 1914 τοι
1218 1871 1343 1926 μηδὲν
1387 1869 1503 1914 οἷντί-

842 1932 935 1980 ξοον
963 1933 1233 1982 καταστῆναι]
1287 1933 1319 1967 Ε
1356 1930 1504 1969 duobus

841 1988 953 2026 codd.
966 1987 1201 2038 Schweigh„
1216 1989 1332 2025 Gaisf.
1346 1995 1382 2025 et
1395 1987 1505 2025 Bek-

840 2044 923 2083 ker.
944 2052 1193 2097 reposuerunt
1215 2044 1359 2084 ἐθέλοι.
1381 2046 1505 2097 Equi-

841 2102 931 2139 dem
963 2116 1031 2140 cur
1051 2115 1073 2138 a
1101 2103 1275 2152 vulgata,
1307 2115 1424 2154 quam
1447 2108 1506 2138 et-

840 2161 917 2196 iam
937 2157 1075 2196 Matth.
1096 2159 1241 2206 tenuit,
1267 2157 1502 2207 recederem,

838 2215 935 2252 nihil
948 2216 1066 2252 habui
1097 2228 1245 2252 causae.
1277 2216 1321 2251 In
1343 2216 1505 2253 Floren-

838 2274 919 2310 tino
941 2272 1078 2310 diserte
1099 2273 1239 2323 legitur
1250 2272 1368 2312 θέλει.
1391 2272 1504 2314 Conf,

838 2331 921 2376 VII,
953 2332 1022 2371 37.
1078 2330 1136 2365 De
1166 2330 1273 2366 verbi
1301 2328 1413 2366 huius
1433 2342 1505 2366 usu

841 2386 942 2424 conf.
963 2393 1061 2423 nott.
1081 2385 1130 2422 ad
1153 2387 1200 2433 II,
1227 2388 1273 2426 11
1311 2393 1347 2422 et
1368 2388 1504 2438 Heyne

841 2443 889 2480 ad
910 2416 1240 2494 Piudar.01y11ip.
1264 2443 1368 2490 XIII,
1393 2445 1504 2494 12p,

845 2500 936 2548 157,
957 2513 979 2536 a
1005 2499 1076 2537 Cr.
1100 2501 1202 2536 citat.
1243 2500 1407 2538 Devoce
1430 2495 1503 2538 οἷν-

841 2555 1000 2604 τίξοον,
1029 2554 1349 2607 quacontrarium‚
1379 2556 1506 2593 adver-

840 2614 975 2649 sarium
997 2611 1222 2661 declaratur,
1245 2612 1324 2651 vid.
1344 2620 1440 2653 nott.
1456 2610 1505 2649 ad

838 2668 869 2714 I,
889 2666 981 2708 174.

897 2721 941 2763 τό
962 2721 1099 2775 πρόσω
1121 2722 1198 2763 αἰεὶ
1219 2719 1505 2773 κλεπτόμενος]

842 2780 918 2816 Pro
949 2777 1213 2830 κλεπτόμενος
1240 2780 1397 2818 Stobaei
1432 2791 1506 2814 ms.

843 2834 959 2874 habet
986 2833 1248 2888 βλεπόμενος,
1286 2834 1390 2888 quod
1424 2835 1504 2870 iure
