1897 3340
290 226 376 266 798
797 222 1263 261 EXCURSUSI

292 334 422 374 bendi.
477 333 669 386 Equidem
698 332 802 372 haud
827 337 904 374 scio
932 349 981 373 an
1008 334 1050 372 hi
1069 336 1140 386 ipsi
1159 336 1339 373 Geleontes
1357 336 1436 373 sive
1461 335 1636 375 Teleontes
1657 336 1772 376 ditio—

292 417 379 441 rum
399 402 540 441 civium
560 415 602 438 ac
624 403 913 453 locupletiorum
934 405 1161 441 constituant
1181 404 1345 450 tribum,
1376 403 1442 455 qui
1469 405 1611 441 scilicet
1638 406 1772 443 maiori

292 483 472 522 agrorum
506 470 736 521 possessione
770 471 962 520 gaudeant
994 471 1196 523 fundisque
1225 470 1418 507 latioribus
1450 484 1492 508 ac
1513 473 1690 522 gregibus
1710 486 1774 511 co-

288 539 534 591 piosiorIbus3
554 550 645 573 nam
663 538 702 572 in
724 536 825 574 hisce
847 541 1083 590 potissimum
1105 540 1167 575 illa
1188 542 1309 575 aetate
1330 551 1411 574 rem
1431 538 1658 577 familiarem
1678 553 1773 578 cou-

287 607 448 645 stituisse
477 616 633 642 omnem
660 605 858 653 novimu53
894 613 937 642 ut
966 619 1055 643 sane
1087 606 1204 643 iidem
1225 606 1345 642 ferme
1376 619 1455 643 esse
1482 607 1682 645 videantur
1701 609 1773 646 Ge-

289 676 416 713 leonles
436 681 548 725 atque
569 671 799 721 Eupatridae
818 673 844 709 i.
866 685 900 709 e.
921 672 1120 710 illustribus
1139 674 1327 711 maioribus
1349 675 1426 719 orti,
1442 673 1585 712 nobiles.
1614 674 1772 713 Accedit

288 743 369 794 ipsa
396 740 560 778 nominis
590 739 705 787 ratio,
747 737 794 775 de
826 739 901 791 quii
929 739 1062 776 itidem
1091 741 1189 776 inter
1227 739 1356 777 doctos
1383 742 1482 778 viros
1511 743 1772 794 maximopere

291 809 541 859 disceptatum
576 812 651 854 est,
693 806 772 856 ipsa
801 808 902 844 vocis
931 808 1115 858 scriptura
1134 808 1302 843 maxime
1321 808 1540 846 fluctuante.
1598 810 1649 846 Ut
1670 811 1772 847 enim

291 877 464 914 omittam
483 886 662 925 pravam,
693 886 791 925 quae
815 873 918 924 apud
946 873 1196 911 Plutarchum
1216 874 1426 923 invenitur,
1471 878 1673 913 lectionem
1700 880 1772 917 Γε-

291 942 467 989 δὲοντες,
498 943 538 978 in
563 940 756 978 Herodoto
787 943 951 991 optimus
980 943 1076 979 liber
1101 942 1340 978 Florentinus
1360 955 1449 978 cum
1468 945 1547 981 aliis
1568 944 1678 983 codd.
1702 959 1772 982 ex-

288 1009 394 1048 hibet
415 1007 641 1056 Γελέοντος,
677 1010 783 1045 cuius
803 1010 887 1046 loco
907 1010 947 1046 in
968 1011 1047 1047 aliis
1068 1007 1296 1062 quibusdam
1316 1007 1427 1046 codd.
1457 1018 1577 1048 exstat
1612 1013 1770 1053 Τελέον-

287 1092 371 1125 τος,
403 1075 506 1129 quod
533 1074 638 1112 idem
667 1074 821 1113 exhibet
850 1079 991 1114 Pollux
1023 1079 1050 1115 l.
1081 1078 1107 1114 l.
1139 1078 1306 1128 itemque
1333 1076 1533 1128 Euripides
1551 1080 1632 1115 Ion.
1651 1080 1770 1128 1599,

287 1145 354 1180 ubi
382 1156 514 1180 omues
540 1144 625 1180 libri
655 1144 782 1194 scripti
808 1143 968 1184 Τελέων.
1026 1143 1138 1191 Quod
1166 1145 1232 1196 qui
1261 1144 1428 1194 amplexi
1461 1152 1549 1183 sunt
1567 1147 1637 1183 viri
1657 1146 1769 1196 docti,

289 1224 422 1249 eorum
443 1211 505 1247 alii
520 1210 696 1249 Teleonles
715 1212 828 1248 fuisse
855 1219 1027 1250 statuunt
1051 1212 1232 1261 agricolas
1258 1214 1483 1249 mercenarios
1505 1214 1770 1264 vectigalesque,

288 1279 419 1331 quales
451 1277 654 1329 postmodo
683 1278 861 1316 dicuntur
885 1281 1028 1331 θῆτες,
1060 1279 1321 1330 zinspfliclitige
1350 1278 1515 1329 Bauer-n,
1557 1283 1624 1333 qui
1651 1283 1770 1319 vel'in

289 1346 454 1383 aliorum
473 1347 571 1396 agris
599 1346 778 1384 mercede
809 1361 902 1399 opus
932 1348 1077 1385 faciunt
1109 1348 1170 1385 vel
1191 1359 1345 1395 eorum,
1387 1360 1485 1399 quae
1512 1361 1560 1385 ex
1580 1350 1677 1399 agris
1695 1350 1770 1388 suis

285 1414 536 1465 proveniunt,
566 1422 714 1452 sextam
733 1413 901 1466 pendere
922 1416 1043 1452 coacti
1059 1421 1147 1452 sunt
1167 1421 1337 1465 partem,
1370 1414 1410 1455 οἷ
1438 1414 1527 1454 ἕκτα
1547 1418 1628 1455 τῶν
1655 1431 1769 1470 γενο-

286 1479 418 1533 μένων
446 1483 648 1530 τελοῦντες
657 1500 670 1532 ,-
717 1484 780 1520 alii
809 1484 1004 1521 sacerdotes
1035 1483 1273 1532 intelligunt,
1302 1484 1497 1520 initiorum
1518 1490 1554 1520 et
1577 1496 1770 1522 sacrorum

286 1549 394 1601 quasi
420 1557 682 1601 procuratores
711 1564 754 1588 ac
774 1552 988 1599 ministros,
1028 1549 1301 1600 Weiltepriester.
1357 1548 1452 1586 Mihi
1478 1557 1658 1588 neutrum
1685 1553 1770 1602 pla-

284 1623 357 1655 cet.
415 1618 515 1653 Nam
534 1631 656 1656 unum
671 1632 807 1657 verum
826 1618 976 1657 videtur
1005 1620 1044 1657 Γ
1039 1616 1221 1665 ελέοντες,
1250 1624 1336 1654 tum
1365 1618 1413 1655 ob
1433 1619 1636 1656 meliorum
1654 1620 1768 1657 libro-

283 1697 371 1721 rum
390 1684 696 1723 Herodoteorum
716 1688 999 1734 auctoritatem,
1028 1693 1112 1723 tum
1132 1686 1180 1723 ob
1203 1684 1295 1723 duas
1323 1686 1584 1738 inscriptiones
1611 1688 1726 1725 Teias
1745 1700 1767 1724 a

282 1750 483 1790 Boeckhio
502 1754 632 1791 citatas
662 1768 682 1790 e
703 1753 788 1795 cod.
811 1753 1054 1792 Sherardian.
1073 1755 1113 1790 in
1134 1755 1312 1791 Prooem.
1342 1754 1428 1791 Ind.
1452 1756 1571 1792 Lectt.
1599 1757 1767 1794 Beroliil.

284 1822 395 1861 1812
414 1817 473 1871 ᾖ),
503 1821 570 1857 ubi
591 1818 699 1872 φυλή
720 1830 1041 1860 commemoratur
1070 1824 1109 1860 Γ
1103 1817 1304 1862 ελεόντων.
1363 1822 1525 1860 Conficit
1551 1836 1634 1859 rem
1663 1836 1767 1860 mar-

282 1900 369 1925 mor
401 1887 497 1925 illud
526 1888 760 1941 Cyzicenum
787 1903 809 1926 a
839 1891 955 1943 Caylo
988 1891 1180 1941 prolatum
1224 1890 1263 1926 in
1292 1891 1449 1927 Recueil
1480 1889 1705 1943 d'Antiquit.
1730 1893 1767 1928 ΙΙ

281 1955 360 1992 tab.
394 1955 448 1996 59
476 1969 557 2008 seq.
587 1960 641 1998 69
664 1971 766 2010 seq.3
796 1959 836 1994 in
863 1972 939 2011 quo
960 1959 1038 1996 scil.
1059 1970 1250 1994 marmore
1271 1965 1432 2010 quatuor
1452 1959 1570 1996 tribus
1594 1960 1680 1996 illae
1699 1958 1766 1996 esz-

283 2021 373 2060 dem
394 2022 469 2075 quit
489 2022 591 2074 apud
610 2024 848 2062 Herodotum
870 2034 907 2063 et
924 2028 1123 2064 Pollucem
1151 2025 1368 2064 indicantur
1394 2027 1509 2063 serie:
1550 2024 1764 2073 Γελέοντες,

280 2085 507 2143 Ἀργάδεις,
537 2090 790 2142 Αἰγικορεῖς,
817 2091 1033 2145 ”Οπλητες.
1098 2096 1221 2132 Nemo
1252 2101 1381 2131 autem
1409 2095 1528 2130 nescit
1557 2093 1764 2143 Cyzicenos

281 2159 402 2196 Mileti
430 2159 544 2196 fuisse
573 2161 738 2207 colonos,
767 2162 896 2199 Ionica
926 2164 1041 2213 igitur
1060 2162 1174 2212 stirpe
1193 2163 1271 2200 sive
1290 2162 1415 2198 Attica
1435 2159 1627 2199 oriundos.
1686 2163 1764 2197 Ita-

283 2237 357 2277 que
388 2227 436 2264 G.
457 2228 668 2268 Hermann.
690 2229 730 2265 iu
749 2230 913 2269 Praefat.
936 2229 984 2268 ad
1004 2229 1176 2279 Euripid.
1196 2231 1278 2267 Ion.
1299 2243 1334 2279 p.
1356 2229 1470 2264 xxll
1491 2241 1596 2280 seqq.
1620 2229 1761 2277 XXVI,

281 2294 347 2329 ubi
367 2292 461 2331 haec
482 2296 633 2333 uberius
653 2303 806 2345 tractat,
837 2296 939 2347 apud
957 2296 1179 2346 Euripidem
1200 2298 1226 2334 l.
1251 2309 1363 2346 supra
1383 2297 1409 2332 l.
1430 2296 1490 2332 vel
1510 2296 1634 2333 invitis
1654 2296 1762 2334 codi-

278 2361 384 2398 cibus
412 2363 544 2412 reponi
571 2363 676 2399 iussit
705 2361 856 2401 Γελέων
881 2376 950 2413 pro
981 2364 1135 2414 vulgata
1170 2362 1332 2403 Τελέων.
1390 2363 1501 2400 Vocis
1525 2364 1711 2414 originem
1730 2365 1760 2401 si

279 2441 517 2481 quaeramus,
546 2436 645 2466 recte
665 2429 769 2465 illam
784 2438 952 2481 repetere
971 2430 1121 2469 videtur
1140 2432 1414 2482 W‘esselingius
1435 2444 1456 2468 a
1485 2432 1601 2468 verbo
1621 2435 1758 2484 γελεῖν,

280 2495 384 2547 quod
406 2503 497 2534 teste
517 2495 706 2548 Hesychio
725 2499 740 2533 1
760 2511 798 2547 p.
821 2502 897 2540 811
922 2498 1025 2536 idem
1045 2506 1099 2536 est
1121 2506 1234 2551 atque
1254 2495 1437 2550 λάμπειν,
1458 2495 1614 2546 ἀνθεῖν,
1635 2498 1758 2536 idem-

279 2577 357 2616 que
386 2565 558 2603 observat
588 2566 862 2615 Wesselingius
890 2568 1050 2604 verbum
1078 2569 1196 2619 γελᾶν
1215 2568 1254 2604 in
1276 2565 1483 2618 splendendo
1509 2578 1553 2604 ac
1571 2567 1759 2606 renidendo

326 2764 365 2808 *)
392 2764 470 2799 Vid.
483 2763 640 2799 Seebode
656 2763 756 2799 Arch.
773 2764 798 2799 s.
818 2765 907 2801 Phil.
927 2766 994 2800 und
1014 2765 1165 2811 Paedag.
1183 2766 1246 2808 111,
1266 2766 1289 2802 3
1299 2777 1334 2811 p.
1351 2767 1396 2801 52
1413 2769 1482 2802 not.
1499 2768 1534 2803 9.
1552 2767 1754 2802 Grotefend.

394 2821 447 2856 De
468 2821 554 2855 dem.
572 2825 608 2856 et
627 2820 725 2867 pagis
745 2821 850 2857 Attic.
875 2834 907 2867 p.
932 2824 953 2857 8
972 2828 1042 2857 not.
1060 2824 1093 2858 3.
