1897 3340
538 264 1012 303 POLYMNIA.
1071 264 1174 303 VII.
1416 269 1498 309 429

203 374 370 430 5γνοὺς
400 373 423 417 ὁ
444 377 633 428 Δαρεῖος
663 371 719 422 ὦς
748 371 867 426 λέγοι
898 372 1056 423 δίκαια,
1087 370 1265 426 βασιλέα
1285 389 1360 426 μιν
1389 371 1495 416 ἀπέ-
1553 384 1632 423 507

232 445 333 493 δεξε.
379 442 519 485 δοκέει
549 439 594 483 δέ
622 456 699 494 μοι
727 438 801 481 καὶ
842 437 948 481 ἄνευ
978 439 1138 496 ταύτης
1166 443 1240 496 τῆς
1267 438 1557 496 ’ὑποθήκηςὸο

231 512 485 565 βασιλεῦσαι
517 507 572 550 ἂν
600 507 786 562 Ξέρξης·
832 505 859 561 ἦ
889 505 971 561 γὰρ
991 506 1179 552 ’Ἀτοσσα
1209 505 1292 564 εἶχε
1330 507 1379 551 τὸ
1411 512 1500 551 πᾶν

132 573 163 616 4
233 577 398 629 κράτος.
461 573 689 625 Ἀποδέξας
737 574 783 617 δὲ
838 574 1020 630 βασιλέα
1069 576 1267 632 Πέρσῃσι
1311 580 1500 631 Δαρεῖος
1559 589 1660 628 Aitqro
1673 594 1828 625 postannn

1556 624 1665 650 Darius
1685 625 1760 651 omni
1772 626 1832 653 iau·

200 650 221 683 Ξ
231 645 406 697 Ξέρξεα,
437 641 602 698 ὅρμητο
629 641 954 696 στρατεύεσθαι.
997 639 1106 686 ἀλλὰ
1133 643 1231 700 γὰρ,
1261 643 1368 698 μετὰ
1396 647 1498 686 ταῦ-
1558 656 1832 720 l'ffss'tirffl'zssarfflz'ssm

1592 711 1596 715 ·
1717 711 1725 725 ,

227 711 280 754 τά
319 727 362 754 τε
401 710 472 753 καὶ
511 708 737 764 Αἰγύπτου
790 708 1032 754 ἀπόστασιν
1080 716 1141 770 τῷ
1185 711 1353 768 ὑστέρῳ
1404 711 1500 762 ἔτεϊ,
1558 726 1815 784 μμμὶἕψιυιιοωι.

225 777 665 833 παρασκευαζόμενον
694 778 923 834 συνήνεικε
956 776 1092 821 αὐτόν
1123 784 1337 833 Δαρεῖον,
1377 781 1494 834 βασι-
1508 758 1600 819 55[‘²'
1645 760 1688 794 ³4

224 845 438 888 λεύσαντα
467 844 520 888 τοὶ
551 844 692 889 πάντα
726 846 769 898 ἕξ
799 862 843 888 τε
872 845 946 888 καὶ
974 845 1210 901 τριήκοντα
1240 847 1359 897 ἔτεα,
1392 847 1497 890 ἄπο-

223 917 400 956 θανεῖν·
431 912 534 958 οὐδὲ
556 916 600 957 οἱ
628 914 838 971 ἐξεγένετο
861 913 962 957 οὔτε
991 914 1094 964 τοὺς
1124 912 1393 966 ἀπεστεῶτας
1421 917 1496 959 Λί-

195 981 436 1036 3γυπτίους
477 981 578 1026 οὔτε
612 980 872 1040 Ἀθηναίους
918 982 1262 1038 τιμωρήσασθαι.
1312 981 1496 1028 Ἀποθα-

168 1176 274 1219 κέειν
314 1175 348 1219 δ’
387 1178 498 1231 ἐμοὶ,
542 1179 721 1232 equidem
743 1193 833 1217 cum

169 1236 288 1273 Gaisf.
304 1243 339 1274 et
360 1235 495 1274 Matth.
519 1235 607 1273 dedi
640 1237 767 1278 δοκέει
789 1236 832 1277 δέ

170 1307 266 1344 μοι,
314 1293 418 1345 quod
455 1295 696 1332 Florentinus
735 1295 830 1332 liber

168 1350 446 1402 suppeditabat.

410 1463 500 1515 Cap.
520 1464 586 1501 IV.

225 1570 373 1627 ὅρμητο
386 1572 689 1627 στρατεύεσθαι]
703 1575 829 1627 Supra

167 1632 248 1680 VII,
271 1635 290 1671 1
315 1629 486 1683 ὥρμητο.
525 1634 583 1670 Ac
605 1631 826 1683 Schweigh.

168 1688 226 1736 (in
242 1690 336 1726 Lex.
350 1688 494 1727 Herod.
514 1703 543 1727 5.
558 1703 596 1728 v.
616 1691 630 1738 )
651 1702 828 1726 commo-

166 1745 250 1783 dior
277 1746 381 1783 locus
401 1744 463 1783 hio
487 1760 567 1783 esse
592 1746 828 1784 videturim-

165 1803 332 1854 perfecto
343 1800 505 1854 ὁρμᾶτο,
525 1803 727 1855 quodcum
740 1803 827 1841 edd.

164 1866 257 1897 vett.
279 1858 355 1896 duo
378 1858 490 1896 codd.
513 1859 695 1897 exhibent
710 1889 719 1907 ‚
752 1859 827 1898 hoc

164 1916 243 1952 fere
264 1927 398 1952 sensu:
422 1919 642 1967 properavit,
674 1919 768 1953 totus
789 1919 827 1954 in

166 1985 204 2010 eo
217 1972 310 2023 suit.
369 1974 495 2009 Inesse
527 1974 631 2010 enim
662 1974 713 2010 ait
750 1972 825 2010 hoc

166 2030 206 2066 in
226 2030 342 2067 verbo
359 2042 641 2082 nonnunquam
673 2030 826 2068 acrioris

166 2085 363 2123 cuiusdam
384 2087 549 2137 impetus
578 2086 828 2137 significatio-

165 2156 278 2190 nem3
301 2155 418 2195 quare
438 2144 553 2179 etiam
573 2145 717 2191 V11,19
738 2157 828 2181 ver-

166 2200 214 2236 ba
236 2197 454 2253 ὤρμημένῳ
470 2199 595 2254 Ξέρξῃ
610 2203 828 2253 στρατηλα-

165 2254 286 2303 τέειν,
342 2269 440 2308 quae
488 2258 605 2308 vulgo
651 2263 825 2295 vertunt:

162 2317 347 2362 postquam
374 2315 428 2350 ita
449 2313 568 2351 Xerxi
592 2317 671 2352 erat
694 2316 827 2351 consti-

168 2372 297 2415 tutum,
318 2371 454 2406 rectius
473 2370 826 2422 sintinterpretanda

170 2437 248 2460 esse
284 2432 432 2462 censet:
467 2426 588 2464 Xerxi
619 2429 667 2465 ad
698 2427 825 2466 bellum

169 2480 387 2530 inferendum
424 2485 616 2531 concitato,
673 2486 824 2521 incenso.

170 2537 236 2573 Tu
263 2537 365 2573 conf.
394 2538 475 2585 Vll,
506 2540 571 2577 21.
602 2540 694 2581 150.
724 2541 825 2588 VIII,

175 2595 265 2632 109.
302 2594 371 2639 lx,
403 2595 469 2633 61.
501 2592 681 2646 Thucyd.
709 2597 771 2643 VI,
801 2600 826 2637 6

171 2649 252 2685 init.
277 2651 340 2689 19.
359 2670 416 2675 —
443 2650 487 2684 In
508 2663 613 2701 seqq.
633 2657 719 2687 ante
739 2665 829 2689 ver-

172 2704 220 2740 ba
249 2700 458 2756 Αἰγύπτου
488 2700 706 2745 οἷπόστασιν
736 2709 829 2744 arti—

173 2760 303 2797 culum
333 2758 406 2811 τήν
438 2762 596 2813 requirit
627 2762 828 2814 Schweig-

172 2813 301 2854 haeus.
330 2818 387 2853 Ac
407 2830 509 2866 sane,
530 2819 560 2854 si
581 2819 704 2856 bonae
715 2827 828 2857 notae

171 2871 256 2908 libri
293 2871 492 2922 afferrent,
543 2873 648 2911 haud
691 2874 827 2914 dubius

889 1180 1111 1230 reciperem.
1156 1179 1220 1217 Ad
1238 1181 1400 1219 verbum
1424 1180 1550 1234 συνή-

890 1251 993 1276 νεικε
1015 1238 1117 1275 conf.
1137 1245 1233 1277 nott.
1251 1238 1300 1275 ad
1320 1240 1384 1287 ΠΙ,
1407 1241 1474 1280 66.

942 1345 1231 1401 βασιλεύσαντα
1263 1348 1311 1390 τοὶ
1344 1346 1477 1391 πάντα
1510 1350 1548 1400 ἕξ,

886 1420 927 1445 τε
948 1405 1016 1445 καὶ
1028 1402 1241 1460 τριήκοντα
1268 1407 1365 1456 ἔτεα,
1386 1404 1550 1447 (ἔησθα-

887 1464 1001 1512 νεῖν]
1034 1461 1119 1502 ἔτεα
1142 1465 1257 1514 vulgo
1292 1467 1446 1516 ponitur
1466 1473 1551 1516 post

884 1515 934 1558 τὰ
953 1515 1084 1558 πάντα
1115 1520 1181 1570 (de
1213 1534 1288 1572 quo
1314 1523 1391 1559 vid.
1411 1521 1547 1561 matth.

887 1577 953 1613 Gr.
976 1578 1042 1613 Gr.
1061 1578 1097 1622 ξ.
1120 1580 1201 1617 266
1222 1590 1310 1628 pag.
1329 1579 1452 1627 549„
1478 1592 1549 1616 nos

885 1633 1150 1669 Florentinmn
1177 1635 1317 1671 librum
1353 1637 1548 1688 aliumque

885 1691 1004 1726 secuti
1036 1691 1308 1729 collocavimus
1339 1700 1425 1729 ante
1448 1689 1550 1731 οἷπο-

884 1750 1044 1786 θανεῑν.
1075 1748 1120 1783 In
1140 1748 1222 1799 ipso
1245 1750 1311 1800 qui
1331 1747 1393 1787 1110
1415 1749 1547 1800 prodi-

884 1809 947 1840 tur
967 1816 1158 1840 annorum
1185 1818 1349 1843 numero
1381 1806 1550 1843 dissentit

886 1860 1028 1898 Ctesias
1058 1862 1222 1898 Persico.
1255 1864 1294 1908 ξ.
1337 1865 1387 1902 19
1429 1876 1548 1900 annos

885 1917 1041 1966 triginta
1061 1931 1185 1954 unum
1206 1931 1381 1969 regnasse
1390 1921 1549 1956 Darium

883 1974 1062 2012 scribens.
1121 1975 1173 2010 At
1194 1975 1388 2012 Herodoto
1409 1976 1549 2013 suffra-

884 2037 1023 2079 gantur
1052 2030 1254 2082 Syncellus
1282 2039 1396 2084 atque
1423 2035 1548 2070 Euse-

884 2087 990 2134 bius,
1035 2100 1200 2139 quorum
1223 2089 1327 2126 locos
1359 2092 1467 2126 attuli
1498 2089 1547 2126 ad

883 2143 1048 2180 Ctesiam
1068 2145 1232 2195 1,l.pag.
1254 2145 1345 2193 149,
1376 2147 1546 2198 itemque

882 2201 1094 2237 Ptolemaei
1123 2214 1260 2239 canon.
1319 2203 1419 2240 Hinc
1441 2205 1546 2240 Darii

880 2270 985 2295 mors
1014 2256 1148 2294 incidit
1177 2260 1217 2294 in
1239 2272 1385 2296 annum
1405 2261 1486 2300 485
1509 2273 1544 2300 a.

882 2312 972 2355 Chr.
1004 2328 1066 2362 n.‚
1097 2315 1230 2367 quinto
1260 2323 1345 2366 post
1371 2330 1545 2368 pugnam

880 2370 1162 2408 Marathoniam
1184 2385 1298 2421 anno,
1320 2387 1438 2426 quain
1452 2387 1547 2411 cou-

881 2429 988 2465 tinuo
1024 2430 1236 2479 excipiebat
1273 2438 1475 2481 apparatus
1497 2429 1546 2467 ad

880 2498 1027 2521 novum
1057 2486 1202 2522 bellum
1252 2488 1467 2534 triennalis,
1510 2495 1546 2524 et

882 2549 1015 2593 quarto
1048 2554 1150 2578 anno
1169 2544 1338 2594 Aegypti
1369 2543 1544 2583 desectio.

885 2598 1162 2648 Wesselingius
1208 2598 1255 2636 de
1284 2599 1342 2638 his
1382 2602 1547 2638 conferri

884 2655 966 2691 vult
996 2656 1128 2696 Petav,
1167 2657 1297 2695 Doctr.
1330 2658 1471 2708 Temp,
1494 2659 1543 2703 X,

884 2713 936 2750 23
951 2718 987 2747 et
1007 2711 1195 2752 Dodwell,
1207 2714 1311 2754 Anu,
1333 2713 1541 2764 Thucydtl.

883 2779 972 2817 pag.
990 2766 1058 2807 44.
1086 2769 1330 2805 Aristotelem
1350 2771 1380 2806 si
1410 2769 1544 2806 audia—

883 2835 968 2860 mus
1000 2822 1127 2862 Rhett.
1156 2825 1204 2871 11,
1236 2828 1290 2865 20
1321 2839 1358 2875 p.
1387 2826 1468 2865 569
1498 2826 1544 2860 E.

883 2892 962 2931 seq.
995 2877 1071 2929 (Π,
1105 2883 1156 2922 16
1184 2881 1221 2925 ξ.
1248 2883 1275 2920 2
1301 2894 1341 2932 p.
1378 2884 1454 2921 120
1483 2880 1545 2921 ed.
