1897 3340
409 221 493 262 588

807 217 1267 255 HERODOTI

409 330 555 383 „dom-511
602 325 732 377 αὐτὸς
770 326 969 383 βασιλεύς
996 325 1221 381 γενέσθαις
1262 324 1315 368 σύ
1347 320 1409 368 ὦν
1443 324 1657 381 ἐθελήσεις

381 393 598 450 2,,αὖτίκα
627 393 739 450 μάλα
767 393 874 449 πρὸς
902 392 1064 449 ἄνδρας
1091 393 1194 437 δέκα
1224 391 1461 448 μάχεσθαις
1492 395 1564 436 καί
1592 409 1658 437 τοι

409 465 473 516 „el
511 463 560 506 τό
598 461 823 505 πολιτικόν
859 460 965 517 ὑμῖν
992 465 1079 505 πᾶν
1118 461 1205 505 ἐστὶ
1233 464 1435 504 τοιοῦτον
1465 459 1561 504 οἷον
1600 460 1655 504 σύ

408 530 656 585 ,,διαιρέεις,
712 528 759 571 σέ
797 543 845 583 γε
873 529 951 572 τόν
978 531 1133 572 κείνων
1161 529 1337 584 βασιλέα
1368 528 1520 583 πρέπει
1547 528 1659 583 πρὸς
1671 537 1713 570 15

408 597 482 651 „vd
519 595 749 651 διπλήσιον
785 594 1114 641 ἀντιτάσσεσθαι
1143 596 1253 640 κατὰ
1289 595 1454 651 νόμους
1482 595 1584 648 τοὺς
1610 595 1658 639 ὑ-

381 664 654 721 3,,μετέρους.
711 664 747 706 εἰ
773 662 858 719 γάρ
886 665 1040 707 κείνων
1059 664 1236 716 ἕκαστος
1251 663 1354 707 δέκα
1382 663 1557 719 ἀνδρῶν
1585 666 1660 720 τῆς

410 733 638 788 ,,στρατιῆς
665 734 739 786 τῆς
767 730 868 787 ἐμῆς
896 729 1096 784 ἀντάξιός
1124 732 1230 779 ἐστι,
1263 732 1309 776 σὲ
1337 731 1382 776 δέ
1411 748 1457 787 γε
1488 734 1660 788 δίζημαι

411 801 575 850 .,εἰ’κοσι
614 796 726 842 εἶναι
765 797 986 851 ἀντάξιον·
1025 799 1098 842 καὶ
1137 798 1251 842 οὕτω
1290 798 1369 854 μὲν
1408 797 1576 854 ὀρθοῖτ’
1605 798 1660 842 ἂν

382 864 466 917 4,,ὁ
494 865 622 921 λόγος
641 866 665 910 ὁ
695 866 813 920 παροέ
846 870 925 909 σεῦ
954 867 1189 922 εἰρημένος.
1247 867 1362 919 εἰδὲ,
1391 868 1586 910 τοιοῦτοί
1614 883 1658 910 τε
1672 873 1717 906 20

411 933 602 985 ,,ἐόντες,
645 935 718 977 καὶ
756 934 947 990 μεγάθεα
984 937 1188 977 τοσοῦτοι
1233 931 1327 984 οἷος
1367 934 1421 977 σύ
1449 950 1491 976 τε
1515 934 1588 976 καὶ
1618 936 1662 976 οἳ

410 999 536 1054 ,,παρ’
567 1000 637 1056 ἐμὲ
667 1005 852 1057 φοιτῶσι
875 999 1090 1056 Ἑλλήνων
1118 1000 1160 1050 ἐς
1187 999 1372 1056 λόγους,
1403 998 1568 1056 αὐχεῖτε
1596 1017 1661 1044 το-

414 1071 615 1121 ,,σοῦτον,
647 1069 730 1125 ὅρα
757 1069 815 1125 μὴ
847 1067 986 1126 μα’την
1007 1067 1175 1126 κόμπος
1196 1067 1220 1112 ὁ
1245 1066 1375 1124 λόγος
1395 1062 1525 1120 οὗτος
1550 1069 1660 1124 εἰρη-

339 1287 561 1341 4ἐθελήσεις
583 1288 707 1342 (quod
733 1301 821 1326 cum
851 1296 1010 1327 recentt.

358 1344 445 1383 edd.
477 1346 649 1383 dedimus
676 1359 745 1397 pro
777 1346 868 1383 olim
904 1347 1008 1396 vulg.

358 1398 599 1454 ἐθελήσαις),
618 1404 685 1441 vix
705 1416 938 1455 quemquam
948 1403 1010 1439 fu-

358 1460 446 1509 giet.
467 1482 519 1487 —
548 1460 593 1495 Iu
613 1473 695 1511 sqq.
729 1459 778 1496 ad
797 1457 840 1499 τὸ
862 1462 1012 1499 πολιτι-

359 1512 432 1554 κόν
459 1514 537 1553 vid.
570 1515 704 1553 Matth.
738 1517 804 1553 Gr.
834 1517 900 1553 Gr.
921 1529 1010 1567 pag.

360 1573 453 1618 832,
487 1573 553 1622 'qui
572 1571 676 1608 idem
695 1573 731 1617 ξ.
752 1575 833 1612 602
851 1586 887 1623 Ρ.
904 1574 1010 1613 1206

360 1627 612 1665 consulendus
623 1629 671 1665 ob
682 1629 838 1665 voculae
849 1641 1012 1680 ysusum

358 1684 398 1719 ‘m
428 1685 603 1733 proxime
640 1685 893 1736 sequentibus.
950 1684 1013 1721 Ad

359 1740 465 1776 verbi
486 1738 670 1792 διαιρέειν
689 1753 801 1777 ustun
811 1741 910 1777 conf.
930 1741 1013 1790 VII,

363 1798 413 1836 16
435 1797 471 1841 (5.
503 1799 527 1836 3
548 1798 677 1848 ibique
697 1797 821 1833 allata.

416 1849 458 1890 σὲ
478 1851 521 1891 δέ
541 1867 583 1904 γε
595 1853 754 1904 δίζημαι
766 1852 890 1892 εἴκοσι
912 1848 1016 1892 εἶναι

359 1903 574 1957 ἀντάξιον]
605 1909 799 1947 Herodoto
818 1908 913 1946 haec
922 1910 1016 1946 scri-

359 1965 463 2000 benti
484 1966 723 2003 obversatum
735 1967 846 2003 fuisse
858 1968 1014 2003 Homer.

360 2021 405 2057 Il.
443 2021 542 2068 VIII,
581 2021 662 2062 234
701 2023 787 2061 coll.
825 2021 1015 2073 Porphyr.

362 2077 512 2121 Quaest.
522 2079 677 2115 Homer.
690 2078 743 2119 25
757 2085 883 2116 censet
897 2080 1016 2116 Wes-

360 2133 494 2182 seling.
551 2135 671 2171 Usum
690 2136 848 2172 voculae
870 2133 911 2173 ὂὲ
930 2136 1018 2172 atti-

361 2189 416 2237 git
443 2188 578 2226 Matth.
607 2191 643 2235 ξ.
677 2192 757 2231 616
787 2204 874 2241 pag.
893 2189 1017 2230 1246.

363 2244 520 2294 δίζημαι
543 2244 604 2281 hic
624 2246 743 2282 valet:
762 2246 912 2296 postulo.

418 2296 493 2350 ὅρα
514 2298 566 2350 μὴ
590 2297 719 2350 μάτην
738 2298 892 2352 κόμπος
911 2298 931 2340 ὁ
951 2297 1015 2340 λό-

363 2370 430 2407 γος
448 2350 563 2401 οὗτος
592 2354 795 2405 εἰρημένος
815 2357 908 2407 εἴη]
939 2358 1015 2393 Ar-

362 2412 521 2448 ticulum
542 2410 560 2450 6
587 2419 672 2448 ante
687 2412 890 2463 εἰρημένος
900 2414 1015 2463 vulgo

364 2469 562 2518 repetitum
573 2468 1016 2519 cumScliweigli.,Gaiss.

363 2531 401 2561 et
419 2523 596 2560 Bekkero
618 2523 738 2561 delevi
769 2526 905 2562 codic-‚is
926 2528 1017 2563 Flo-

363 2581 500 2617 rentini
529 2581 763 2632 aliorumque
783 2584 1015 2622 auctoritate.

364 2637 549 2673 Voculam
569 2633 700 2687 μάτην
729 2651 807 2674 non
828 2646 907 2675 tam
928 2640 1017 2688 sru-

365 2696 440 2730 stra
460 2705 576 2744 quam
600 2692 698 2744 falso
726 2694 892 2731 indicare
923 2708 1016 2733 cou-

328 2766 331 2767 ⁷
367 2748 490 2785 tendit
526 2747 747 2788 Larclierus.
822 2749 916 2787 Mihi
936 2750 1019 2788 *vix

365 2805 526 2842 multum
548 2804 696 2843 differre
716 2804 876 2846 videtur.
906 2809 1018 2844 Hunc

1064 1301 1155 1327 vero
1183 1288 1366 1327 Herodoti
1393 1290 1520 1327 locum
1548 1290 1595 1327 G.
1618 1290 1719 1327 Her-

1064 1359 1197 1383 mann.
1218 1346 1266 1383 ad
1286 1344 1467 1398 Sophocl.
1495 1347 1602 1386 Aiac.
1636 1349 1719 1388 272

1067 1401 1115 1439 de
1137 1404 1319 1453 particula
1340 1401 1408 1455 μή,
1422 1416 1538 1455 quam
1557 1404 1595 1440 in
1607 1416 1720 1454 prae-

1066 1460 1175 1496 terito
1203 1461 1365 1511 excipiat
1394 1461 1601 1511 optativus,
1640 1466 1720 1497 tra-

1067 1523 1171 1552 ctans
1192 1517 1334 1566 attulit,
1364 1517 1403 1552 iu
1435 1530 1510 1568 quo
1531 1513 1586 1568 μή
1606 1517 1722 1553 etiam

1067 1585 1156 1608 cum
1175 1574 1290 1609 verbo
1310 1575 1513 1623 praesentis
1543 1574 1723 1624 temporis

1067 1629 1239 1664 iunctum
1290 1629 1476 1678 significet
1520 1642 1561 1666 ne
1595 1629 1722 1679 fuerit,

1069 1697 1189 1734 quum
1222 1684 1413 1721 Herodoto
1448 1686 1561 1722 etiam
1599 1685 1723 1722 dicere

1068 1741 1233 1779 licuisset
1253 1737 1326 1792 ὅρα
1349 1738 1402 1792 μή
1425 1737 1555 1792 μάτην
1565 1737 1723 1790 κομπά-

1072 1808 1191 1846 σειας,
1212 1798 1290 1835 vide
1311 1810 1353 1834 ne
1370 1802 1492 1834 temere
1520 1800 1591 1835 ista
1608 1799 1723 1835 iacta-

1069 1855 1172 1890 veris.
1210 1855 1279 1891 Cui
1299 1867 1419 1906 quum
1437 1854 1638 1891 Elmsleius
1652 1854 1723 1891 ob—

1070 1909 1217 1948 locutus
1236 1912 1277 1947 iu
1296 1909 1479 1947 Herodoti
1497 1911 1581 1948 loco
1590 1910 1724 1960 refingi

1070 1966 1184 2003 vellet
1219 1966 1262 2019 ἔῃ
1292 1968 1379 2013 (vel
1408 1967 1532 2018 potius
1577 1960 1624 2021 ᾗ)
1653 1979 1722 2016 pro

1071 2021 1144 2072 εἴη,
1173 2024 1342 2073 pluribus
1360 2024 1423 2059 ille
1441 2024 1480 2059 iu
1500 2021 1575 2059 h.l.
1595 2023 1724 2074 iuqui-

1070 2079 1155 2115 sivit
1173 2081 1213 2115 iu
1229 2080 1497 2130 Opuscc.lIIp.
1514 2081 1591 2120 189
1612 2091 1724 2114 eum-

1073 2147 1148 2186 que
1179 2137 1256 2172 eius
1284 2148 1437 2171 sensum
1467 2147 1545 2170 esse
1574 2132 1722 2172 docuit:

1073 2192 1106 2226 si
1124 2203 1189 2227 non
1209 2191 1337 2228 maiore
1356 2203 1459 2239 quam
1478 2194 1516 2227 tu
1536 2193 1640 2240 atque
1657 2190 1725 2228 alii

1072 2248 1304 2293 Graecorum,
1344 2260 1427 2296 quos
1461 2259 1523 2294 ego
1539 2246 1634 2293 vidi,
1667 2260 1724 2284 ro-

1073 2303 1149 2339 bore
1162 2303 1319 2353 praediti
1343 2306 1514 2352 tantopere
1536 2303 1723 2351 gloriami-

1071 2360 1132 2406 ni,
1162 2360 1267 2396 inde
1295 2372 1344 2396 ne
1372 2371 1497 2396 vana
1526 2361 1626 2396 ista
1655 2362 1724 2397 ιά-

1071 2418 1221 2452 εΐαίίο
1248 2414 1419 2464 suerit.
1485 2414 1722 2452 Herodotum

1071 2469 1132 2507 liic
1152 2472 1404 2521 negligentius
1425 2471 1530 2522 loqui
1550 2470 1674 2519 addit,
1693 2472 1725 2508 si

1072 2526 1227 2579 quidem
1248 2527 1418 2578 apodosis
1435 2526 1482 2564 ad
1501 2528 1612 2564 aliam
1632 2540 1724 2578 pro—

1071 2591 1189 2621 taseos
1211 2586 1394 2621 rationem
1414 2585 1459 2620 sit
1478 2584 1724 2631 conformata,

1072 2642 1123 2677 ita
1150 2648 1193 2677 ut
1220 2641 1445 2691 particulam
1475 2635 1526 2678 ἄν
1556 2641 1722 2690 optativo

1073 2709 1193 2748 aeque
1234 2695 1372 2734 addere
1411 2702 1523 2747 atque
1549 2697 1723 2732 omittere

1073 2753 1187 2803 possis
1200 2781 1211 2800 ‚
1251 2766 1369 2804 quum
1402 2751 1495 2788 haec
1528 2753 1722 2803 particula,

1073 2808 1226 2861 quaudo
1246 2811 1284 2845 in
1297 2809 1412 2860 priori
1422 2808 1597 2846 orationis
1618 2814 1723 2859 parte
