1897 3340
23 989 115 1036 178

504 197 969 237 POLYMNIA.
1029 196 1130 234 VII.

1355 204 1439 244 ²19

182 321 242 362 μη
283 303 329 348 δέ
359 304 447 349 ἐστι
475 303 697 362 ἀγχοτάτω
726 310 801 363 τῆς
829 305 940 351 ὁδοῦ
963 303 1163 360 Ἀλπηνοὶ
1185 303 1366 361 οὔνομα·
1397 311 1445 353 ἐκ

184 647 325 700 βαροι,
375 642 475 688 ου’τε
511 644 649 698 ι’ππῳ,
690 643 827 701 ταύτη
859 656 938 700 σφι
969 645 1085 696 ἔδοξε
1115 644 1317 688 δέκεσθαι
1365 643 1443 687 τὸν

153 719 174 750 2³
189 710 366 756 ἐπιόντα
383 711 449 754 ἐπὶ
468 709 547 766 τὴν
555 710 759 756 Ελλαδα.
799 711 858 763 ὥς
879 713 924 756 ὁὲ
939 711 1159 755 ἐπύθοντο
1180 712 1257 755 τὸν
1272 711 1445 768 Πέρσην

182 779 311 822 ἐόντα
343 779 389 822 ἐν
418 780 588 835 Πιερίῃ,
612 780 889 832 διαλυθέντες
904 780 952 824 ἐκ
970 783 1051 823 τοῦ
1067 779 1262 835 Ἰσθμοῦ,
1293 781 1446 834 ἐστρα·

181 845 358 890 τεύοντο
407 843 556 888 αὐτῶν
596 848 638 889 οἱ
667 847 746 902 μὲν
783 847 827 899 ἐς
863 847 1148 902 Θερμοπύλας
1176 851 1292 904 πεζῇ,
1323 847 1446 892 ἄλλοι

182 914 229 957 δὲ
258 913 368 967 κατὰ
397 913 628 957 θάλασσαν
653 912 715 958 ἐπ’
743 913 1019 971 Ἀρτεμίσιον.
1455 922 1500 957 55

265 992 320 1035 Οἱ
357 992 436 1047 μὲν
466 992 519 1048 δὴ
539 992 740 1051 Ἕλληνες
770 994 878 1038 κατοὶ
902 994 1029 1051 τοῖχος
1051 994 1264 1052 ἐβοήθεον
1293 997 1440 1039 διατα-
1498 999 1658 1041 θῑᾷθΰῑωῡ
1683 999 1753 1026 ⁰⁰¹·

174 1219 373 1275 Ἀλπηνοὶ
409 1220 593 1274 οὕνομα]
674 1224 784 1275 Alope

121 1277 315 1331 (Ἀλόπη)
347 1279 484 1317 dicitur
509 1293 530 1316 a
554 1280 654 1317 Mela
677 1282 782 1329 11‚3

121 1339 160 1384 ὃ.
184 1341 222 1378 6.
245 1336 432 1388 stephan.
446 1339 540 1389 Byz.
558 1336 780 1377 etEustath.

121 1393 170 1431 ad
189 1393 298 1432 Iliad.
320 1395 368 1442 11,
391 1396 483 1435 682.
533 1393 645 1431 Unde
667 1395 782 1431 etiam

119 1447 335 1501 ’Λλοπίτης
378 1457 415 1487 et
452 1446 665 1497 Ἀλοπεύς.
723 1450 787 1488 Ad

123 1508 336 1544 Locrorum
348 1506 703 1558 Epicnemidiorum
724 1507 786 1544 di-

123 1565 270 1602 tionem
290 1563 393 1601 hunc
408 1577 548 1612 mcum,
575 1577 691 1616 quem
702 1565 783 1615 pri-

123 1634 235 1658 mum
254 1622 467 1657 Locrorum
478 1634 606 1658 versus
618 1622 780 1658 Melien·-

123 1691 182 1716 ses
209 1679 346 1714 Noster
375 1676 466 1714 dicit
485 1679 566 1723 VII,
590 1681 671 1719 216
693 1679 781 1718 coll.

125 1736 219 1781 229,
249 1735 420 1772 retuleris
441 1747 531 1771 cum
552 1734 782 1772 Tzschucke

126 1790 175 1828 ad
193 1792 284 1828 Mel.
305 1792 368 1828 l.l.
387 1805 425 1841 p.
448 1793 542 1832 270.
600 1793 651 1828 Et
679 1792 782 1829 conf.

127 1860 281 1900 quoque
304 1849 499 1893 *Manner'n
528 1847 600 1885 VII
632 1861 670 1898 p.
701 1848 782 1889 625

124 1917 206 1956 seq.
263 1906 384 1941 Kruse
414 1905 541 1940 Hellas
569 1905 617 1952 11,
640 1908 666 1945 2
694 1917 782 1955 pag.

128 1962 208 2000 120
227 1973 320 2012 seq.,
343 1961 409 2013 qui
423 1961 557 1997 urbem
576 1961 784 2011 probabili-

125 2023 183 2053 ter
213 2029 258 2053 eo
286 2018 371 2054 loco
400 2018 511 2054 sitam
547 2030 626 2054 esse
661 2019 782 2068 pouit,

127 2086 203 2125 quo
216 2074 358 2110 Gellius
379 2087 419 2110 se
440 2075 680 2124 conspexisse
689 2075 784 2111 scri-

126 2130 182 2166 bit
210 2129 363 2167 aedium
391 2129 576 2182 quasdam
606 2131 783 2182 reliquias

127 2185 167 2221 in
188 2187 283 2222 colle
303 2187 416 2239 sylvis
436 2194 548 2235 tecta,
577 2187 783 2225 laetissima

127 2243 168 2278 in
193 2243 351 2292 regione
382 2242 528 2280 duabus
548 2242 651 2281 horis
672 2257 694 2281 a
713 2245 783 2281 Li-

127 2298 297 2336 banitide
330 2313 360 2336 s.
389 2300 497 2350 Cyno
525 2300 688 2339 remota.
725 2322 783 2330 —-

129 2355 235 2401 Quae
251 2362 463 2407 sequuntur
472 2357 610 2394 verba:
634 2356 677 2397 ἐκ
688 2353 784 2397 ταύ-

127 2426 198 2463 της
225 2410 267 2451 δὲ
286 2411 565 2452 ἐπισιτιεῖσθαι
587 2412 786 2464 ἐλογίζον-

127 2483 172 2508 το
200 2468 242 2508 οἷ
263 2463 475 2519 ’,Ελληνες
508 2467 701 2506 indicant:
733 2483 782 2508 ex

127 2523 202 2562 hoc
232 2525 317 2563 vico
344 2525 582 2562 frumentum
608 2539 639 2563 s.
672 2538 783 2563 com-

127 2588 300 2619 meatum
319 2595 359 2619 se
380 2589 600 2633 accepturos
621 2595 720 2630 esse,
740 2596 781 2620 se

128 2639 184 2675 rei
213 2639 484 2676 frumentariae
514 2645 780 2690 prospecturos

128 2708 207 2733 esse
226 2696 423 2746 putabant.
481 2695 593 2732 Conf.
623 2696 692 2744 IX,
714 2696 781 2737 50.

128 2751 177 2848 g}
187 2759 248 2848 1et
267 2754 364 2795 Lex.
376 2751 627 2804 Xenophont.
646 2754 681 2789 11
692 2764 782 2804 pag.

996 1227 1087 1280 Cap.
1109 1229 1334 1268 CLXXVII.

895 1305 1251 1358 προσκεψάμενοι]
1281 1307 1391 1345 Idem
1409 1321 1499 1346 ver-

838 1361 933 1398 bum
968 1363 1048 1412 Vll,
1085 1368 1136 1406 10
1167 1367 1204 1411 ξ.
1226 1365 1263 1404 4.
1321 1365 1382 1403 Ad
1398 1372 1499 1402 stru-

845 1426 993 1456 cturam
1037 1423 1110 1459 loci
1152 1418 1498 1474 (προσκεψάμενοι

842 1474 910 1515 καὶ
945 1476 1266 1529 ἐπιλογισθέντες
1286 1501 1342 1506 —
1366 1491 1438 1529 σφι
1461 1478 1500 1519 ἕ-

841 1533 959 1583 ὃοξε)
983 1535 1084 1572 conf.
1105 1536 1232 1586 Viger.
1254 1535 1436 1573 Idiotism.
1459 1550 1500 1587 p.

838 1589 906 1632 55-
929 1590 1022 1631 345.
1041 1591 1125 1632 714
1150 1599 1187 1629 et
1207 1592 1295 1629 add.
1316 1591 1500 1644 Xenoph.

838 1647 962 1686 Anah,
984 1649 1050 1696 ΙΙΙ,
1073 1652 1111 1696 2,
1137 1652 1201 1689 12.
1225 1650 1363 1701 Cyrop.
1376 1649 1441 1697 IV,
1459 1653 1499 1700 2,

840 1707 880 1744 3.
907 1705 968 1752 vl,
995 1708 1029 1751 1,
1062 1708 1128 1746 31.
1149 1706 1285 1754 x‘11‚5‚
1309 1710 1374 1747 57.
1395 1707 1499 1756 v111,

841 1764 879 1808 2,
902 1759 968 1800 24.
986 1760 1132 1799 Duker.
1154 1761 1202 1799 ad
1213 1762 1395 1815 Thucyd.
1416 1764 1500 1812 VII,

841 1817 908 1857 42.
940 1819 1008 1858 70.
1065 1820 1200 1869 Neque
1231 1818 1308 1856 huc
1328 1833 1408 1856 non
1436 1821 1498 1857 fa-

841 1874 892 1910 cit
929 1873 1073 1912 Herod.
1108 1875 1207 1923 VIII,
1247 1878 1314 1916 87
1385 1875 1499 1922 Quod

838 1931 1009 1982 sequitur
1020 1927 1090 1980 ότι,
1112 1931 1298 1974 Valcken
1314 1945 1390 1985 quo
1403 1946 1500 1970 con-

839 1987 967 2025 veniat
987 1991 1162 2039 sequenti
1191 1985 1335 2042 ταύτῃ,
1367 1997 1498 2027 muta-

839 2049 924 2079 tum
943 2046 1092 2082 voluit
1082 2059 1122 2082 m
1142 2059 1194 2100 η,
1233 2047 1317 2083 sine
1342 2045 1497 2096 idonea,

840 2100 988 2150 opinor,
1023 2115 1148 2141 causa.
1206 2102 1268 2140 Ad
1288 2116 1401 2140 voces
1431 2100 1499 2143 τόυ

840 2153 1003 2196 ἐπιόντα
1024 2157 1088 2197 ἐπὶ
1105 2175 1178 2210 την
1196 2155 1373 2199 Ελλαδα
1393 2160 1498 2198 conf.

838 2214 920 2261 VII,
946 2216 1025 2256 157
1053 2222 1090 2252 et
1111 2214 1158 2252 de
1179 2215 1305 2255 Pieria
1330 2224 1428 2259 nott.
1448 2216 1498 2255 ad

837 2270 920 2319 VII,
945 2273 1037 2312 131.

894 2359 1181 2408 διαλυθέντες’
1164 2376 1205 2402 εκ
1219 2365 1293 2402 τοῦ
1301 2358 1496 2431 Ἰσθμοῦ]

836 2416 1026 2466 Vid.V11,
1050 2420 1144 2458 172.
1200 2420 1296 2457 Mox
1320 2433 1390 2472 pro
1422 2415 1496 2459 αὕ-

839 2471 938 2513 τὲων
959 2473 1048 2511 dedi
1069 2469 1216 2517 αυτῶν.

991 2563 1084 2615 Cap.
1105 2564 1350 2603 CLXXVIII.

891 2638 1091 2693 ἐβοήθεον
1121 2643 1423 2695 διαταχθέντες]
1465 2643 1492 2680 ἰ.

838 2711 873 2734 e.
903 2711 992 2735 eum
1024 2700 1064 2736 in
1103 2700 1265 2738 modum
1297 2701 1491 2747 distributi,

839 2754 1013 2806 dispositi,
1022 2757 1052 2794 si
1063 2757 1218 2809 quidem
1230 2758 1291 2793 alii
1305 2756 1353 2794 ad
1366 2756 1495 2794 Ther-

839 2813 1037 2865 mopylas,
1079 2814 1141 2850 alii
1168 2813 1218 2850 ad
1243 2814 1492 2852 Artemisium

25 363 118 411 177
183 370 344 427 ταύτης
374 375 420 418 δὲ
450 374 750 419 ἐπισιτιεῖσθαι
779 373 1018 427 ἐλογίζοντο
1051 374 1095 415 οἱ
1109 372 1327 427 Έλληνες.
1388 379 1442 420 Οῑ
1498 314 1638 403 Ξὸπῗῐιο
1631 375 1692 403 ¹¹³
1695 377 1738 409 t⁰

1499 411 1520 436 P
1525 418 1607 437 cccc
1616 410 1653 437 ad
1673 395 1774 436 uinum

182 438 261 495 μέν
289 457 374 484 τυν
402 446 539 498 χῶροι
568 437 686 486 οὗτοι
716 444 827 483 τοῖσι
853 439 1031 496 Ἐλλησι
1060 437 1172 484 εἶναι
1202 441 1436 494 ἐφαίνοντο
1495 443 1719 510 ’,ξῑῗξᾞοῖἰιῗῑῗιῗε
1761 456 1773 461 ’

184 507 409 564 ἐπιτηδεοι.
469 524 638 552 απαντα
667 524 750 562 γαρ
781 507 1155 564 προσκεψαμενοι,
1196 507 1271 550 καὶ
1300 506 1444 550 ἐπιλο-
1516 513 1524 551 ³.
1550 518 1638 543 ·2⁰⁰

181 576 416 632 γισθέντες,
448 576 512 620 ὅτι
544 575 644 618 οὔτε
681 577 837 630 πλήθει
867 576 1009 628 ἕξουσι
1048 581 1240 632 χρᾶσθαι
1270 576 1313 618 οἷ
1338 574 1444 631 βάο-
1459 575 1566 634 5013111
1587 585 1623 635 3

1500 617 1549 668 lli-s
1566 644 1602 668 Λι-
1619 652 1634 668 e

1500 679 1591 711 pctun
1608 695 1615 702 .

1504 1044 1521 1070 p
1535 1043 1571 1062 ns
1591 1034 1692 1061 datum
1713 1042 1720 1059 ι

1502 1069 1601 1097 ventis
1620 1071 1726 1095 contra
