1897 3340
412 212 1067 255 TERPSICHORE.
1128 213 1171 249 V.

1372 214 1457 253 223

156 326 366 370 Ξέκδιδοῖ.
411 323 732 379 συλλεχθέντων
763 321 808 364 δὲ
837 324 926 364 τῶν
952 324 1115 375 Καρῶν
1135 319 1344 369 ἐνθαῦτα,
1375 320 1457 376 ἐγί-

186 411 320 438 νοντο
350 392 506 448 βουλαὶ
547 389 676 433 ἄλλαι
715 406 760 433 τε
790 390 970 443 πολλαὶ,
1011 389 1084 432 καὶ
1126 387 1278 443 ἀρίστη
1307 404 1354 443 γε
1385 390 1455 432 δο·

187 464 350 506 κέουσα
379 458 489 503 εἶναι
526 459 621 514 ἐμοὶ
655 457 919 513 Πιξωδάρου
957 461 1038 501 τοῦ
1067 456 1342 507 Μαυσώλου,
1384 454 1451 499 οἷν-

187 529 291 583 δρός
320 527 553 578 Κινδυέος,
600 525 647 578 ὃς
677 531 758 570 τοῦ
789 529 985 570 Κιλίκων
1021 527 1224 583 βασιλέος
1263 524 1457 568 Συεννέ-

158 605 288 647 3σιος
325 593 407 651 εἶχε
436 596 671 650 θυγατέρα.
714 595 877 638 τούτου
916 598 996 638 τοῦ
1041 593 1205 650 ἀνδρὸς
1239 592 1266 649 ἡ
1305 590 1514 648 γνώμη95

186 665 337 720 ἔφερε,
370 663 610 720 διαβάντας
639 663 718 707 τόν
749 665 1015 717 Μαίανδρον
1044 661 1149 713 τοὺς
1182 665 1351 716 Κᾶρας,
1385 660 1459 703 καὶ

182 731 291 791 κατά
333 731 479 775 νώτου
518 732 694 788 ἔχοντας
733 731 812 774 τόν
855 730 1078 786 ποταμὸν,
1121 730 1236 774 οὕτω
1269 729 1457 786 συμβάλ-

183 804 294 843 λειν·
325 801 398 843 ἵνα
426 800 484 856 μή
517 801 684 856 ἔχοντες
713 800 851 843 ὀπίσω
884 798 1064 856 φεύγειν
1101 800 1144 850 ρῐ
1174 802 1338 852 Κᾶρες,
1381 796 1456 841 av'-

183 872 263 911 τοῦ
294 884 338 911 τε
367 869 512 924 μένειν
543 867 914 924 ἀναγκαζόμενοι,
954 870 1157 924 γενοίατο
1195 867 1254 910 ἔτι
1287 865 1457 922 ἀμείνο-

155 939 257 987 4νες
286 940 360 992 τῆς
389 935 563 991 φύσιος.
607 936 716 993 αὕτη
746 937 825 992 μέν
854 954 938 980 νυν
970 935 1052 979 οὐκ
1085 935 1206 979 ἐνίκα
1237 935 1262 992 ἡ
1293 934 1457 990 γνώμη,

185 1003 294 1047 ἀλλὰ
314 1010 428 1047 τοῖσι
454 1005 648 1062 Πέρσῃσι
666 1005 778 1048 κατὰ
799 1004 946 1049 νώτου
974 1007 1172 1060 γίνέσθαι
1189 1004 1267 1047 τὸν
1284 1005 1459 1046 Μαίαν-

186 1074 296 1125 δρον
325 1076 492 1128 μᾶλλον
520 1073 549 1130 ἢ
579 1076 727 1129 σφίσι·
766 1073 951 1130 δηλαδή,
983 1071 1039 1129 ἢν
1073 1072 1192 1129 φυγὴ
1221 1076 1309 1115 τῶν
1343 1075 1481 1126 Περ-1

187 1139 299 1183 σέων
331 1141 527 1197 γένηται,
558 1142 633 1185 καὶ
659 1141 907 1185 ἑσσωθέωσι
936 1145 988 1198 τῇ
1019 1144 1242 1198 συμβολῇ,
1285 1139 1344 1192 ὥς
1375 1138 1457 1184 οὐκ

127 1360 284 1414 quidem
306 1369 416 1398 antea
427 1360 646 1413 Chrysaoris
664 1368 699 1399 et
710 1364 792 1398 He-

127 1420 264 1455 catesia
286 1432 375 1455 cum
397 1419 606 1467 diceretur,
630 1421 676 1456 ab
696 1421 791 1470 ipso,

127 1476 190 1512 ubi
222 1477 343 1527 posita
365 1484 469 1522 erat,
500 1483 622 1513 tractu
643 1489 791 1527 cogno-

126 1546 213 1569 men
238 1532 357 1571 duxit.

183 1585 450 1642 Πιξωδάρου]
493 1591 546 1627 Ita
576 1602 644 1641 pro
684 1590 790 1639 vulg.

127 1642 360 1698 Πιξωδάρου
394 1646 481 1683 dedi
511 1660 601 1683 cum
632 1653 791 1684 recentt.

124 1704 311 1754 probante
331 1702 471 1740 Athen.
494 1706 551 1740 XI
580 1718 618 1754 p.
639 1703 724 1743 472
748 1705 791 1740 F.

125 1759 284 1797 Diodor.
313 1762 403 1797 XVI
421 1792 430 1809 ‚
481 1760 548 1801 74.
589 1760 793 1797 Accedunt

127 1830 282 1869 quoque
297 1819 406 1853 numi
424 1848 432 1866 ‚
462 1825 556 1854 teste
576 1818 794 1855 wesselin-

127 1875 204 1924 gio.
246 1875 311 1910 Tu
331 1874 408 1913 vid.
433 1874 579 1911 Rasche
599 1875 792 1915 Lex,Nn-

125 1932 254 1967 mism.
276 1932 326 1968 T.
350 1931 404 1968 ΠΙ
424 1933 469 1968 Ρ.
491 1935 516 1971 2
537 1934 696 1983 p.1386
716 1931 792 1967 ibi-

126 2001 202 2039 que
224 1987 352 2025 laudd.
373 1988 477 2025 unde
499 1988 677 2026 discimus
698 1989 791 2025 sub-

125 2044 216 2081 inde
245 2058 401 2098 quoque
430 2047 593 2083 inveniri
624 2050 727 2096 6p1'0
751 2046 788 2084 ὦ.

123 2102 217 2148 Mox
247 2116 317 2153 pro
349 2101 546 2149 Κινδυέος
576 2103 788 2139 palmerius

124 2159 217 2195 olim
246 2160 422 2196 substitui
443 2161 562 2197 voluit
598 2157 789 2206 Κνιδιέος

124 2222 167 2252 ut
189 2215 312 2264 ando,
336 2217 466 2253 Cariae
478 2216 632 2268 oppido,
655 2218 789 2261 oriun÷

126 2271 195 2309 dus
235 2274 510 2324 intelligeretur
540 2273 681 2320 hom03
725 2275 792 2326 quj

129 2342 220 2366 vero
234 2359 243 2377 ,
274 2337 315 2366 ut
337 2332 434 2366 bene
462 2332 612 2368 monuit
630 2332 793 2368 VVessess

129 2385 235 2436 ling„
252 2387 418 2434 Κνίδιος
431 2387 677 2439 appellandus
700 2395 792 2425 erat.

129 2443 208 2479 Nec
219 2445 342 2494 magis
362 2445 487 2494 placet
503 2446 673 2495 Bergleri
695 2458 791 2482 con—

129 2499 272 2536 iectura
313 2495 509 2548 Ἀλινδέος
540 2503 789 2550 rescribentis,

132 2569 180 2591 ex
209 2555 378 2604 Alindis‚
429 2558 560 2594 Cariae
581 2559 666 2596 loco
689 2558 791 2610 apud

128 2612 280 2649 Art-ian.
309 2613 458 2664 Exped.
490 2616 520 2663 I,
553 2614 620 2655 24.
678 2617 790 2663 Nam,

132 2666 270 2704 eodem
291 2671 514 2708 observante
534 2672 792 2722 VVesselingio

134 2722 219 2774 (qui
250 2723 298 2761 de
327 2725 401 2763 hoc
427 2729 527 2765 bello
549 2729 712 2765 conferri
731 2731 795 2765 iu·-

133 2780 198 2816 bet
228 2781 444 2820 Demonem
482 2787 521 2822 in
564 2784 727 2822 Scholiis
746 2785 795 2822 ad

134 2835 328 2888 Aristoph.
349 2839 450 2877 Plut.
469 2843 610 2892 1003),
629 2839 796 2890 Κινδῦς,

850 1356 1010 1412 Κινδύη
1043 1368 1079 1398 et
1113 1363 1235 1398 Diana
1273 1356 1454 1405 Κινδνάς
1474 1360 1513 1395 in

851 1420 982 1455 Cariae
998 1419 1134 1456 finibus
1148 1417 1250 1469 apud
1258 1418 1395 1468 Polyb.
1408 1416 1513 1463 XVI,

854 1478 916 1521 12,
940 1479 964 1516 3
987 1483 1023 1511 et
1053 1477 1231 1513 Strabon.
1261 1475 1351 1511 XIV
1372 1487 1409 1524 p.
1432 1473 1514 1514 658

849 1545 877 1569 s.
901 1535 982 1573 972
1002 1535 1061 1580 B„
1092 1534 1159 1569 ubi
1175 1533 1277 1569 conf.
1300 1531 1514 1568 casaubon.

848 1610 904 1617 —
917 1589 1102 1640 βασιλέος
1115 1589 1203 1627 dedi
1224 1602 1294 1640 pro
1308 1589 1513 1639 βασιλῆος.

849 1647 907 1682 De
932 1645 1105 1697 Syenuesi
1124 1646 1202 1684 vid.
1224 1653 1320 1683 nott.
1343 1644 1391 1681 ad
1406 1644 1514 1692 I,74.

906 1701 934 1754 ’ἦ
962 1701 1100 1755 γνώμη
1135 1703 1279 1755 ἔφερε]
1312 1704 1337 1738 i.
1367 1716 1399 1737 e.
1425 1700 1515 1738 Sen-

849 1762 962 1797 tentia
983 1764 1058 1798 eius
1076 1762 1242 1812 ferebat,
1273 1774 1310 1797 eo
1339 1759 1515 1795 tendebat.

847 1818 935 1853 Non
964 1819 1072 1855 aliter
1108 1819 1154 1865 V,
1193 1817 1286 1858 125.
1326 1817 1389 1861 VI,
1424 1817 1515 1854 110.

848 1875 949 1921 vlu,
988 1878 1079 1915 100.
1121 1876 1190 1921 lx,
1226 1876 1317 1913 120.
1348 1873 1414 1919 111,
1446 1873 1514 1918 77,

846 1932 913 1967 ubi
923 1930 1139 1982 vid.Attigit
1150 1931 1358 1968 dictionem
1368 1927 1516 1966 Sohae-

847 1988 915 2024 ser.
946 1988 994 2025 ad
1033 1990 1228 2026 Lambert.
1260 1989 1347 2025 Bos.
1368 1988 1426 2022 De
1446 1986 1516 2021 El-

846 2046 949 2096 liPSS.
972 2059 1060 2097 pag.
1084 2048 1160 2094 873
1206 2045 1253 2082 de
1283 2057 1359 2096 qua
1380 2041 1516 2079 eadem

846 2103 957 2153 plura
991 2103 1146 2140 daturus
1180 2110 1235 2139 est
1267 2102 1444 2139 Creuzer.
1467 2099 1515 2137 ad

846 2160 989 2197 Plotin.
1022 2174 1110 2212 pag.
1144 2162 1222 2202 159
1259 2160 1306 2197 A.
1379 2161 1516 2211 Neque

850 2230 1002 2267 prorsus
1024 2219 1194 2254 alienum
1215 2216 1320 2270 quod
1336 2217 1418 2263 Vll,
1436 2219 1513 2256 137

852 2281 973 2312 exstat
994 2272 1038 2314 το“
1059 2275 1216 2314 δίκαιον
1239 2271 1343 2313 οὕτω
1378 2273 1514 2325 ἔφερες

849 2334 907 2368 ius
938 2333 991 2369 ita
1021 2332 1187 2383 ferebat,
1223 2333 1279 2369 ita
1314 2344 1384 2381 par
1424 2333 1514 2367 erat.

848 2387 934 2426 Vid.
957 2402 1071 2440 supra
1085 2390 1132 2438 V,
1156 2389 1222 2430 58.
1246 2412 1297 2416 —-
1319 2389 1395 2425 Pro
1418 2383 1516 2426 κατὰ

848 2441 981 2484 νώτου
1002 2448 1041 2482 in
1071 2460 1178 2499 seqq.
1208 2445 1400 2483 Sancrofti
1420 2445 1517 2481 liber
1550 2486 1556 2490 .

848 2500 948 2541 nocto}
969 2505 1088 2552 νῶτα,
1110 2504 1224 2540 male.
1283 2503 1349 2540 Tu
1377 2501 1454 2540 vid.
1484 2503 1513 2548 Ι,

848 2562 887 2608 9,
909 2559 976 2601 75.

908 2617 1090 2667 γενοίατο
1124 2615 1178 2656 ἔτι
1217 2611 1427 2668 οἷμείνονες
1444 2618 1516 2665 τῆς

852 2669 1028 2724 φύσιος]
1060 2675 1085 2710 i.
1109 2688 1142 2713 e.
1164 2678 1206 2711 ut
1223 2675 1277 2712 vel
1297 2689 1363 2712 sua
1383 2677 1515 2711 natura

852 2734 963 2789 essent
989 2731 1158 2781 fortiores
1200 2744 1229 2768 s.
1263 2735 1303 2768 ut
1346 2730 1516 2780 fortissi-

853 2789 904 2824 mi
925 2789 1125 2825 existerent.
1184 2788 1516 2824 Bellicosissimam

853 2844 959 2879 enim
988 2844 1103 2881 fuisse
1145 2850 1301 2893 gentem
1350 2842 1515 2879 diximus
