1897 3340
518 236 550 271 P
582 235 612 272 ο
644 235 676 270 L
706 235 741 270 Y
769 233 810 269 M
838 232 918 279 Νι
943 232 991 269 A.
1054 233 1152 269 v11.
1393 240 1478 280 539

131 399 134 404 Ι
176 345 436 399 Ξμυριοὶδες.
491 342 807 398 Ἐξηρίθμησαν
839 340 884 384 δὲ
905 339 1033 386 τόνδε
1062 341 1140 385 τὸν
1162 341 1344 397 τρόπον.
1378 357 1476 389 συν·
1491 355 1534 388 85

208 413 443 470 αγαγόντες
481 411 523 463 ἐς
568 411 645 454 ἕνα
688 413 837 465 χῶρον
874 409 1068 465 μυριάδα
1098 409 1373 466 ἀνθρώπων,
1406 416 1480 457 καὶ

209 481 472 534 συνάξαντες
501 478 664 534 ταύτην
694 475 752 528 ὥς
782 475 969 533 μάλιστα
1001 474 1145 534 εἶχον,
1176 480 1479 535 περιέγραψαν

210 551 371 602 ἔξωθεν
407 547 571 591 κύκλον
589 559 596 568 ·

655 545 1003 601 περιγράψαντες
1052 547 1120 599 δὲ,
1178 547 1253 590 καὶ
1300 548 1477 602 ἀπέντες

205 617 309 668 τούς
349 617 555 673 μυρίους,
597 614 805 670 αἷμασιήν
843 615 1104 671 περιέβαλον
1143 615 1254 658 κατὰ
1292 617 1371 662 τὸν
1399 618 1477 663 κύ-

177 689 348 735 3κλον,
361 683 476 735 ὕψος
504 681 755 737 ἀνήκουσαν
784 681 913 738 ἀνδρὶ
944 683 987 734 ἐς
1016 682 1095 726 τὸν
1125 682 1347 739 ὀμφαλόν.
1379 687 1479 731 ταύ-
1489 695 1534 729 90

207 769 287 808 την
326 751 372 794 δὲ
405 750 686 806 ποιησαντες,
728 749 888 801 ἄλλους
930 751 1179 808 ἐσεβίβαζον
1227 753 1269 804 ἐς
1307 753 1356 797 τὸ
1405 771 1477 798 πε-

208 818 624 874 ριοικοδομημένον·
656 818 803 875 μέχρις
833 812 887 861 οὗ
915 818 1082 871 πάντας
1111 819 1253 876 τούτῳ
1283 825 1344 879 τῷ
1374 823 1478 879 196-

202 903 270 943 πῳ
299 886 607 946 ἐξηρίθμησαν.
638 885 962 944 ἀριθμήσαντες
991 890 1058 943 δὲ,
1087 905 1199 933 κατα
1230 889 1361 934 ε’θνεα
1392 891 1476 936 διέ-

201 964 376 998 τασσου.

144 1153 219 1192 loci
239 1153 315 1195 vid.
331 1153 468 1192 Matth.
496 1154 563 1191 Gr.
586 1155 652 1194 Gr.
675 1155 713 1200 ξ.
729 1152 812 1196 428

144 1223 233 1262 pag.
255 1213 352 1252 794.

201 1283 268 1307 και
280 1264 522 1316 συναξαντες
532 1264 698 1319 ταύτην]
714 1269 812 1305 Cum

144 1326 430 1376 participium>
411 1320 702 1376 συναγαγόντες
722 1339 813 1376 pro—

144 1383 249 1419 xime
270 1382 512 1430 antecedens,
533 1382 724 1431 colligendi
742 1383 808 1419 ha·

144 1440 232 1476 beat
253 1441 472 1487 notionem,
493 1439 610 1476 verbo
640 1435 810 1487 συναξαι

144 1497 383 1546 constipandi,
421 1496 638 1545 coarctandi,
660 1499 809 1548 compri-

144 1553 263 1590 mendi
301 1555 501 1591 notionem
533 1554 727 1602 tribuunt,
767 1561 811 1591 ut

144 1609 248 1660 apud
267 1611 434 1661 Longin.
457 1612 516 1646 De
538 1611 636 1649 subl.
659 1624 699 1661 p.
726 1613 810 1651 252

144 1666 226 1718 [cp.
248 1665 302 1708 42
324 1669 361 1714 §.
385 1668 427 1716 1]
450 1666 632 1719 Xenoph.
664 1668 807 1716 [Anah.

141 1724 173 1770 1,
191 1724 215 1764 5
228 1725 264 1770 ξ.
282 1727 344 1774 10,
367 1725 434 1761 ubi
444 1727 621 1776 συνῆγον
632 1723 699 1763 καὶ
717 1736 808 1764 συν-

143 1778 305 1829 έσπων]
346 1788 384 1818 et
417 1780 561 1818 Athen.
583 1783 639 1818 XI
661 1795 699 1832 p.
727 1780 808 1822 474

141 1838 188 1873 E.
207 1837 290 1885 (ubi
301 1837 583 1889 συνηγμένον).
595 1837 675 1875 Sed
688 1851 810 1890 quum

144 1893 318 1930 eiusdem
336 1895 443 1932 verbi
460 1895 502 1931 in
523 1894 669 1932 diversa
690 1896 811 1945 sigui-

142 1949 320 1987 ficatione
358 1952 471 2002 positi
510 1952 683 2002 repetitIO
724 1951 811 1989 duri

143 2006 236 2059 quid
247 2006 396 2056 habeat,
418 2007 547 2046 Reisk.
560 2017 596 2046 et
608 2007 810 2059 Schweig-

143 2062 274 2102 haeus.
297 2065 411 2117 (quos
430 2073 643 2117 sequuntur
658 2067 752 2103 Miot
773 2073 809 2103 et

143 2120 363 2172 Bekkerus)
386 2135 455 2173 pro
473 2118 810 2170 συνάξαντεςιηει-

143 2178 298 2216 luerunt
337 2175 603 2227 συννάξαντες
642 2193 664 2217 a
691 2180 809 2218 verbo

146 2231 388 2274 συννάσσειν
426 2238 630 2287 constipare,
663 2239 811 2287 compri-

146 2302 246 2338 mere,
278 2293 383 2329 cuius
411 2293 534 2329 simile
561 2290 811 2341 κατανάξαν-

147 2361 208 2392 τες
226 2348 441 2385 invenimus
461 2350 542 2397 VII,
557 2353 623 2397 36,
645 2351 712 2387 ubi
731 2350 808 2390 vid.

147 2409 245 2439 nott.
304 2403 382 2440 Sed
401 2402 475 2441 hoc
502 2407 559 2442 uti
577 2419 655 2443 non
675 2421 812 2445 neces-

149 2459 291 2495 sarium
312 2460 364 2496 ita
383 2461 497 2497 nimis
516 2464 746 2513 exquisitum
757 2466 814 2502 vi-

150 2513 261 2552 detur
288 2517 496 2553 Letronnio
516 2518 556 2553 in
575 2519 749 2557 Journal.
770 2520 809 2558 d.

149 2571 240 2610 Sav.
266 2574 470 2622 1817pag.
493 2572 560 2620 49,
582 2576 659 2625 qui,
680 2577 751 2612 nisi
770 2577 811 2613 iu

149 2628 303 2679 vulgata
371 2629 702 2680 acquiescendum,
770 2632 811 2670 id

151 2698 271 2721 unum
291 2684 374 2721 fieri
393 2698 502 2736 posse
522 2687 740 2735 arbitratur,
767 2696 811 2726 ut

150 2754 220 2791 pro
230 2753 302 2780 συι
307 2758 404 2794 αγαγ
408 2739 517 2788 ὄντες
536 2750 700 2793 ponatur
711 2756 810 2783 συν-

150 2792 300 2850 ήγαγόν
329 2813 383 2837 τε.
439 2800 573 2851 Neque
601 2812 690 2837 vero
719 2799 810 2839 huic

154 2853 445 2892 emendationi
434 2869 513 2906 lpse
551 2857 718 2894 multum
746 2859 809 2895 tri-

867 1155 935 1191 bui
955 1156 1037 1192 vult
1057 1156 1114 1194 vir
1136 1154 1394 1205 doctissimus,
1416 1156 1534 1210 idque

868 1213 1026 1260 merito,
1072 1214 1102 1251 si
1125 1213 1218 1265 quid
1248 1213 1374 1251 video.
1433 1217 1534 1252 Mat-

868 1267 970 1306 thiae
993 1270 1139 1322 (quem
1169 1272 1270 1308 conf.
1298 1273 1337 1307 in
1359 1272 1533 1311 Graunn.

871 1328 937 1365 Gr.
961 1329 997 1372 ξ.
1020 1330 1103 1367 222
1125 1327 1411 1379 pag.429)p10
1437 1343 1534 1369 συν-

871 1379 1036 1431 οἷξαντες
1068 1386 1237 1435 reposuit
1258 1382 1533 1435 συνταξαντες,

867 1441 984 1493 idque
1007 1442 1146 1478 etiam
1136 1456 1176 1478 m
1193 1441 1534 1481 Tauchnitziiedi-

837 1537 842 1543 ,
866 1499 971 1534 tione
982 1507 1190 1549 comparet,
1203 1512 1442 1552 quamquam
1457 1502 1536 1537 mi—

867 1568 939 1592 nus
959 1557 1164 1592 convenire
1191 1555 1392 1606 videntur,
1434 1571 1534 1624 quae

867 1613 1050 1649 continuo
1070 1614 1344 1651 subiiciuntur:
1369 1630 1424 1662 ως
1453 1631 1532 1666 μα-

865 1671 977 1708 λιστα
1009 1665 1139 1721 εἶχον,
1171 1671 1283 1708 allata
1314 1672 1360 1708 ab
1393 1672 1534 1709 eodem

864 1725 1002 1764 matth.
1032 1727 1058 1764 l.
1089 1728 1116 1764 l.
1148 1728 1186 1773 ξ.
1217 1726 1294 1768 461
1327 1741 1413 1779 pag.
1437 1729 1534 1770 858.

864 1785 943 1820 Nec
964 1784 1086 1834 magis
1108 1786 1354 1833 conveniunt,
1373 1799 1473 1837 quae
1493 1787 1535 1822 in

865 1838 979 1877 huius
1008 1842 1138 1891 capitis
1159 1841 1235 1877 fine
1254 1842 1436 1892 leguntur
1461 1857 1535 1881 κα·-

866 1893 915 1934 τὰ
955 1895 1078 1936 ἔθνεα
1118 1896 1338 1937 διέτασσον.
1398 1901 1534 1951 Itaque

865 1954 1063 2003 vulgatam
1102 1955 1311 1991 lectionem
1348 1955 1534 1993 intactam

864 2011 1080 2062 relinquere
1100 2012 1306 2048 consultius
1328 2011 1442 2061 duxi,
1464 2027 1536 2050 cu-

863 2068 922 2104 ius
953 2066 1015 2104 hic
1044 2067 1140 2104 mihi
1159 2067 1309 2106 videtur
1342 2083 1421 2106 esse
1441 2084 1534 2107 seu-

864 2136 948 2161 sus:
1009 2124 1183 2172 „Coactis
1203 2128 1240 2162 in
1272 2139 1381 2163 unum
1421 2127 1533 2165 locum

867 2181 981 2218 decem
997 2182 1171 2220 hominum
1199 2183 1354 2220 millibus
1380 2187 1412 2220 et
1427 2197 1532 2234 quam

865 2240 1017 2275 maxime
1027 2240 1115 2290 fieri
1126 2243 1280 2291 poterat,
1311 2243 1531 2291 constipatis,

867 2296 979 2332 orbem
1015 2298 1229 2334 extrinsecus
1249 2299 1533 2348 circumscripse-

866 2365 924 2397 re‚·
956 2364 1022 2402 quo
1043 2353 1148 2390 ducto
1176 2353 1356 2404 decemque
1377 2355 1532 2392 millibus

867 2409 950 2447 inde
979 2409 1151 2459 dimissis,
1182 2414 1370 2448 maceriam
1398 2415 1529 2450 circum

869 2469 964 2504 circa
995 2466 1057 2503 Ιιοε
1084 2470 1124 2505 in
1164 2468 1241 2504 orbe
1277 2473 1459 2506 erexerunt
1488 2482 1529 2506 ea

870 2523 1073 2571 altitudine,
1102 2528 1143 2561 ut
1164 2524 1311 2562 hominis
1330 2525 1533 2562 umbilicum

871 2579 938 2615 illa
958 2582 1192 2629 attingeret.“
1243 2583 1388 2619 Vocem
1411 2582 1531 2630 αἵμα-

868 2632 961 2685 σιήν
981 2640 1151 2676 maceriae
1171 2651 1201 2675 s.
1221 2641 1315 2675 muri
1342 2639 1532 2688 siguifica-

866 2692 970 2728 tione
990 2692 1153 2732 vidimus
1174 2696 1203 2742 1,
1229 2696 1322 2735 180.
1379 2693 1482 2730 Add.
1500 2695 1530 2740 Ι,

867 2750 960 2788 190.
980 2750 1027 2796 II,
1050 2753 1175 2791 69.--
1199 2749 1262 2786 Ad
1273 2751 1531 2787 accusativum

826 2830 831 2842 ι
864 2799 975 2853 ’ν’ψος
1002 2807 1043 2842 in
1063 2820 1170 2858 seqq.
1190 2807 1291 2844 conf.
1313 2805 1449 2846 Matth.
1463 2807 1530 2843 Gr.

866 2861 934 2897 Gr.
957 2874 1049 2913 pag.
1071 2862 1166 2904 794.
