1897 3340
417 225 501 265 388

826 221 1282 260 HERODOTI

87 341 310 377 vo¹cmarc¹1u1⁴2
329 345 362 370 ct
417 330 521 384 θός·
569 329 655 376 ἀπὸ
695 330 738 376 δ’
773 331 903 376 ἔθανε
939 332 1026 374 τῶν
1072 330 1322 386 στρατηγῶν
1369 329 1615 386 Στησίλεως
1651 328 1675 372 ὁ

87 378 237 404 snt-silaus
272 385 359 412 prat>

86 415 142 438 tor.
164 410 330 445 Cynaegiri

86 444 205 471 san-inus
229 451 348 472 ‘memo-

88 478 197 506 rabile.

87 670 215 704 Persae,
233 669 361 696 navibus

87 705 196 740 raptim
220 710 360 740 com-scen<

88 739 148 767 sis,
175 739 322 771 protunus‘

89 771 256 798 l'hzssenun
275 777 330 807 pe-

88 809 172 833 tunt:

426 397 677 455 Θρασύλεω·
721 403 853 443 τοῦτο
895 399 960 452 δὲ,
999 400 1286 453 Κυναίγειρος
1326 394 1349 440 ὁ
1388 394 1682 453 Εὐφορίωνος
1738 411 1819 452 492
1866 384 1868 447 s

425 468 643 514 ἐνθαῦτα,
696 465 1003 522 ἐπιλαβόμενος
1041 469 1128 507 τῶν
1166 462 1401 519 ἀφλάστων
1436 463 1563 520 νηὸς,
1601 463 1682 518 τήν

420 539 542 590 χεῖρα
579 532 817 584 ἀποκοπεὶς
857 531 1043 582 πελέκεϊ,
1088 532 1252 573 πίπτει·
1293 534 1423 574 τοῦτο
1455 532 1520 582 δὲ,
1561 529 1686 573 ἄλλοι

259 603 360 649 115
413 600 659 658 Ἀθηναίων
687 600 842 643 πολλοί
880 613 925 641 τε
953 599 1030 642 καὶ
1052 596 1303 652 ὀνομαστοί.
1356 597 1488 640 Ἑπτὰ
1520 598 1599 652 μὲν
1631 596 1742 653 δὴ9ο

419 672 508 712 τῶν
554 669 668 710 νεῶν
706 665 999 722 ἐπεκράτησαν
1038 664 1183 723 τρόπῳ
1222 663 1406 723 τοιούτῳ
1446 663 1682 720 Ἀθηναῖοι.

421 739 521 792 τῇσι
550 733 597 777 δὲ
629 737 807 790 λοιπῇσι
837 734 880 777 οἱ
908 731 1122 789 βάρβαροι
1142 730 1580 789 ἐξανακρουσάμενοι,
1609 731 1684 775 καὶ

365 908 422 945 nis
435 935 445 955 ‚
465 919 588 958 nuper
600 902 724 942 editae
744 904 790 940 ab
810 903 840 942 I.
855 902 898 940 C.
911 901 1026 940 Orelli

365 965 487 1015 (Lips.
514 962 659 1012 1819),
692 960 757 1011 qui
787 961 824 1005 ξ.
846 962 871 1000 7
892 973 929 1010 Ρ.
960 961 1023 1007 12,

364 1021 600 1072 reliquorum
616 1016 840 1066 scriptorum
851 1017 1025 1052 testimo-

365 1078 429 1114 nia
450 1075 496 1112 de
517 1070 750 1111 Callimacho
780 1072 925 1119 attulit,
957 1073 1020 1107 in-

365 1140 423 1170 ter
452 1144 547 1184 quos
576 1131 642 1167 Tu
672 1127 751 1169 vid.
784 1129 1026 1179 potissimum

365 1187 521 1226 Aristid.
560 1183 724 1223 Panath.
753 1185 771 1220 I
800 1197 888 1236 pag.
930 1186 1027 1224 216.

366 1245 516 1282 Aelian.
529 1245 575 1280 N.
591 1244 640 1280 A.
661 1242 743 1289 Vll,
766 1243 831 1281 38.
862 1242 1027 1277 Pausan.

340 1327 343 1330 -
366 1303 397 1349 1,
422 1301 485 1348 15,
508 1299 546 1348 4,
570 1300 634 1351 qui
653 1304 793 1345 narrat,
822 1298 863 1333 iu
883 1295 1030 1347 pictur&

366 1356 451 1404 ill-21,
471 1368 643 1407 pugnam
660 1352 939 1391 Marathoniam
960 1365 1031 1388 ex-

366 1412 544 1460 hibente,
576 1424 651 1464 qua
679 1410 825 1462 poecile
847 1416 1029 1446 exornata

367 1471 451 1517 fuit,
474 1470 644 1506 maxime
660 1467 908 1517 conspicuum
917 1466 1030 1502 fuisse

375 1525 636 1563 Callimachum
666 1531 780 1575 atque
806 1521 1030 1559 Miltiadem.

368 1581 470 1619 Add.
494 1583 678 1629 Hermog.
691 1581 1030 1630 Progymnasmm.

369 1639 499 1690 ibique
528 1637 661 1675 Walz.
693 1634 848 1684 (Rhett.
872 1636 1030 1672 Graece.

368 1694 420 1744 1)
449 1706 538 1744 pag.
559 1696 626 1733 39.
641 1712 690 1720 --
721 1691 784 1728 Ad
795 1692 909 1729 verba
927 1686 1030 1742 α’νήρ

369 1749 582 1804 γενόμενος
614 1743 766 1802 οἷγαθὸς
803 1747 902 1784 conf.
934 1753 1031 1783 nott.

371 1805 421 1844 ad
450 1807 496 1853 V,
529 1809 566 1852 2,
601 1811 637 1841 et
658 1804 706 1841 ad
734 1805 929 1856 sequentia
951 1804 1032 1841 τῶν

372 1863 603 1915 στρατηγῶν
639 1861 862 1911 Στησίλεως
888 1859 1031 1896 confer.

371 1917 508 1956 Matth.
532 1919 597 1955 Gr.
621 1918 687 1954 Gr.
708 1929 797 1967 pag.
818 1917 913 1956 629.
970 1914 1033 1951 Ad

373 1988 517 2012 nomen
549 1970 761 2025 Θρασύλεω
789 1973 837 2010 cf.
859 1970 1033 2008 Boeckh.

373 2034 414 2068 in
436 2031 623 2080 Inscriptt.
646 2030 802 2066 Graeco.
824 2029 937 2079 Corp.
957 2030 974 2064 Ι
994 2041 1034 2078 p.

377 2089 458 2128 887
472 2116 481 2134 ,
522 2087 587 2122 ubi
616 2087 799 2133 observat,
818 2084 939 2121 videri
961 2097 1035 2120 no-

376 2155 468 2179 men
507 2138 710 2194 Θρασύλος
744 2155 774 2178 S.
806 2138 1035 2191 Θράσυλλος

376 2211 455 2235 non
468 2211 487 2234 a
500 2211 593 2235 voce
612 2194 768 2248 θρασὺς
779 2195 1032 2242 deminutum,

378 2254 445 2292 sed
465 2255 587 2304 potius
607 2266 686 2289 esse
704 2266 773 2303 pro
803 2249 1036 2302 Θρασύλαος

379 2324 408 2348 s.
441 2307 672 2360 Θρασύλεως
705 2310 773 2357 (ut
802 2309 839 2344 in
862 2307 933 2344 hoc
955 2309 1035 2342 He-

382 2365 505 2403 rodoti
526 2367 607 2402 loco
638 2372 674 2401 et
706 2378 766 2416 ap.
798 2363 940 2400 Athen.
963 2364 1036 2399 XII

380 2436 420 2472 p.
451 2421 529 2464 554
559 2423 604 2458 E.
637 2421 724 2458 coll.
752 2421 900 2457 Aelian.
922 2420 966 2458 V.
988 2421 1037 2456 Η.

382 2479 446 2526 IV,
465 2478 563 2527 25.).

443 2533 734 2585 Κυναίγειρος]
756 2534 799 2569 In
820 2533 1036 2569 Florentino

386 2604 429 2628 ac
467 2589 639 2626 Mediceo
690 2596 743 2625 est
787 2587 1037 2640 Κυνέγειρος,

387 2645 491 2700 quod
505 2645 711 2692 Schaeser„
728 2644 860 2682 matth.
884 2652 919 2681 ot
932 2644 1037 2681 Bek-

387 2702 470 2740 ker.
491 2704 724 2739 retinuerunt
745 2701 924 2752 qnodque
943 2714 1039 2751 poe-

386 2768 511 2797 tarum
526 2772 602 2797 esse
619 2760 669 2795 nit
680 2758 842 2794 wessel.
855 2756 1039 2807 Schwgh.

388 2816 550 2854 conferri
579 2816 659 2855 vult
687 2815 831 2854 lacobs.
865 2813 913 2852 ud
933 2815 1041 2852 Ana-

1081 904 1184 940 lectt.
1202 901 1372 940 Brunck.
1390 903 1441 940 T.
1462 904 1498 939 ΙΙ
1517 916 1555 953 p.
1578 903 1658 942 200
1687 900 1740 937 T.

1081 961 1138 995 IX
1158 974 1196 1010 p.
1217 962 1295 999 110
1319 960 1464 996 Iacobs.
1486 957 1642 995 Anthol.
1662 958 1740 994 Pa-

1082 1017 1148 1052 lat.
1177 1017 1227 1053 T.
1248 1016 1284 1051 ΙΙ
1313 1028 1400 1066 pag.
1432 1017 1526 1055 600.
1585 1015 1636 1050 At
1655 1014 1743 1050 vul-

1081 1079 1211 1122 gatam
1227 1073 1452 1122 scripturam
1472 1071 1639 1107 referunt
1652 1070 1745 1106 Sui-

1083 1128 1148 1165 das
1169 1129 1218 1166 T.
1240 1129 1275 1164 Π
1297 1141 1327 1165 s.
1342 1142 1378 1167 v.
1400 1142 1439 1178 p.
1456 1127 1549 1176 395,
1570 1127 1744 1173 Polemo,

1082 1185 1124 1221 in
1152 1185 1323 1221 oratione
1350 1183 1503 1221 laudata
1519 1212 1529 1229 ‚
1568 1182 1643 1235 quit
1664 1183 1743 1234 Cy-

1084 1242 1230 1291 naegiri
1242 1242 1386 1277 fucinus
1408 1240 1633 1277 luculentius
1653 1252 1743 1289 per-

1085 1299 1265 1349 sequitur,
1287 1298 1350 1334 alii
1371 1298 1417 1333 ab
1433 1296 1575 1333 Orellio
1591 1295 1743 1332 excitati

1085 1361 1197 1391 testes
1231 1366 1320 1404 pag.
1349 1355 1395 1401 4,
1435 1354 1532 1389 inter
1553 1365 1645 1404 quos
1678 1353 1744 1388 Tu

1085 1411 1324 1461 potissimum
1352 1409 1452 1446 conf.
1486 1407 1678 1445 Plutarch.
1707 1408 1744 1444 Π

1086 1481 1124 1517 p.
1138 1468 1217 1507 305
1229 1468 1274 1503 B.
1290 1467 1534 1512 C.1ustin.ll,
1547 1468 1585 1507 9.
1607 1466 1744 1502 Tzetz.

1087 1522 1186 1559 Chii.
1213 1524 1243 1570 Ι,
1273 1525 1370 1563 867.
1427 1523 1545 1559 Teste
1579 1520 1697 1559 suida
1717 1521 1744 1562 l,

1086 1580 1112 1616 l.
1128 1578 1186 1615 hic
1201 1580 1433 1630 Cynaegirus
1454 1580 1523 1615 fuit
1543 1578 1744 1615 fraterAe-

1086 1634 1220 1686 scbyli,
1239 1641 1386 1685 poetae.

1165 1687 1450 1741 ἐπιλαβόμενος
1495 1691 1577 1728 τῶν
1614 1685 1744 1739 α’φλά-

1089 1759 1190 1786 στων
1211 1745 1335 1797 νηὸς]
1367 1749 1392 1783 i.
1415 1761 1448 1784 e.
1470 1747 1630 1783 manibus
1651 1747 1746 1782 arri-

1085 1805 1184 1855 piens
1219 1804 1394 1853 aplustria
1429 1804 1535 1839 navis
1565 1815 1594 1839 s.
1630 1814 1746 1838 orna-

1089 1867 1218 1896 menta
1238 1861 1276 1895 in
1299 1866 1468 1896 extrema
1487 1859 1606 1909 puppi
1626 1859 1747 1895 collo-

1090 1918 1166 1953 cari
1186 1916 1318 1964 solita,
1343 1914 1462 1967 qtium
1482 1912 1529 1953 τά
1549 1909 1746 1965 ἄκροστύ-

1089 1976 1154 2011 λια
1174 1979 1287 2024 atque
1307 1970 1354 2010 tc}
1381 1969 1583 2022 κόρυμβα,
1615 1984 1635 2006 a
1657 1970 1745 2022 qui-

1090 2030 1158 2065 bus
1172 2057 1181 2075 ‚
1218 2036 1261 2065 ut
1291 2035 1435 2065 veteres
1457 2026 1593 2063 docent
1613 2039 1746 2077 gram-

1089 2085 1239 2131 matici,
1270 2085 1387 2134 probe
1413 2084 1677 2120 discernuntur
1696 2079 1744 2121 τοὶ

1089 2137 1293 2187 ἅφλαστα,
1334 2139 1382 2176 ad
1420 2141 1577 2175 navium
1616 2152 1747 2189 proras

1088 2197 1313 2246 pertineant.
1361 2195 1445 2233 Vid.
1477 2194 1682 2232 Ruhnken.
1704 2196 1746 2231 in

1089 2254 1281 2288 Dissertat.
1297 2250 1344 2288 de
1361 2253 1482 2289 tutelis
1496 2253 1650 2288 navium
1672 2259 1747 2288 etc.

1092 2310 1250 2358 Opnscv..
1272 2321 1358 2358 pag.
1390 2309 1484 2348 295.
1540 2310 1585 2344 Ιιι
1614 2308 1747 2344 Glossa

1094 2364 1309 2401 Ilm-odmen
1330 2366 1489 2415 legitur:
1521 2361 1747 2413 ἄφλαστον·

1096 2418 1137 2460 τὸ
1175 2419 1299 2472 ἄκρον
1336 2423 1408 2471 τῆς
1453 2418 1654 2471 πρύμνης.
1689 2439 1747 2447 --

1093 2480 1218 2528 Ipsam
1239 2490 1338 2525 rem,
1369 2478 1415 2514 ab
1437 2476 1630 2514 Herodoto
1650 2488 1747 2527 pau-

1095 2537 1146 2571 cis
1167 2532 1371 2570 indicatam
1386 2563 1395 2581 ,
1428 2534 1598 2584 pluribus
1618 2545 1748 2583 perse-

1096 2591 1225 2642 qnitm‘
1242 2591 1400 2626 Polemo
1421 2591 1445 2626 l.
1468 2591 1492 2626 1.
1513 2591 1529 2625 1
1550 2591 1587 2635 ξ.
1614 2592 1638 2630 9
1659 2600 1749 2640 pag.

1098 2646 1148 2687 14
1169 2647 1284 2683 Orell.
1307 2653 1342 2682 et
1362 2658 1468 2697 seqq.

1308 2702 1399 2754 Cap.
1421 2701 1537 2739 CXV.

1152 2755 1554 2810 ἐξανακρουσάμενοι]
1589 2757 1614 2793 ἰ.
1637 2769 1670 2793 e.
1697 2756 1750 2792 ci-

1097 2817 1184 2854 tatis
1204 2829 1235 2854 s.
1257 2815 1374 2854 valide
1387 2816 1542 2867 pulsatis
1562 2814 1665 2851 remis
1681 2822 1752 2849 sese
