1897 3340
49 355 117 402 56
175 354 260 407 πρὸ
288 356 381 395 τοῦ.

428 172 1086 214 TERPSICHORE.

1150 175 1196 210 V·
1394 179 1451 217 89

182 284 275 328 ἔτεα
313 283 490 336 τέσσερα
530 280 665 325 οὐδὲν
708 276 868 337 ἧσσον,
917 279 1025 324 ἄλλα
1063 282 1136 324 καὶ
1174 283 1362 337 μᾶλλον,
1409 283 1438 339 ἦ

428 349 484 393 Ἡ
507 348 586 405 μέν
614 365 698 392 νυν
728 349 828 400 ὄψις
857 353 936 392 τοῦ
961 348 1196 403 Ἱππάρχου
1228 349 1437 392 ἐνυπνίου
1496 352 1660 380 ⁰¹⁰³2⁸⁸¹0
1679 363 1718 383 οε

1496 392 1593 413 nanus
1616 389 1750 416 Αττιεικ.

178 417 234 477 ἦν
271 420 358 476 ἥδε.
416 418 463 461 ἐν
498 420 551 474 τῇ
587 416 776 473 προτέρῃ
812 417 938 459 νυκτὶ
976 421 1064 459 τῶν
1107 417 1439 472 Παναθηναίων

176 486 320 533 ἐδόκεε
351 484 651 541 ὁἽππαρχος,
688 483 829 540 ἄνδρα
860 487 904 528 οἱ
932 482 1164 528 ἐπιστάντα
1193 484 1329 540 μέγαν
1361 484 1490 528 καὶ70

177 554 340 600 εὐειδέα
370 555 643 596 αἰνίσσεσθαι
672 555 774 597 τάδε
803 553 855 596 τὰ
876 553 1003 597 ἔπεα’

143 639 166 671 2
358 633 480 676 Τλῆθι
502 631 592 666 λέων
616 627 756 677 ἄτλητα
774 631 914 668 παθών
940 630 1107 676 τετληότι
1126 631 1255 676 θυμῷ·

348 687 470 731 οὐδεὶς
493 687 708 735 ἀνθρώπων
728 687 869 725 α’δικῶν
889 690 984 725 τίσιν
1005 687 1075 725 οὐκ
1094 686 1264 724 ἀποτίσει

118 865 243 902 verius
269 863 567 902 Alcmaeonidae
608 864 780 902 Athenas

118 919 391 973 ἐλευθέρωσαν
421 920 551 973 [quod
572 920 676 959 idem
694 935 781 959 me-

120 979 191 1014 rito
212 979 395 1028 placuisse
414 978 526 1015 video
548 979 591 1016 C.
613 981 656 1016 F.
678 981 737 1016 He
758 1000 777 1006 -

117 1048 263 1072 manno
284 1036 322 1071 in
334 1034 539 1072 Lehrbuch
552 1043 623 1073 etc.
646 1038 682 1081 ξ.
701 1039 779 1077 110

115 1104 207 1142 pag.
237 1093 372 1140 208],
401 1093 474 1140 Vl,
500 1095 600 1142 1233
639 1100 676 1129 et
705 1093 777 1129 suit

116 1149 276 1199 Hippias
320 1149 566 1186 exacerbatus
610 1149 775 1186 fraterna

116 1205 234 1242 caede
257 1205 335 1253 [V,
357 1207 435 1254 62]
458 1213 563 1256 patre
584 1206 775 1257 fratreque

116 1263 231 1312 longe
251 1259 606 1314 τυραννικώτερος,
627 1264 776 1299 Aristo-

117 1320 226 1369 giton
257 1325 292 1354 et
312 1318 448 1355 sodalis
478 1331 557 1355 non
578 1317 776 1357 habeban—

118 1382 180 1412 tur
209 1381 378 1420 tantum,
408 1382 452 1412 ut
479 1383 608 1424 erant,
638 1383 776 1427 tyran-

117 1431 288 1478 nicidae,
318 1430 385 1468 sed
415 1432 532 1482 vulgo
563 1431 776 1469 laudaban-

116 1495 178 1525 tur
197 1486 369 1535 Athenis,
391 1495 590 1540 tamquam
610 1490 676 1541 qui
687 1490 776 1525 sub-

114 1545 190 1581 lata
231 1543 435 1595 tyrannide
481 1558 591 1581 suam
629 1547 775 1597 patriae

115 1600 367 1638 reddidissent
385 1602 639 1639 libertatem.“
672 1602 776 1640 Val-

114 1658 342 1706 ckenaer„
364 1659 431 1709 qui
449 1659 572 1696 multa
592 1659 664 1696 alia
685 1658 774 1696 dein

115 1716 297 1752 excitavit
310 1717 540 1764 testimonia,
553 1717 689 1768 quibus
702 1729 774 1767 pa—

113 1778 168 1809 tet
179 1772 296 1822 vulgo
311 1771 414 1822 apud
425 1773 571 1810 Atticos
582 1786 666 1810 eam
678 1774 774 1810 fuis-

113 1842 154 1866 se
194 1835 388 1879 receptam
414 1830 658 1880 opinionem,
698 1829 774 1882 quii

113 1886 414 1936 Aristogitonem
451 1893 566 1939 atque
605 1889 773 1924 Harmo-

115 1941 223 1980 dium
233 1943 402 1979 sublatae
411 1942 621 1995 tyrannidis
632 1944 774 1981 ferrent

114 2006 298 2047 auctores,
313 2000 449 2051 quibus
470 2014 560 2038 sane
580 1999 674 2037 haec
690 2001 772 2038 laus

112 2057 274 2092 minime
296 2055 477 2105 debetur,
504 2071 627 2110 quum
652 2059 774 2094 inter-

112 2113 213 2150 fecto
234 2113 454 2164 Hipparcho
476 2114 525 2151 ad
544 2113 584 2152 id
598 2121 773 2152 tantum—

113 2169 230 2206 modo
241 2183 465 2220 provocasse
484 2170 698 2209 videantur.
727 2173 773 2208 In

115 2240 233 2279 quam
253 2226 418 2264 eandem
435 2230 663 2265 sententiam
695 2227 774 2266 dis-

114 2290 223 2334 putat
241 2285 272 2320 Ι.
291 2285 469 2322 Perizon.
491 2284 539 2322 ad
553 2286 703 2323 Aelian.
724 2286 773 2324 V.

116 2342 164 2378 H.
185 2341 254 2389 XI,
275 2342 313 2381 8.

171 2392 229 2436 ἐπ’
252 2395 338 2436 ἔτεα
361 2395 548 2450 τέσσερα]
580 2398 643 2446 „T
647 2397 773 2450 hucy—

118 2451 221 2490 dides
239 2454 305 2501 VI,
326 2454 379 2496 59
409 2455 571 2506 Hippiae
590 2463 675 2506 post
693 2456 773 2492 fra-

117 2510 182 2547 tris
209 2522 347 2547 necem
375 2511 621 2563 tyrannidem
660 2513 773 2550 tribus

118 2568 219 2602 annis
238 2568 438 2617 terminat3
469 2568 633 2606 totidem
662 2570 772 2606 Plato

118 2621 157 2656 in
184 2623 400 2674 Hipparcho
430 2639 470 2676 p.
501 2628 582 2667 229
602 2627 649 2662 Β.
677 2625 775 2663 nihil

121 2676 328 2716 admodum
340 2681 525 2719 Herodoti
547 2686 698 2732 quatuor
710 2696 773 2720 αη-

118 2735 172 2771 nis
194 2735 411 2785 officientes,
432 2738 549 2775 modo
563 2752 651 2776 cum
664 2739 775 2776 Dod-

119 2791 231 2828 wello
252 2792 405 2830 Annali.
426 2794 606 2847 Thucyd.
620 2809 707 2847 pag.
720 2796 774 2837 42

838 872 911 903 tres
931 866 1071 916 integri
1092 871 1129 902 et
1159 869 1313 917 quartus
1334 860 1495 899 inchoa—

836 930 895 960 tus
916 924 1079 974 Hippiae
1100 929 1263 974 tyranno
1283 926 1369 970 post
1398 921 1496 970 Hip—

840 979 974 1031 parchi
1003 980 1212 1017 violentam
1241 983 1409 1013 mortem
1435 989 1496 1012 re-

836 1038 1072 1089 linquantur.
1089 1036 1114 1056 ‘⁶
1206 1034 1270 1071 We
1283 1047 1299 1069 s
1311 1048 1327 1069 s
1343 1033 1382 1069 el
1397 1035 1444 1070 in
1456 1045 1493 1082 g.

837 1095 937 1131 Hinc
971 1101 1073 1131 recte
1115 1093 1298 1143 Hippiam
1333 1088 1496 1127 Athenis

832 1152 997 1187 eiecttun
1028 1149 1349 1202 tyrannidemque
1385 1160 1494 1184 ever-

832 1221 913 1245 sam
936 1207 984 1244 ad
1004 1220 1150 1243 annum
1171 1206 1252 1247 510
1285 1217 1319 1240 a.
1342 1202 1431 1240 Chr.
1452 1217 1492 1240 n.

832 1264 1000 1300 referunt
1020 1262 1212 1309 Larcher.‚
1235 1263 1445 1297 Hermann.
1466 1261 1493 1296 l.

832 1321 872 1368 l.,
894 1322 970 1357 alii.
991 1343 1046 1347 —
1076 1318 1152 1371 πρὸ
1172 1321 1244 1357 τοῦ
1264 1331 1353 1354 cum
1375 1317 1492 1354 Gaisf.

834 1376 923 1415 dedi
951 1390 1021 1428 pro
1050 1377 1224 1426 προτοῦ,
1256 1375 1493 1411 coniunctim

831 1441 875 1472 ut
895 1435 989 1472 olim
1013 1433 1184 1471 ferebant
1205 1430 1401 1468 editiones.

1060 1556 1154 1608 Cap.
1174 1556 1273 1594 LVI.

879 1656 935 1698 H·
949 1656 1020 1709 μέν
1029 1674 1105 1698 νυν
1117 1655 1359 1708 ὅψιςκ.τ.λ.]
1377 1656 1495 1693 Aliud

830 1717 1024 1753 somnium
1043 1716 1158 1752 refert
1182 1713 1378 1752 Plutarch.
1435 1715 1494 1750 De

831 1774 874 1810 S.
896 1775 942 1810 N.
964 1774 1009 1810 V.
1043 1785 1132 1823 pag.
1153 1771 1235 1814 555
1255 1773 1303 1809 B.
1323 1792 1380 1798 —-
1435 1772 1495 1807 De

830 1828 1194 1867 Panathenaeorum
1236 1829 1357 1876 festo,
1416 1840 1494 1879 quo

829 1885 1071 1937 Hipparchus
1093 1886 1140 1922 ab
1151 1886 1355 1923 coniuratis
1374 1885 1496 1921 inter-

833 1944 951 1980 fectus
976 1950 1030 1980 est
1050 1950 1146 1980 teste
1178 1940 1411 1994 Thucydide
1431 1942 1494 1989 Vl,

830 1998 884 2042 54
894 2001 1142 2052 se(1q.‚1nulta
1154 1999 1307 2050 collegit
1319 1997 1493 2036 Schultz.

828 2058 974 2108 Appar.
1003 2058 1122 2094 critic.
1153 2060 1250 2107 pag.
1292 2058 1360 2097 29.
1434 2057 1493 2092 De

828 2127 902 2151 usu
913 2115 1020 2152 verbi
1033 2114 1178 2161 δοκεῖν,
1192 2113 1259 2149 ubi
1272 2111 1319 2149 de
1329 2113 1488 2149 somniis

828 2184 954 2208 sermo
968 2200 978 2219 ,
1025 2171 1172 2208 consul.
1210 2167 1491 2221 Wytteubach.

829 2228 878 2265 ad
897 2226 1091 2265 Plutarch.
1110 2229 1208 2264 Mor.
1228 2228 1247 2263 I
1266 2239 1355 2278 pag.
1377 2226 1474 2267 512.

891 2287 1022 2336 Τλῆθι
1045 2283 1146 2324 λέων
1168 2280 1314 2334 ἄτλητα
1334 2298 1370 2322 κ.
1381 2298 1413 2322 τ.
1427 2283 1492 2330 λ.]

829 2343 963 2379 Exstat
989 2340 1064 2378 hoc
1085 2342 1320 2392 epigramma
1348 2341 1388 2376 in
1409 2340 1494 2375 An-

829 2397 976 2449 tholog.
1007 2398 1238 2436 CCCCLVII
1263 2411 1302 2449 p.
1329 2397 1411 2437 215
1441 2397 1493 2433 T.

828 2456 881 2493 IV
900 2456 1046 2492 Iacobs.
1077 2453 1281 2504 (Brunck.
1301 2454 1493 2490 Analectt.

1498 419 1682 454 Aristogiton
1705 427 1737 449 et

1499 452 1681 480 Harmodius
1692 474 1699 487 ‚
1717 464 1768 493 gq-

1494 495 1568 512 ncte
1582 487 1686 521 Geph)
1695 496 1770 522 raet,

1495 521 1613 546 izite=·li¹-
1631 525 1683 547 unt
1710 522 1752 553 [a.

1493 553 1571 587 51⁴]
1599 554 1730 588 Hippar-

1497 586 1583 613 chum
1600 589 1755 616 Pisistrati

1494 620 1602 657 filium,
1621 622 1738 650 somnio
1796 644 1803 649 ,

1498 655 1613 684 frustra
1631 657 1726 685 moni-

1498 693 1569 716 tum.

831 2514 882 2550 T.
913 2513 969 2549 111
994 2526 1033 2563 p.
1063 2511 1198 2560 248),
1230 2511 1298 2548 ubi
1318 2523 1386 2561 pro
1409 2504 1492 2548 οἷδι-
1528 2549 1531 2555 ,

829 2571 912 2608 κῶν
922 2570 1009 2606 libri
1019 2569 1192 2619 impressi
1204 2564 1251 2607 οἶδ
1257 2568 1368 2615 inunt,
1391 2564 1494 2618 quod

829 2625 935 2663 idem
960 2626 1202 2672 Florentinus
1228 2638 1272 2662 ac
1301 2625 1493 2660 Parisinus

829 2684 926 2720 liber
954 2683 1048 2719 alter
1076 2683 1117 2718 in
1150 2680 1346 2718 Herodoto
1382 2677 1493 2715 exhi—

830 2741 944 2787 bentz,
965 2740 1092 2776 minus
1113 2746 1214 2775 recte
1234 2737 1321 2774 mea
1343 2749 1390 2772 ex
1404 2748 1493 2771 sen-

829 2798 962 2834 tentia.
1020 2795 1347 2834 paronomasiam,
1376 2803 1493 2843 quam
