1897 3340
418 228 1075 271 TERPSICHORE.
1134 228 1180 265 V.
1355 230 1437 268 193

172 345 220 388 δὲ
248 341 418 387 τούτων
436 341 515 397 μὲν
536 337 743 390 ου’δὲτερα
773 337 953 389 αἱρέετο,
981 335 1192 392 ἀνεχώρεε
1223 334 1268 378 δὲ
1300 334 1438 379 ὀπίσω
1495 337 1558 386 infe

170 412 214 463 ἐς
247 413 448 466 Σίγειον,
477 408 527 451 τὸ
558 404 642 450 εἷλε
676 407 989 457 Πεισίστρατος
1028 406 1160 461 αἰχμῇ
1189 402 1312 457 παρὰ
1340 406 1444 446 Μυ-

171 480 430 536 τιληναίων·
469 474 691 530 κρατήσας
729 474 775 517 δὲ
814 472 977 524 αὐτοῦ,
1014 474 1246 527 κατέστησε
1284 468 1440 526 τύραν-

170 564 254 592 νον
283 544 395 589 εἶναι
423 545 559 586 παῖδα
598 542 676 586 τὸν
705 541 876 585 ἑωυτοῦ
915 539 1060 584 νόθον
1086 536 1439 594 Ἡγησίστρατον,

169 611 382 672 γεγονότα
411 610 454 662 ἐξ
477 609 670 666 Ἀργείης
698 608 933 665 γυναικός·
978 606 1027 658 ὃς
1058 605 1142 650 οὐκ
1172 605 1358 663 ἀμαχητὶ
1387 604 1441 650 εἶ-

167 699 213 739 χε
250 680 304 724 τά
344 695 425 733 περ
474 679 598 733 ἔλαβε
647 677 768 731 παρὰ
809 674 1141 729 Πεισιστράτου.
1205 674 1440 729 ἐπολέμεον
1454 678 1500 715 45

139 749 253 805 3γάρ
278 747 323 791 ἔκ
351 763 396 790 τε
420 745 660 803 Ἀχιλληίου
689 746 843 797 πόλιος
866 742 1137 801 ὁρμεώμενοι
1165 742 1239 787 καὶ
1261 743 1442 799 Σιγείου
1502 745 1583 787 425

111 923 254 962 Blomf.
276 922 362 959 coll.
394 918 538 957 Herod.
566 920 648 956 VII.
679 919 775 961 152.

112 979 405 1029 Μυτιληναίων
441 984 478 1013 et
501 979 775 1026 IPIvnI-nvociot

114 1036 203 1074 dedi
225 1049 293 1088 pro
327 1036 567 1083 Μιτυλην.
606 1055 663 1060 -
711 1031 775 1069 Ad

113 1095 229 1132 verba
252 1090 461 1141 κατέστησε
490 1087 691 1140 τύραννον
719 1085 775 1128 εἶ-

112 1166 180 1190 ναι
209 1150 312 1187 conf.
333 1148 474 1185 similes
496 1154 703 1184 structuras
725 1145 774 1183 ad

112 1208 158 1255 V,
190 1208 243 1248 25
271 1207 388 1243 allatt.
416 1205 538 1240 Paulo
568 1204 666 1240 infra
687 1216 777 1240 cum

113 1270 272 1301 recentt.
302 1276 323 1299 e
357 1261 548 1299 Sancrofti
577 1261 674 1297 libro
707 1273 778 1296 ex-

113 1319 221 1358 hibui
241 1315 363 1370 τάπερ
403 1317 530 1368 ἔλαβε,
564 1318 631 1353 ubi
658 1317 776 1367 vulgo

114 1375 162 1416 τοὶ
203 1375 423 1425 παρέλαβε,
475 1372 581 1426 quod
622 1374 779 1410 retinuit

117 1431 472 1483 Schweighaeuser.

172 1488 387 1539 ἐπολέμεον
398 1484 472 1539 γάρ
483 1501 520 1525 κ.
530 1500 563 1524 τ.
575 1485 628 1534 λ.]
646 1485 779 1533 „Quae

116 1546 294 1597 deinceps
313 1551 453 1591 narrat,
473 1556 551 1580 non
567 1549 778 1579 evenerunt

112 1605 188 1652 illa,
211 1602 304 1640 dum
322 1603 525 1651 imperaret
540 1600 777 1649 Hegesistra-

112 1667 172 1698 tus
194 1660 324 1710 Sigeo.
365 1659 472 1694 More
492 1669 573 1704 suo,
595 1657 694 1692 facta
715 1656 774 1693 Si-

112 1718 175 1768 gei
194 1716 410 1762 mentione,
442 1713 568 1751 bellum
596 1712 775 1749 Herodo-

113 1781 173 1812 tus
194 1775 232 1810 in
253 1780 468 1810 transcursu
496 1776 776 1807 commemorat

115 1831 159 1869 de
180 1830 290 1879 Sigeo
310 1831 403 1866 inter
431 1827 659 1865 Athenienses
694 1827 776 1863 olim

117 1891 150 1925 et
180 1886 421 1937 Mitylenaeos
448 1888 608 1933 gestura,-
647 1884 776 1920 forsan

117 1951 161 1981 ut
180 1944 419 1980 occasionem
439 1942 509 1978 sibi
538 1947 686 1992 pararet
705 1941 778 1976 Al-

117 2002 200 2038 caei
220 2000 450 2037 carminibus
462 1997 707 2034 decantatum
719 1998 779 2033 fa-

116 2059 223 2095 cinus
244 2055 437 2093 narrandi.
467 2057 593 2092 Duces
614 2055 676 2091 ille
696 2067 777 2091 non

115 2115 301 2162 nominat,
321 2125 448 2165 neque
467 2111 644 2148 fraudem
657 2141 666 2159 ,
702 2110 778 2163 quei

115 2170 364 2223 Phrynonem
385 2170 634 2207 circumvenit
653 2167 778 2205 Athe-

116 2230 290 2265 niensem
309 2229 476 2264 Pittacus
500 2227 566 2275 [ob
586 2239 683 2278 quae
696 2226 777 2276 ipsa

120 2287 256 2322 omissa
283 2283 480 2321 Herodoto
521 2283 777 2320 calumniatur

117 2340 461 2393 Pseudoplutarch.
471 2341 556 2391 Hp.
570 2339 652 2381 858
664 2340 711 2376 Α.
730 2341 782 2376 Et

119 2399 279 2435 miratur
331 2410 485 2450 quoque
532 2397 781 2447 Wessehng„

121 2468 190 2492 cur
201 2456 349 2491 nullam
361 2456 496 2491 Noster
514 2452 628 2490 huius
648 2455 702 2490 rei
722 2454 782 2490 fe-

122 2512 213 2548 cerit
232 2513 484 2557 mentionem,
525 2523 616 2547 cum
637 2511 782 2561 optima

122 2567 300 2604 narrandi
321 2574 416 2605 esset
437 2567 562 2603 oblata
583 2568 781 2615 occasio.].

121 2623 212 2660 Post
241 2623 335 2661 illud
362 2624 509 2661 bellum
534 2623 653 2660 lectus
682 2625 786 2660 arbi—

122 2685 180 2716 ter
198 2679 404 2717 Periander
423 2678 641 2731 Cypselides
660 2679 786 2716 Athe-

123 2736 314 2773 niensibus
349 2737 509 2787 Sigeum
539 2735 784 2777 adiudicavit.

123 2792 276 2828 Mortuo
295 2792 502 2829 Periandro
533 2793 695 2842 SIgeum
721 2806 785 2829 re-

126 2860 323 2899 cuperasse
342 2847 518 2885 videntur
538 2850 785 2901 Mitylenaei3

185 2905 406 2941 Hnnonor.
427 2905 494 2941 111.

833 920 971 972 quibus
1002 917 1098 955 illud
1119 918 1234 955 armis
1255 917 1408 954 abstulit
1429 916 1499 953 de-

833 976 964 1028 ditque
996 974 1212 1026 regendum
1239 975 1497 1024 Hegesistrato

831 1035 1058 1070 Pisistratus.
1089 1033 1196 1068 Haec
1215 1032 1285 1068 ista
1304 1033 1335 1068 si
1351 1032 1498 1068 ratione

833 1089 1066 1141 digerantur,
1094 1095 1325 1125 evanescunt
1345 1088 1499 1139 plerae-

833 1161 908 1200 que
921 1146 1175 1193 difficultates,
1187 1158 1286 1198 quae
1297 1146 1396 1182 viros
1410 1158 1500 1182 eru-

833 1204 930 1241 ditos
949 1209 1223 1249 exercuerunt,
1255 1203 1371 1239 etiam
1391 1203 1501 1239 Bou-

833 1260 999 1298 hierium
1014 1262 1110 1297 Diss.
1123 1273 1187 1297 sur
1204 1258 1348 1296 Herod.
1366 1273 1404 1310 p.
1420 1259 1499 1300 165

834 1317 1030 1354 Herodoto
1059 1317 1293 1354 tribuentem
1324 1322 1361 1353 et
1390 1317 1500 1353 Stra-

834 1375 939 1422 boni,
967 1387 1065 1426 quae
1085 1372 1183 1410 mihi
1204 1379 1340 1409 neuter
1361 1371 1499 1409 dixisse

834 1431 1008 1469 videtur:
1040 1429 1138 1467 nihil
1163 1429 1210 1467 de
1240 1431 1498 1480 Hegesistrato

835 1489 997 1534 Strab03
1027 1501 1099 1524 nec
1120 1499 1211 1523 sane
1232 1487 1390 1534 bellum,
1422 1499 1499 1539 quo

833 1546 1137 1595 Hegesistratum
1167 1544 1360 1593 agitaruut
1379 1545 1500 1595 Mity-

831 1603 977 1649 lenaei,
1012 1614 1033 1637 a
1062 1599 1273 1637 Periandro
1305 1602 1500 1651 composi-

831 1665 917 1695 tum
948 1658 1077 1695 scribit
1108 1656 1338 1694 Herodotus.
1387 1658 1500 1695 Prius

830 1714 926 1752 illud
950 1716 1116 1762 bellum,
1158 1713 1317 1751 ducibus
1350 1715 1499 1751 Pittaco

832 1780 869 1809 et
890 1771 1099 1824 Phrynone
1130 1778 1282 1822 gestum
1301 1771 1416 1808 fuisse
1439 1770 1501 1808 di-

833 1831 933 1867 citur
975 1830 1166 1880 plerisque
1195 1827 1287 1877 περὶ
1323 1828 1500 1879 Σιγείου,

835 1888 951 1923 etiam
964 1884 1096 1923 Schol.
1118 1886 1158 1921 in
1178 1883 1500 1922 Aesch.Eumen.

836 1942 914 1983 401
935 1941 1024 1991 περὶ
1042 1937 1401 1992 τῆςἈχιλλεΐτιὸος
1422 1936 1499 1993 χω’-

838 2015 909 2050 ρας
941 2000 1107 2050 Diogen.
1138 1999 1265 2036 Laert.
1296 1999 1326 2045 Ι,
1349 1998 1417 2039 74.
1455 2000 1501 2035 In

834 2057 905 2093 isto
934 2057 1020 2093 loco
1049 2056 1176 2093 vicino
1207 2056 1407 2092 castellum
1429 2068 1502 2092 ex-

833 2119 1050 2150 struxerant
1086 2112 1330 2164 Mitylenaei,
1367 2112 1502 2163 Ἀχίλ-

833 2173 939 2210 λειον
963 2169 1121 2216 dictum,
1144 2170 1306 2220 Sigeum
1332 2170 1502 2206 tenenti-

833 2228 903 2264 bus
938 2226 1236 2264 Atheniensibus
1269 2227 1503 2278 oppositum.

831 2286 1049 2321 Demetrius
1091 2284 1269 2334 Scepsius
1308 2279 1351 2322 τὸ
1378 2278 1503 2333 Ἀχίλ-

837 2344 947 2380 λειον
993 2341 1122 2378 scribit
1184 2339 1503 2391 ἐπιτειχισθῆναι

837 2395 920 2437 ὖπό
969 2401 1050 2437 τῶν
1101 2394 1396 2446 Μυτιληναίών
1445 2399 1502 2450 τῷ

837 2455 983 2509 Σιγείῳ
1004 2469 1065 2506 ap.
1088 2454 1215 2492 Strab.
1245 2455 1339 2490 XIII
1358 2467 1398 2505 p.
1419 2455 1502 2494 896

837 2513 887 2549 Α.
908 2525 938 2549 s.
960 2515 1041 2553 600
1061 2513 1108 2548 B.
1130 2509 1203 2548 hoc
1233 2511 1306 2547 illis
1327 2516 1408 2548 erat
1437 2508 1502 2562 όρ-
1528 2552 1533 2557 ,

838 2564 1057 2620 μητήρι-ουε
1080 2567 1157 2605 vid.
1181 2568 1341 2605 Casaub.
1361 2569 1403 2604 in
1421 2568 1504 2603 Po-

839 2626 919 2677 lyb.
940 2639 978 2676 p.
1010 2627 1104 2667 168.
1163 2626 1263 2662 Hinc
1283 2623 1503 2662 Herodotus

840 2680 879 2718 h.
909 2683 935 2720 l.
961 2680 1197 2732 ἐπολέμεον,
1230 2682 1356 2733 inquit
1388 2679 1431 2719 ἔκ
1458 2693 1499 2718 τε

839 2733 1062 2788 Ἀχιλληίου
1092 2733 1232 2784 πόλιος
1252 2732 1500 2790 ὅρμεῶμενοι

840 2794 908 2833 καὶ
940 2795 1123 2846 Σιγείου,
1154 2793 1218 2834 ἐπὶ
1247 2790 1392 2845 χρόνον
1434 2802 1505 2830 συ-

840 2847 949 2901 χνόν,
966 2850 1240 2901 Μυτιληναῖοί
1248 2864 1288 2889 τε
1305 2848 1372 2888 καὶ
1382 2843 1505 2897 Ἀθη-

1563 344 1576 363 1'
1609 338 1770 368 Athenien-

1497 379 1546 395 »us
1571 378 1604 396 ac
1632 373 1757 406 Mytile-

1500 412 1594 429 naeos
1625 405 1772 435 bellorum

1499 445 1636 471 causam,

1876 578 1897 609 1..
1871 367 1897 558 ,eant—§.ge—
1867 0 1897 354 nd&
