1897 3340
513 222 986 263 POLYMNIA.
1044 223 1148 262 VII.

1383 233 1459 271 (541

202 333 283 380 οὐκ
313 336 496 391 ἔφασαν,
543 333 784 389 ὠθεόμενοι
821 331 930 386 πρὸς
971 329 1120 375 αὐτῶν
1159 331 1228 375 ἐπὶ
1256 337 1465 392 κεφαλήν,

199 404 399 460 ποιήσειν
429 408 565 447 ταῦτα
588 400 781 456 οὐδαμά·
814 399 915 443 οὔτε
934 397 1019 455 γάρ
1039 411 1118 454 σφι
1147 397 1195 442 ἐν
1215 399 1337 457 νόμῳ
1357 400 1470 446 εἶναι

177 472 454 526 Ξᾶνθρωπον
475 469 774 525 προσκυνέειν,
795 467 896 511 οὔτε
927 467 1039 511 κατὰ
1068 471 1205 511 ταῦτα
1235 466 1369 524 ἥκειν.
1411 468 1470 520 ὦς

200 541 245 584 δὲ
275 540 597 596 ἀπεμαχέσαντο
627 540 786 587 τοῦτο,
819 535 1001 589 δεύτερά
1033 547 1113 592 σφι
1143 536 1318 591 λέγουσι
1365 535 1523 581 τάδεῖο

196 609 271 652 καὶ
299 611 432 664 λόγου
464 606 636 650 τοιοῦδε
666 602 871 660 ἐχόμενα,
904 606 979 657 „52
1010 607 1191 659 βασιλεῦ
1211 603 1396 660 Μήδων,
1426 605 1468 648 ἒ-

199 684 402 731 ,,πεμψαν
429 674 561 730 ἡμέας
590 672 930 729 Λακεδαιμόνιοι
962 671 1057 716 ἀντὶ
1086 676 1175 716 τῶν
1205 672 1251 716 ἐν
1281 671 1468 730 Σπάρτῃ

196 743 510 798 ,,οἷπολομε’νων
540 740 775 798 κηρύκων,
806 739 970 796 ποινὴν
1000 741 1179 785 ἐκείνων
1207 743 1469 793 τίσοντας·“

172 811 380 866 ὃλέγουσι
420 811 465 854 δὲ
508 810 677 853 αὐτοῖσι
706 813 843 853 ταῦτα
874 809 1038 865 Ξέρξης
1080 809 1166 853 ὑπὸ
1196 814 1468 865 μεγαλοφρο-

199 879 333 935 σύνης
385 876 506 931 „miz
551 879 634 934 ἔφη
666 878 819 934 ὁμοῖος
849 877 1024 921 ἔσεσθαι
1052 879 1523 932 Λακεδαιμονίοισι·75

196 949 395 999 ,,κει’νους
412 946 486 1004 μὲν
506 946 589 1003 γὰρ
622 946 798 1004 συγχέαι
825 945 879 991 τοὶ
907 946 1086 990 πάντων
1116 943 1367 1000 ἀνθρώπων
1396 945 1467 991 νό-

138 1142 203 1190 IV,
239 1145 284 1183 11
321 1145 354 1188 ξ·
377 1147 400 1184 3
423 1157 503 1196 seq.
543 1147 592 1185 12
615 1146 653 1190 ξ.
721 1157 801 1196 seq.

139 1206 177 1236 et
194 1200 328 1236 Conon
349 1201 451 1251 apud
483 1202 634 1240 Cornel.
664 1202 804 1252 Nepot-

139 1256 234 1294 Con.
253 1260 291 1296 3.

196 1309 271 1352 οὐκ
293 1311 476 1363 ἔφασαν]
508 1315 531 1350 i.
555 1327 587 1350 e.
614 1317 803 1363 negarunt,

140 1376 183 1407 ut
201 1370 315 1420 paulo
336 1377 421 1421 post
447 1366 520 1409 ου’ν,
549 1370 626 1421 ἔφη
643 1372 802 1420 negavit.

140 1427 206 1463 Tu
239 1425 316 1464 vid.
350 1429 396 1464 G.
418 1429 627 1463 Hermann.
658 1427 706 1464 ad
736 1428 804 1464 Vi-

140 1496 220 1534 ger.
241 1496 329 1534 pag.
351 1486 445 1524 889.
486 1483 598 1530 Quod
633 1491 720 1521 ante
741 1498 804 1521 se-

141 1553 260 1592 quens
288 1536 513 1590 αἷθεόμενοι
552 1540 802 1579 Valckenaer.

139 1597 324 1634 insertum
361 1598 443 1634 vult
473 1594 577 1645 οὔδ’,
611 1611 676 1645 εο,
714 1598 803 1634 mest

140 1653 298 1705 quidem
327 1656 527 1702 sententia,
558 1653 662 1692 haud
693 1667 801 1705 opus.

140 1711 283 1748 Sensus
303 1718 375 1748 est:
398 1715 577 1761 negarunt
597 1725 631 1748 se
646 1711 802 1761 haecfa-

140 1771 257 1804 cturos
278 1781 348 1805 esse
366 1769 421 1805 vel
441 1770 475 1805 si
491 1771 527 1805 in
550 1773 658 1818 caput
680 1768 801 1805 detru-

140 1824 318 1861 derentur.
389 1826 643 1861 Locutionem
680 1819 802 1863 ω’θεῖ*

141 1884 240 1919 σθαι
269 1878 335 1919 ἐπὶ
371 1878 552 1931 κεφαλήν
585 1882 801 1932 similesque

138 1936 353 1988 frequentat
364 1937 672 1989 Lucianus‚apud
685 1951 801 1989 quem

139 1995 255 2030 etiam
295 1992 360 2032 ε’πὶ
380 1997 560 2045 κεφαλῆς
596 1991 801 2033 ω’θεῖσθαι

140 2057 254 2102 atque
270 2049 335 2089 ἐπὶ
357 2046 553 2100 τράχηλον
577 2046 799 2090 ὦθεῖσθαιε

140 2105 186 2143 de
208 2108 343 2159 quibus
364 2107 441 2144 vid.
465 2109 506 2146 C.
528 2109 570 2144 F.
588 2110 801 2145 Hermann.

142 2162 190 2201 ad
225 2165 383 2201 Lucian.
431 2165 489 2200 De
524 2162 653 2201 histor.
689 2165 799 2204 scrib.

142 2233 232 2271 pag.
256 2222 322 2261 89.
349 2223 415 2260 90.
437 2219 687 2258 Valckenaer.
708 2223 802 2257 Pla-

144 2277 241 2313 tonis
261 2276 320 2312 10(¹
314 2289 390 2312 ·u1n
426 2279 599 2315 attulerat
627 2280 685 2314 De
705 2280 801 2329 Rep.

141 2334 230 2370 VIII
251 2345 286 2382 p.
300 2331 379 2372 553
401 2333 446 2369 B.
471 2355 522 2360 —
543 2335 589 2370 In
603 2348 706 2386 seqq.
730 2331 804 2373 αὕ-

143 2391 222 2428 τῶν
245 2387 333 2424 dedi
353 2401 420 2437 pro
444 2384 607 2428 αὐτέων.
637 2391 700 2428 Ad
714 2405 803 2429 ver-

144 2446 194 2483 ba
215 2441 436 2492 ἄνθρωπον
447 2445 704 2494 προσκυνέειν
724 2446 802 2484 vid.

143 2500 279 2539 Matth.
303 2502 369 2537 Gr.
393 2501 459 2537 Gr.
483 2502 519 2545 ξ.
541 2500 636 2547 412,
669 2506 688 2542 1
713 2515 801 2552 pag.

145 2556 240 2599 754.
270 2554 369 2596 κατοὲ
398 2558 520 2595 ταῦτα
546 2558 646 2594 valet
665 2570 741 2595 eam
764 2559 804 2595 ob

148 2626 302 2659 causam,
333 2614 372 2650 ob
390 2615 473 2650 ista.

205 2669 259 2717 ὥς
277 2668 320 2709 δὲ
339 2665 632 2720 ἀπεμαχέσαντο
667 2670 802 2717 τοῦτο]

145 2725 172 2762 i.
195 2740 228 2766 e.
259 2727 323 2764 ubi
348 2727 409 2763 hoc
440 2728 667 2772 recusarunt,
716 2738 740 2762 a
770 2738 807 2763 se

145 2782 360 2831 repulerunt.
417 2781 629 2820 Larcherus
659 2782 804 2817 malue-

147 2844 233 2874 rat:
283 2838 355 2888 qud
383 2852 460 2876 cum
491 2853 526 2876 se
567 2837 804 2889 defendissent

203 2895 425 2935 Hssnonor.
445 2896 513 2933 111.

863 1144 1028 1179 oratione.
1066 1144 1183 1182 τοῦτο
1204 1155 1272 1193 pro
1292 1138 1420 1195 τούτῳ
1440 1143 1524 1179 iure

859 1213 964 1236 nunc
980 1200 1203 1249 repositum.
1250 1200 1524 1236 Accusativum

862 1258 965 1293 enim
985 1255 1074 1292 huic
1105 1257 1221 1293 verbo
1259 1256 1417 1293 adstruit
1439 1257 1525 1307 Ap-

859 1314 960 1364 pian.
982 1315 1027 1350 B.
1048 1313 1155 1363 Hisp.
1186 1314 1253 1353 89.
1285 1315 1349 1353 90.
1372 1312 1525 1349 Mithri-

862 1369 939 1410 dat.
961 1372 1028 1416 78,
1067 1376 1224 1406 notante
1253 1370 1525 1421 VVesselingio,

861 1427 928 1477 qui
968 1426 1131 1463 conferri
1169 1427 1275 1463 iubet
1312 1428 1439 1464 Davis.
1476 1425 1525 1463 ad

860 1484 1019 1520 Maxim.
1045 1483 1141 1534 Tyr.
1163 1484 1180 1519 Ι
1199 1498 1237 1534 p.
1263 1482 1360 1524 499.

919 1536 1081 1591 δεύτερά
1126 1553 1198 1588 σφι
1227 1538 1412 1591 λέγουσι]
1459 1537 1525 1579 λε’-

859 1609 974 1649 γουσι
997 1604 1052 1634 est
1067 1595 1214 1634 dativus
1234 1598 1435 1648 participii,
1457 1597 1524 1649 qui

858 1655 1022 1704 pertinet
1064 1652 1113 1689 ad
1146 1665 1229 1701 σφι,
1261 1654 1287 1690 i.
1320 1667 1353 1690 e.
1385 1649 1524 1701 αὐτοῖς

860 1710 1080 1760 (Spartanis
1109 1711 1232 1759 sci1,);
1277 1711 1344 1762 qui
1375 1709 1522 1748 dativus

857 1768 1028 1818 pluribus
1056 1767 1180 1804 verbis
1219 1767 1423 1803 interiectis
1459 1780 1522 1803 re·-

857 1825 998 1875 petitur
1018 1824 1162 1860 verbis:
1193 1821 1350 1873 λέγουσι
1374 1820 1417 1861 δὲ
1443 1818 1523 1861 αὕ-

857 1884 960 1920 τοῐσι
977 1882 1101 1918 ταῦτα
1117 1879 1201 1928 (ubi
1223 1877 1388 1918 &simili
1402 1878 1520 1916 modo

859 1936 1054 1984 additum,
1095 1949 1172 1988 quo
1222 1935 1325 1987 apud
1363 1937 1521 1972 Latinos

857 2001 941 2044 post
966 1994 1093 2044 plures
1132 2005 1243 2029 voces
1281 1993 1522 2043 interpositas

859 2057 923 2086 aut
955 2057 1040 2101 post
1074 2048 1319 2099 parenthesin
1366 2050 1522 2100 ponitur

857 2107 936 2155 secl)
968 2114 1004 2144 et
1035 2106 1197 2143 refertur
1218 2105 1266 2142 ad
1298 2105 1375 2156 ἔφη
1397 2107 1476 2143 scil.
1499 2104 1524 2145 o‘

861 2162 1018 2214 Ξέρξης.
1048 2162 1162 2200 Haud
1183 2164 1291 2200 aliter
1308 2163 1390 2210 Vll,
1417 2161 1520 2203 141:

856 2218 1140 2287 πειθομένοισι
1178 2217 1222 2258 δὲ
1260 2221 1384 2258 ταῦτα
1420 2221 1523 2258 τοῖσι

856 2271 1109 2326 Ἀθηναίοισι
1117 2274 1184 2315 καὶ
1192 2274 1347 2328 λέγουσι
1360 2286 1413 2303 ⁸-
1423 2276 1522 2314 ταῦ-

859 2348 906 2372 τα
928 2331 978 2372 δὲ
1005 2332 1220 2385 λέγουσι
1244 2348 1270 2384 η
1304 2328 1521 2383 πρόμαντις

859 2392 934 2444 χρᾷ
958 2405 995 2429 κ.
1015 2404 1047 2428 τ.
1067 2392 1170 2428 t—
1198 2389 1262 2426 Ad
1290 2395 1520 2426 structuram

856 2447 1063 2484 verborum
1084 2442 1160 2486 οὐκ
1184 2444 1262 2496 ἔφη
1285 2444 1455 2495 ὁμοῖος’
1442 2443 1520 2484 ε’σε-

860 2506 956 2541 σθαι
978 2518 1015 2542 κ.
1048 2518 1082 2541 τ.
1110 2505 1142 2542 λ.
1171 2504 1271 2542 conf.
1293 2501 1430 2539 Matth.
1451 2502 1518 2540 Gr.

861 2559 925 2595 Gr.
946 2559 981 2603 ξ.
1003 2559 1084 2600 536
1099 2571 1186 2610 pag.
1211 2559 1318 2600 1052
1334 2565 1371 2595 et
1390 2557 1438 2594 ad
1448 2570 1520 2595 vo-

861 2627 922 2650 ces
950 2612 1032 2653 ὑπὸ
1059 2610 1412 2667 μεγαλοφροσύνης
1437 2613 1518 2659 VII,

864 2668 957 2710 146.
989 2668 1209 2720 147..V111,
1242 2673 1346 2711 118:
1383 2669 1520 2720 quibus

858 2725 953 2762 locis
989 2727 1127 2766 Xerxis
1160 2727 1518 2777 magnanimitatem

857 2781 1068 2833 praedicari
1085 2791 1193 2821 notat
1213 2783 1311 2820 Gail.

915 2839 1074 2887 κείνους
1092 2838 1165 2892 μὲν
1185 2854 1260 2933 Ξιίρ
1291 2833 1449 2890 συγχέαι
1467 2850 1515 2874 τα
