1897 3340
420 205 505 245 306

817 203 1278 242 HERODOTI

422 311 553 368 χωρὶς
588 309 917 368 Σπαρτιητέων,
963 311 1136 369 α’ριθμῷ
1176 314 1266 355 τῶν
1302 313 1539 368 περιοίκων
1579 312 1679 356 ἅνα-

395 378 642 435 5γκαστούς
680 379 723 430 ἐς
762 378 811 422 τὸ
848 381 981 436 κῆδος
1023 379 1147 423 ἰέναι.

1199 377 1369 422 τούτων
1398 375 1460 423 ὧν
1488 379 1563 422 καὶ
1589 382 1679 421 τῶν

423 446 631 490 εἱλωτέων
659 446 730 489 καὶ
761 445 906 490 αὐτῶν
925 446 1235 502 Σπαρτιητέων
1263 447 1393 490 ἐπεὰν
1423 446 1679 502 συλλεχθέω-
1691 451 1738 486 90

425 525 469 558 σι
511 514 554 565 ἐς
590 511 728 557 τώυτὸ
776 515 930 557 πολλαὶ
968 513 1169 569 χιλιάδες,
1230 513 1423 570 σύμμιγα
1467 516 1566 569 τῇσι
1603 529 1679 567 γυ-

421 582 535 634 ναιξὶ
564 580 796 626 κόπτονταί
824 596 868 623 τε
885 580 936 623 τὰ
956 582 1129 636 μέτωπα
1148 579 1412 636 προθύμως,
1441 582 1515 623 καὶ
1545 580 1680 634 οἰμω-

421 653 478 705 γῇ
507 648 786 704 διαχρέωνται
824 647 1011 706 ἀπλέτῳ·
1052 647 1240 704 φάμενοι
1267 646 1344 691 τὸν
1372 648 1561 691 ὕστατον
1599 647 1680 689 αἰεὶ

424 714 752 772 ἀπογενόμενον
790 718 879 758 τῶν
916 715 1151 770 βασιλέων,
1190 718 1351 758 τοῦτον
1391 716 1442 770 δή
1482 713 1683 770 γενέσθαι

391 791 412 824 6
423 784 616 835 ἄριστον.
664 781 712 832 ὃς
742 779 782 825 δ’

829 781 884 825 ἂν
921 783 968 825 ἐν
1007 780 1178 839 πολέμῳ
1213 785 1300 824 τῶν
1339 782 1549 838 βασιλέων
1580 779 1682 823 ἀπο-

421 848 563 905 θάνῃ,
592 846 732 904 τούτῳ
764 847 810 892 δὲ
849 842 1030 892 εἴδωλον
1059 847 1364 900 σκευάσαντες,
1405 849 1453 892 ἐν
1482 849 1605 904 κλίνῃ
1634 844 1684 890 εὖ
1695 852 1739 887 95

362 997 442 1034 lero
481 998 572 1035 Dor.
615 997 663 1044 11,
701 998 754 1037 99
783 996 956 1046 iungenti
971 997 1026 1048 τῷ

363 1048 529 1104 οἷριθμῳ
542 1068 623 1092 των
636 1052 848 1104 περιοίκων
852 1026 906 1088 Oet
926 1051 1025 1089 dati-

364 1122 458 1146 vum
479 1105 645 1162 α’ριθμω
664 1109 857 1146 revocanti
874 1107 922 1144 ad
943 1109 1024 1155 δεῖς

365 1177 534 1216 quocum
565 1165 691 1202 dativo
722 1166 788 1224 qui
822 1166 1024 1201 convenire

363 1223 481 1272 possit
490 1223 722 1259 accusativus
735 1233 986 1272 αναγκαστου
993 1236 1024 1267 ς,

363 1279 575 1328 perspicere
613 1276 718 1314 haud
763 1278 886 1315 valeo.
946 1278 1026 1313 Nec

366 1333 533 1401 denique
579 1333 780 1371 audiamus
821 1335 1027 1370 Pauwium

342 1411 344 1415 ·
365 1403 435 1441 pro
474 1386 750 1443 οἷνοιγκαστους
774 1397 1027 1441 reponentem

367 1443 614 1497 ὄνομαστους
647 1448 674 1484 i.
705 1460 740 1484 e.
778 1447 1025 1495 honoratiores,

365 1503 558 1540 ηοῦίίιοτεε.
616 1504 682 1539 Tu
702 1503 807 1540 conf.
827 1505 1027 1553 gemimun

366 1559 516 1595 Aeliani
535 1560 665 1596 locum
683 1560 730 1596 V.
746 1560 796 1595 H.
816 1560 880 1606 vl,
905 1563 940 1606 1,
961 1560 1027 1595 ubi

367 1614 415 1651 de
444 1616 719 1666 Spartanorum
753 1616 794 1651 'm
822 1617 1026 1652 Messenios

365 1673 559 1722 perioecos
581 1672 807 1708 acerbitate:
831 1669 902 1717 τὰς
925 1671 1025 1710 ἐλευ-

367 1726 492 1778 θέρας
512 1728 765 1794 (γυναῖκας)
773 1727 829 1773 εἰς
859 1724 907 1766 τοὶ
930 1726 1026 1766 πέν*

367 1787 426 1833 θη
473 1784 646 1834 βαδιζειν
686 1779 910 1834 η’ναγκαζον
959 1782 1027 1822 καὶ

369 1852 462 1885 τους
481 1835 710 1903 αλλοτρίους
721 1839 788 1877 καὶ
800 1838 923 1890 μηδέν
933 1850 1028 1888 σφι-

371 1907 411 1934 σι
430 1891 704 1947 προσήκοντας
728 1909 893 1946 νεκρους
917 1896 1026 1934 κλαί-

372 1965 442 1991 ειν.
454 1972 510 1979 —
530 1951 701 1989 Verbis'
684 1966 726 1990 εκ
743 1948 876 2002 πάσης
894 1956 1028 1990 Λακε-

372 2007 563 2058 δαίμονος
585 2006 647 2044 hic
666 2007 825 2044 indicari
845 2023 919 2058 την
938 2012 1028 2046 Λα-

371 2061 547 2114 κωνικήν
577 2063 791 2100 Laconicam
811 2068 959 2112 terram,
985 2071 1028 2101 ut

372 2119 454 2166 VII,
476 2117 556 2160 234
576 2127 677 2156 recte
696 2127 828 2156 monet
844 2119 1026 2170 Schwgh.

374 2175 491 2212 Cuius
526 2176 673 2212 incolae
700 2178 909 2212 maximam
938 2189 1028 2226 par-

374 2237 453 2268 tem
473 2238 559 2268 sunt
579 2232 619 2269 οἱ
637 2232 845 2282 περίοικοι,
868 2244 888 2267 a
909 2232 1028 2282 Spar-

375 2288 470 2323 tanis
506 2299 625 2338 aeque
659 2286 795 2323 diversi
823 2294 936 2338 atque
981 2289 1029 2324 ab

374 2343 539 2388 Helotis‚
571 2344 684 2379 servis
714 2344 892 2393 publicis,
923 2344 1031 2380 liberi

374 2411 524 2448 prorsus
536 2397 708 2435 homines
717 2401 787 2435 nisi
801 2399 902 2450 quod
912 2400 1031 2450 Spar-

374 2461 434 2491 tae
456 2456 613 2504 imperio
633 2462 778 2505 parent,
798 2463 935 2492 terram
949 2459 1026 2492 La-

375 2512 549 2547 conicam
569 2512 732 2548 colentes
749 2519 785 2548 et
810 2510 1030 2560 habitantes,

375 2566 478 2603 unde
507 2574 542 2602 et
571 2568 641 2617 ipsi
661 2567 749 2604 dicti
778 2565 1031 2619 Λακεδαιμό-

376 2629 592 2673 mutatque
620 2623 873 2672 Λακωνικοὶ,
903 2627 1031 2662 nomi-

377 2680 435 2717 uis
469 2677 580 2715 huius
618 2681 889 2730 significatione
921 2682 1029 2719 latins

379 2741 556 2786 repente,
578 2741 613 2771 et
633 2738 679 2772 ab
703 2738 789 2788 ipsis
821 2738 1029 2788 Spartanis,

380 2792 514 2844 quibus
533 2793 770 2844 peculiariter
781 2796 969 2844 convenit,
981 2794 1029 2832 ad

1081 996 1245 1048 reliquos
1277 996 1393 1033 etiam
1422 995 1587 1046 regionis
1629 994 1740 1030 inco-

1080 1053 1134 1088 las
1173 1052 1358 1091 traducta.
1426 1054 1557 1103 Ipsum
1595 1063 1739 1087 nomeu

1081 1111 1294 1159 περιοίκων
1328 1110 1519 1156 tulerunt,
1567 1114 1739 1158 respectu

1080 1163 1208 1202 habito
1232 1167 1333 1202 urbis
1345 1166 1544 1215 primariae
1567 1164 1739 1214 Spartae,

1081 1222 1179 1257 circa
1196 1234 1310 1273 quam
1329 1228 1468 1258 terram
1483 1221 1652 1257 incolant
1661 1221 1740 1256 La·

1083 1279 1268 1316 conicam.
1347 1279 1438 1315 Post
1474 1276 1659 1315 Valcken.
1690 1275 1740 1312 ad

1082 1335 1152 1381 lx,
1177 1337 1222 1373 11
1247 1334 1356 1385 plura
1386 1334 1433 1371 de
1463 1332 1521 1370 his
1556 1333 1740 1384 perioecis

1082 1397 1315 1427 monuerunt
1330 1390 1374 1427 C.
1387 1390 1589 1427 O.Muller.
1608 1390 1636 1427 l.
1655 1389 1680 1426 l.
1704 1388 1741 1424 11

1082 1459 1122 1497 p.
1146 1450 1196 1487 21
1230 1459 1310 1498 seq.
1338 1445 1612 1484 Wachsmuth.
1646 1445 1742 1482 Hel-

1083 1504 1159 1539 len.
1180 1502 1342 1540 Alterth.
1363 1504 1393 1551 Ι,
1412 1506 1431 1542 1
1455 1516 1494 1554 Ρ.
1517 1505 1608 1542 161.
1639 1503 1742 1538 Kor-

1083 1561 1259 1595 tii1n.in
1291 1557 1498 1596 Schlosser.
1531 1565 1568 1595 et
1586 1558 1741 1597 Bercht.

1083 1613 1311 1653 A1chiv.lv
1332 1628 1419 1665 pag.
1444 1617 1523 1655 160
1542 1628 1649 1666 seqq.

1146 1670 1214 1709 καὶ
1261 1666 1393 1709 αὐτῶν
1432 1669 1739 1722 Σπαρτιητέων]

1083 1728 1187 1763 Haec
1208 1728 1344 1774 ve1·,ba
1365 1739 1387 1763 a
1408 1725 1640 1772 Schaelero‚
1661 1727 1740 1763 aliis

1084 1782 1230 1832 deleta,
1266 1784 1402 1819 merito
1440 1796 1544 1819 nunc
1574 1784 1743 1819 restituta

1083 1846 1195 1885 sunt,
1234 1840 1420 1889 probante
1449 1851 1602 1891 quoque
1632 1838 1674 1875 C.
1696 1838 1742 1876 Ο.

1083 1896 1232 1931 Miiller.
1245 1896 1307 1932 l.1.
1321 1897 1481 1946 11p.99.
1523 1894 1622 1932 Sunt
1638 1895 1743 1932 euim

1084 1953 1155 1988 tria
1167 1953 1356 1989 Laconiae
1367 1953 1577 1988 incolarum
1587 1963 1741 2002 genera,

1082 2006 1254 2054 helotae,
1295 2009 1460 2058 pei-ioeci
1498 2021 1541 2045 ac
1576 2008 1742 2059 denique

1081 2065 1152 2114 ipsi
1173 2065 1361 2114 Spartani.
1383 2086 1438 2091 -—
1476 2065 1522 2100 In
1541 2077 1619 2116 seq.
1642 2076 1742 2116 quo-

1083 2133 1158 2171 que
1178 2122 1406 2157 restituimus
1428 2133 1517 2157 cum
1540 2120 1741 2171 Schweig-

1082 2175 1253 2213 haeuser.
1293 2184 1329 2213 et
1363 2176 1548 2214 Gaisford.
1587 2174 1634 2215 τοὶ
1671 2175 1742 2227 με’-

1085 2246 1217 2279 τωπα,
1259 2232 1361 2283 quod
1410 2235 1535 2269 omisit
1573 2232 1742 2270 Bekker.

1094 2289 1175 2324 liae
1200 2301 1310 2325 voces
1341 2302 1360 2325 a
1390 2289 1579 2325 Saucrofti
1610 2288 1741 2326 codice

1091 2345 1247 2392 absunt,
1293 2344 1359 2382 sed
1396 2346 1435 2380 in
1466 2346 1618 2396 teliquis
1637 2346 1740 2382 libris

1086 2408 1317 2451 comparent.
1374 2400 1436 2437 Ad
1469 2402 1594 2452 ipsum
1624 2414 1740 2452 argu-

1085 2464 1259 2493 mentum
1279 2457 1352 2494 loci
1381 2458 1481 2494 conf.
1505 2471 1601 2510 quae
1621 2459 1740 2495 colle-

1086 2515 1140 2562 git
1165 2515 1320 2550 Dorvill.
1355 2514 1403 2550 ad
1425 2513 1564 2551 Charit.
1584 2528 1622 2565 p.
1642 2514 1738 2554 411.

1086 2571 1188 2620 Lips.
1221 2570 1370 2607 Eodem
1390 2584 1501 2607 sensu
1521 2566 1739 2610 κόπτεσθαι

1086 2628 1213 2673 11,61.
1242 2627 1303 2664 Ad
1321 2628 1458 2664 verba:
1477 2626 1629 2680 οἰμωγῇ
1650 2627 1738 2665 δια-

1085 2682 1292 2752 χρέωνται
1294 2679 1448 2749 ᾆπλέτω
1480 2683 1527 2719 cf.
1550 2684 1737 2731 V111‚99.

1142 2735 1186 2786 ὃς
1212 2736 1250 2778 δ’
1274 2736 1325 2778 ἂν
1343 2739 1386 2779 ἐν
1413 2725 1737 2793 πολέμω-τού-

1084 2809 1138 2834 τω
1173 2793 1215 2835 δὲ
1243 2795 1406 2836 εἴδωλον
1444 2780 1735 2844 σκευάσαντες]
