1897 3340
476 162 950 202 POLYMNIA.
1006 163 1105 202 V11.

1333 171 1418 211 735

165 274 324 330 σοὶσης,
361 271 535 317 ἐπέπεσέ
556 283 636 329 σφι
664 269 821 328 χειμών
846 285 891 314 τε
918 268 1049 326 μέγας
1076 271 1150 313 καὶ
1181 275 1337 326 πολλὸς
1366 276 1416 319 ἄ-

162 356 293 397 νεμος
319 337 579 398 ἀπηλιώτης,
605 339 682 385 τὸν
702 338 755 394 δὴ
777 336 1113 395 Ἑλλησποντίην
1141 341 1345 386 καλέουσι
1376 348 1420 389 οἱ

131 409 261 463 3περὶ
297 413 435 454 ταῦτα
473 409 526 453 τὰ
552 409 689 465 χωρία
717 405 952 461 οἰκημένοι,
983 406 1082 451 ὅσοι
1121 406 1200 463 μέν
1228 424 1313 451 νυν
1346 410 1450 453 αὐ-5

161 480 252 520 τῶν
291 476 535 533 αὐξόμενον
562 477 730 532 ἔμαθον
758 473 837 517 τὸν
866 472 1051 531 ἄνεμον,
1090 475 1164 519 καὶ
1200 479 1313 520 τοῖσι
1344 477 1419 520 οὕ-

161 561 222 588 τω
256 542 338 601 εἶχε
377 544 542 601 ὅρμου,
579 545 625 586 οἱ
662 542 698 587 δ’
742 543 945 599 ἔφθησαν
982 542 1058 587 τὸν
1100 547 1288 598 χειμῶνα
1317 542 1418 587 ἀνα-

162 611 403 664 σπάσαντες
442 611 517 663 τοὶς
544 610 656 663 νέας,
695 611 769 654 καὶ
797 609 926 654 αὐτοί
956 627 1000 654 τε
1029 614 1243 667 περιῆσαν
1271 611 1344 655 καὶ
1374 613 1422 655 αἱ

134 680 260 731 4νέες
301 677 461 723 αὐτῶν.
518 675 623 729 ὅσας
667 679 713 722 δὲ
751 683 841 722 τῶν
869 683 982 723 νεῶν
1018 681 1250 735 μεταρσίας
1279 678 1418 735 ἔλαβε,

159 747 237 800 τὰς
265 747 344 804 μὲν
372 745 544 802 ἐξέφερε
574 745 687 802 πρὸς
714 745 881 799 Ἰπνούς
908 747 1199 803 καλεομένους
1228 745 1333 798 τοὺς
1371 746 1418 791 ἐν
1435 755 1476 788 10

105 953 236 984 contra
258 959 375 998 quem
395 943 760 982 Valckenaeriuslo-

103 1005 264 1041 cutionis
297 1003 527 1053 elegantiam
561 1003 657 1039 tueri
677 1009 760 1039 stu-

104 1060 200 1097 duit.
267 1057 605 1106 Quemadmodum
655 1059 759 1095 enim

102 1117 246 1154 Latinis
266 1129 372 1152 mare
398 1115 534 1153 dicitur
543 1115 694 1165 fervere,
716 1128 759 1152 ac

96 1173 220 1224 fervor
239 1174 361 1219 maris,
380 1174 432 1209 ita
462 1173 598 1209 Graeci
627 1171 758 1209 dicunt

104 1227 215 1277 ζέειν,
241 1224 422 1276 α’ναζέειν
447 1228 493 1266 de
512 1230 627 1266 maris
647 1228 759 1266 undiS

103 1298 146 1323 ac
178 1286 374 1333 fluctibus,
411 1293 453 1322 ut
473 1285 575 1337 apud
596 1287 756 1336 Gregor-

99 1340 311 1396 Nazgstel.
350 1344 387 1379 II
419 1356 454 1393 p.
472 1343 525 1383 55
546 1344 592 1379 B.
621 1344 759 1380 Liban.

94 1398 136 1436 Π
156 1413 195 1450 p.
215 1398 297 1440 516
319 1400 362 1437 C.
391 1401 448 1435 De
467 1399 623 1450 Apelz'ote
642 1406 756 1437 vento

99 1455 178 1494 vid.
216 1463 313 1493 nott.
353 1454 401 1492 ad
427 1456 491 1503 IV,
520 1459 588 1496 29.
654 1455 758 1494 Add.

100 1514 222 1549 Kruse
242 1513 369 1549 Hellas
388 1514 418 1560 Ι,
440 1512 520 1553 275
543 1519 578 1549 et
597 1513 759 1558 VVesse-

99 1569 208 1619 ling„
230 1570 296 1621 qui
323 1568 371 1606 ad
390 1568 430 1606 h.
450 1569 476 1605 l.
497 1567 592 1606 haec
613 1568 756 1606 adscri-

98 1627 196 1677 psit:
241 1627 411 1674 „Ventus
433 1639 482 1662 ex
499 1627 756 1677 septentrione

99 1689 139 1719 et
158 1683 404 1733 Hellesponto
425 1683 519 1719 flans
535 1690 757 1733 propterea-

100 1751 177 1791 que
196 1739 459 1789 Hellespontias
478 1738 618 1787 dictus,
653 1740 755 1777 Atti-

101 1808 169 1832 cae
207 1797 355 1846 regioui
390 1797 581 1847 marisque
611 1797 757 1847 Aegaei

100 1852 230 1888 insulis
254 1851 377 1902 gravis
399 1859 436 1889 et
456 1851 660 1890 damnosus
691 1866 757 1890 ac-

99 1907 262 1955 cidebat,
273 1909 473 1946 Aristotele
483 1904 759 1958 PmbLXXVI,

100 1964 152 2006 57
181 1977 220 2015 p.
255 1966 331 2005 198
365 1964 425 2003 ed.
467 1965 648 2016 Sylburg.
686 1965 759 2003 do-

100 2022 261 2058 cente.“
338 2022 568 2058 Formantur
617 2028 756 2070 autem,

58 2098 62 2102 ·
99 2078 324 2115 observante
345 2077 563 2114 Blomfield.
584 2078 623 2113 iu
645 2079 759 2115 Glos-

102 2146 174 2172 sar.
189 2133 238 2170 ad
256 2133 435 2186 Aeschyl.
457 2132 630 2184 Choeph.
652 2134 759 2175 1054

103 2197 307 2227 ventorum
345 2191 503 2228 nomina
541 2192 685 2242 aliquot
718 2192 758 2227 in

105 2245 170 2292 ίας
190 2245 399 2283 desinentia
420 2248 466 2284 ab
488 2247 567 2284 aliis
587 2248 758 2284 nomini-

104 2301 188 2350 bus,
230 2308 273 2338 ut
298 2300 612 2353 Ἑλλησποντίης
647 2302 688 2341 11.
718 2304 757 2352 l.,

105 2358 356 2409 Στρυμονίης
391 2355 535 2408 ἄνεμος
570 2360 764 2410 κυματίης

106 2414 207 2463 VIII,
232 2416 324 2462 118,
355 2414 495 2467 γονίας
522 2415 562 2450 in
584 2414 764 2467 Aeschyl.

107 2470 134 2508 1.
153 2471 181 2507 l.
215 2471 387 2518 καικίας,
408 2470 480 2506 alia
501 2469 542 2506 id
562 2482 763 2520 genus.—

107 2527 183 2564 Pro
204 2522 358 2567 αὕτέων
378 2525 465 2563 dedi
486 2522 633 2565 αὐτῶν.

165 2604 233 2645 καὶ
257 2608 361 2645 τοῖσι
382 2600 486 2644 οὕτω
507 2600 583 2655 εἶχε
600 2600 759 2655 ὅρμου]

108 2662 135 2700 i.
156 2675 190 2701 e.
222 2665 255 2700 et
283 2662 407 2712 quibus
434 2660 494 2698 hoc
521 2674 585 2711 per
602 2664 764 2698 stationis

108 2721 281 2756 rationem
322 2719 436 2755 licuit.
493 2718 568 2754 Ubi
605 2719 763 2767 genitivi

110 2769 239 2826 ὅρμου
271 2787 358 2812 non
387 2775 460 2811 alia
495 2773 646 2813 videtur
685 2787 764 2811 esse

818 945 913 982 ratio
934 951 1048 997 atque
1060 945 1125 993 VI,
1157 947 1252 987 116.
1314 945 1376 983 Ad
1405 960 1476 984 vo-

819 1003 946 1039 culam
968 1003 989 1041 6
1005 999 1020 1040 ὲ
1042 1004 1080 1038 iu
1102 1002 1225 1039 verbis
1242 998 1324 1042 οἷδ’
1344 1003 1475 1055 ἔφθη-

820 1071 895 1098 σαν
940 1059 1040 1096 conf.
1080 1059 1246 1099 Werfer.
1295 1061 1335 1096 in
1374 1061 1477 1098 Actt.

818 1114 926 1166 phin.
958 1117 1133 1153 Monacc.
1162 1117 1179 1151 I
1214 1130 1252 1166 p.
1275 1119 1327 1157 96
1348 1118 1476 1169 ibique

819 1173 1058 1223 potissimum
1095 1174 1222 1214 Nostri
1250 1174 1382 1211 locum
1410 1175 1475 1223 IV,

876 1290 1178 1344 ἀνασπάσαντες
1197 1294 1268 1344 τοῖς
1289 1295 1399 1347 νέας]
1417 1300 1475 1335 De

818 1353 1033 1404 significatu
1059 1355 1165 1391 verbi
1197 1350 1383 1394 οἷνασπᾶν
1414 1357 1475 1406 egi

819 1409 1019 1458 adVII‚59.
1038 1412 1220 1448 Observat
1235 1418 1363 1448 autem
1375 1414 1478 1449 Ren-

815 1467 894 1504 nel.
920 1481 958 1517 p.
979 1470 1061 1508 702
1081 1481 1160 1520 seq.
1177 1466 1252 1508 h.l.
1274 1470 1478 1519 attingens,

818 1523 920 1574 apud
939 1531 1085 1562 veteres
1105 1538 1185 1561 non
1206 1526 1372 1575 singulas
1390 1533 1475 1563 tan-

816 1587 898 1616 tum
925 1593 1040 1618 naves
1071 1595 1092 1618 e
1128 1582 1225 1618 mari
1258 1581 1306 1618 ad
1335 1589 1475 1619 terram

816 1636 978 1674 educere
998 1639 1112 1675 moris
1124 1638 1248 1686 fuisse,
1270 1651 1405 1676 verum
1416 1647 1475 1676 et—

815 1695 893 1730 iam
914 1707 1072 1731 omnem
1093 1697 1276 1739 classem3
1304 1702 1347 1732 ut
1376 1694 1416 1733 h.
1448 1697 1475 1733 l.

815 1751 959 1787 factum
995 1764 1073 1788 esse
1111 1750 1297 1788 videmus.
1356 1751 1475 1789 Addit

816 1808 880 1843 ille
894 1814 1068 1844 veterum
1099 1820 1214 1845 naves
1243 1806 1329 1844 ideo
1361 1809 1475 1845 etiam

818 1877 1004 1915 perquam
1023 1864 1153 1914 planas
1174 1864 1287 1900 fuisse
1300 1893 1310 1908 ,
1345 1866 1474 1916 quales

818 1933 921 1957 nunc
960 1933 1038 1957 esse
1070 1919 1249 1957 dicuntur
1293 1921 1475 1958 Sinarum

818 1989 955 2024 naves,
984 1989 1082 2028 quae
1112 1983 1299 2014 vocantur
1321 1977 1474 2015 Iunlcen.

819 2054 875 2060 —
913 2034 958 2069 In
993 2046 1100 2085 seqq.
1137 2034 1347 2084 μεταρσίας
1382 2033 1476 2082 νέας

820 2088 916 2126 dixit
935 2102 1039 2127 naves
1057 2091 1095 2127 in
1115 2091 1189 2128 alto
1213 2095 1408 2137 versantes,
1420 2091 1477 2128 al-

820 2150 893 2184 tum
913 2150 1075 2183 tenentes.

876 2212 1034 2265 ἐξέφερε
1053 2210 1325 2266 πρόςἸπνοῦς
1336 2217 1475 2254 καλεο-

821 2268 967 2322 μένους
978 2268 1073 2318 τοῦς
1092 2271 1135 2310 ἐν
1156 2271 1325 2325 Πηλίῳ]
1357 2269 1476 2320 ἐκφέ-

823 2341 906 2379 ρειν
931 2326 977 2364 de
997 2328 1059 2376 iis,
1090 2340 1188 2380 quae
1208 2335 1411 2366 ventorum
1432 2341 1475 2364 ac

821 2390 1091 2433 tempestatum
1109 2385 1165 2422 vis
1186 2398 1234 2421 ex
1254 2386 1329 2421 alto
1358 2383 1406 2421 ad
1425 2385 1475 2420 li-

824 2447 885 2477 tus
906 2439 1028 2478 defert
1046 2454 1076 2478 s.
1106 2442 1229 2489 estoit,
1259 2440 1334 2479 dici
1364 2442 1475 2477 inve-

820 2496 946 2533 nimus
974 2500 1002 2544 Ι,
1037 2499 1103 2538 23.
1125 2498 1195 2539 24.
1250 2496 1353 2534 Add.
1374 2498 1472 2543 vlu,

826 2554 888 2598 12,
908 2554 981 2592 96-
1040 2551 1144 2603 Ipnos
1159 2555 1184 2591 i.
1207 2567 1239 2592 e.
1254 2554 1397 2603 furnos,
1407 2565 1473 2589 ca-

820 2609 932 2644 minos
958 2610 1064 2647 novit
1095 2623 1247 2662 quoque
1281 2609 1417 2645 Strabo
1444 2608 1471 2648 1,

820 2676 915 2700 mox
941 2665 989 2712 1.,
1016 2668 1191 2716 scopulos
1230 2664 1472 2715 probabiliter

819 2719 858 2756 in
879 2733 984 2758 mare
993 2728 1256 2773 procurrentes
1276 2719 1323 2757 ad
1334 2720 1473 2770 Sepia—

820 2774 878 2814 dis
897 2778 997 2818 litus.
1053 2780 1100 2815 In
1125 2784 1296 2814 mentem
1314 2777 1472 2816 veniunt
