1897 3340
434 258 518 299 496
831 252 1290 291 HERODOTI

408 366 649 422 5,,ἁλμυρῳ
691 366 912 419 ποταμῷ.“
977 359 1070 417 Τήν
1107 377 1151 404 τε
1190 358 1242 415 δὴ
1279 358 1507 402 θάλασσαν
1535 358 1694 403 ἐνετέλ-

437 438 531 476 λετο
553 431 746 475 τούτοισι
770 433 962 486 ζημιοῦν,
993 429 1064 472 καὶ
1094 432 1182 471 τῶν
1209 426 1479 472 ἐπεστεώτων
1508 430 1560 484 τῇ
1579 429 1719 479 ζεύξω

311 505 402 550 36·
434 503 518 545 τοῦ
538 497 859 555 Ἑλλησπόντου
891 496 1127 552 ἀποταμεῖν
1159 495 1236 546 τοὶς
1276 493 1484 550 κεφαλάς.
1543 496 1628 536 Καὶ
1652 495 1695 537 οἱ

105 569 374 631 ξξξῇξῐξῑεὲᾚῗξὰ-
432 567 511 623 μὲν
550 569 686 609 ταῦτα
715 565 886 607 ἐποίεον
914 568 1026 607 τοῖσι
1063 563 1316 619 προσεκέετο
1351 562 1459 617 αὕτη
1489 559 1516 617 ἡ
1547 560 1695 617 ἄχαρις
1753 580 1807 621 52

107 636 179 665 ⁰1³⁰·
412 633 561 689 Ξτιμή.
594 634 670 682 τὰς
700 632 746 675 δὲ
777 630 900 675 ἄλλοι
924 630 1219 687 ἀρχιτέκτονες
1257 629 1537 685 ἐζεύγνυσαν·
1578 628 1723 680 {geas-5

437 710 605 758 γνυσαν
634 700 680 742 δὲ
703 694 799 743 οἶδε.
843 698 1224 756 Πεντηκοντέρους
1256 699 1329 742 καὶ
1357 697 1557 753 τριήρεας
1589 706 1696 739 συν-

0 2583 15 2645 zt‘

383 874 556 913 Eustath.
578 873 626 911 ad
647 875 803 911 Homer.
824 873 867 910 Il.
889 887 925 924 p.
947 873 1041 920 359,

382 935 409 974 9
424 946 452 972 S.
470 935 547 973 271
571 931 636 969 fin.

440 984 658 1038 ἀποταμεῖν
670 981 945 1034 τοὶς-κεφαλάς]
960 986 1041 1021 Ηοο

384 1046 424 1081 iu
465 1044 739 1081 honestioribus
774 1040 877 1092 apud
910 1042 1041 1078 Persas

384 1102 575 1152 suppliciis
612 1098 786 1136 habitum
827 1110 928 1144 esse,
965 1109 1041 1149 quo

387 1159 457 1196 viri
493 1157 694 1194 nobiliores
730 1156 957 1206 plerumque
999 1166 1042 1190 ac

386 1213 570 1264 dignitate
599 1211 766 1264 quadam
792 1210 951 1261 praediti
984 1210 1043 1245 af-

386 1270 631 1316 ficiebantur,
652 1269 761 1319 plura
781 1266 919 1304 docent
937 1267 1044 1303 testi-

333 1327 336 1331 ’
386 1328 519 1364 monia
548 1327 762 1377 ipsumque,
803 1324 951 1374 opinor,
974 1335 1045 1359 vo-

388 1378 573 1421 cabulum
605 1378 702 1433 τιμή
740 1379 787 1417 de
825 1379 1047 1417 carnificum

388 1440 514 1477 officio
541 1451 634 1476 mox
662 1436 889 1474 adhibitum.
937 1436 1048 1472 Conf.

387 1504 483 1535 nott.
506 1495 554 1533 ad
584 1495 729 1531 Ctesiae
758 1493 937 1543 fragium.
959 1505 1047 1543 pag.

392 1555 484 1593 102.
511 1554 607 1593 208.
664 1548 776 1587 Unde
804 1562 883 1586 non
904 1562 1049 1596 omnes,

390 1609 456 1660 qui
467 1609 573 1659 ponti
583 1605 762 1644 struendo
774 1606 918 1656 operati
929 1612 1046 1653 erant,

389 1664 457 1702 sed
497 1664 618 1715 operis
655 1662 863 1713 praefectos
898 1668 1048 1698 tantum

391 1721 533 1758 occisos
554 1733 632 1757 esse
653 1718 820 1756 credam.
876 1718 926 1755 Et
945 1718 1048 1755 conf.

391 1790 545 1830 quoque
566 1777 667 1824 VIII,
690 1777 756 1816 90.
781 1775 874 1815 118·

579 1899 671 1950 Cap.
692 1897 874 1935 XXXVI.

450 1999 479 2052 ἦ
511 1998 648 2052 ἄχαρις
682 1994 805 2050 τιμὴ]
846 1999 872 2035 i.
895 2010 928 2034 e.
950 1999 1050 2034 triste

393 2071 540 2104 munus,
581 2056 749 2107 officium.
819 2054 928 2091 Conf.
965 2054 1047 2101 VH,

398 2117 477 2156 190
519 2110 658 2164 ἄχαρις
686 2108 874 2162 συμφορὴ
903 2110 989 2148 coll.
1022 2111 1052 2158 I,

395 2168 462 2210 41.
484 2170 548 2216 VI,
568 2171 593 2209 9
617 2169 746 2219 ibique
769 2173 866 2203 nott.

451 2223 522 2271 τοὶς
550 2222 592 2263 δὲ
630 2222 741 2263 ἄλλοι
787 2219 1053 2274 ἀρχιτέκτονες

395 2276 659 2332 ἐζεύγνυσαν]
690 2279 770 2316 scil.
790 2275 988 2329 γεφύρας,
1012 2283 1051 2312 ut

395 2337 477 2384 vil,
491 2336 564 2377 34:
588 2348 703 2387 quem
722 2336 850 2370 locum
871 2332 944 2369 hnc
955 2331 1052 2368 trahi

395 2406 504 2444 posse
529 2404 671 2442 negans
703 2388 1053 2439 Schweighaeuser.

397 2449 598 2501 (quamvis
636 2442 845 2498 ζευγνύναι
874 2440 1054 2495 γεφύρην

397 2506 567 2542 invenias
597 2505 661 2551 IV,
681 2502 747 2542 85.
770 2503 837 2542 88.
866 2504 932 2542 97-
960 2501 1055 2548 118)

397 2563 607 2613 speciosam
657 2558 776 2596 videri
816 2558 866 2594 ait
917 2556 1058 2594 Reiskii

398 2619 637 2664 sententiam,
658 2616 723 2667 qui
742 2627 875 2652 vocem
889 2612 979 2659 νέας
998 2614 1058 2650 vel

399 2670 523 2720 ἅκτοὶς
556 2674 617 2711 vel
658 2668 834 2723 γεφύρας
875 2667 1056 2707 excidisse

398 2732 618 2782 suspicatur,
648 2741 719 2764 nec
739 2734 865 2763 tamen
888 2740 965 2763 esse
985 2740 1057 2762 ne-

400 2787 620 2834 cessariam,
643 2785 673 2821 si
694 2782 860 2835 quidem,
884 2790 922 2819 ut
943 2784 1055 2832 paulo

402 2850 511 2892 ante,
543 2843 607 2880 ubi
629 2843 676 2897 τῇ
695 2835 797 2889 ζεύξι
817 2838 911 2876 dixit
931 2840 1055 2878 Hero-

1098 870 1220 919 dotus,
1259 871 1415 922 quilibet
1449 873 1500 926 τῇ
1539 866 1641 917 ζεύξι
1675 869 1754 907 ταῖν

1096 925 1302 980 γεφυρέων
1331 928 1576 973 intellexerit,
1614 927 1666 963 sic
1695 931 1754 961 et—

1097 985 1175 1020 iam
1195 983 1256 1019 hic
1276 984 1431 1020 fortasse
1460 982 1562 1019 haud
1588 983 1639 1018 ita
1669 994 1755 1017 ma-

1097 1052 1175 1090 gno
1217 1038 1463 1076 incommodo
1510 1038 1756 1089 praetermitti

1098 1108 1241 1133 nomen
1261 1091 1439 1146 γεφύρας
1468 1095 1652 1145 potuerit,
1692 1100 1757 1130 ut-

1098 1158 1188 1203 pote
1207 1153 1416 1202 legentium
1428 1153 1562 1187 animis
1582 1162 1758 1200 praesens

1100 1215 1138 1245 et
1158 1221 1178 1244 a
1201 1208 1370 1260 quolibet
1399 1209 1496 1245 ultro
1525 1205 1758 1244 subaudien-

1101 1264 1208 1302 dum.
1264 1265 1316 1301 At
1345 1276 1545 1315 perperam
1571 1262 1759 1309 nonnulli,

1101 1334 1201 1373 quae
1230 1320 1461 1358 antecedunt
1486 1320 1624 1358 verba:
1678 1316 1761 1356 Καὶ

1104 1377 1146 1417 οἱ
1167 1375 1240 1428 μὲν
1257 1379 1381 1416 ταῦτα
1401 1376 1570 1424 ἐποίεον,
1592 1373 1641 1412 ad
1659 1376 1760 1426 prio-

1103 1447 1190 1470 rum
1219 1435 1394 1484 pontium
1423 1431 1646 1470 architectos
1682 1433 1762 1467 iam

1105 1489 1334 1541 decapitatos
1372 1490 1561 1536 referunt,
1618 1489 1670 1525 ita
1717 1493 1760 1524 ut

1105 1549 1229 1586 ταῦτα
1258 1545 1306 1583 de
1336 1547 1521 1597 prioribus
1549 1545 1762 1594 intelligant

1105 1604 1283 1654 pontibus
1305 1610 1342 1639 et
1367 1600 1438 1649 τοὶς
1463 1602 1507 1641 δὲ
1526 1603 1566 1638 in
1586 1613 1690 1652 seqq.
1712 1598 1761 1636 de

1103 1660 1183 1696 aliis
1227 1660 1404 1709 pontibus
1446 1659 1525 1694 iam
1562 1655 1761 1694 struendis.

1104 1715 1204 1753 Sunt
1235 1715 1338 1750 enim
1365 1715 1429 1750 illa
1449 1712 1633 1750 Herodoti
1647 1712 1762 1749 verba

1102 1771 1236 1822 procul
1257 1770 1371 1808 dubio
1391 1769 1438 1807 de
1462 1771 1506 1807 iis
1531 1766 1764 1820 accipienda,

1105 1840 1250 1878 quorum
1279 1840 1404 1864 munus
1427 1826 1507 1876 fuit
1535 1838 1640 1863 saeva
1667 1826 1764 1872 regis

1107 1884 1277 1922 mandata
1301 1885 1454 1933 exsequi.
1511 1881 1574 1919 Ad
1601 1882 1764 1918 locutio-

1105 1953 1198 1976 nem
1216 1942 1338 1990 ipsam
1359 1939 1459 1978 conf.
1479 1940 1510 1986 I,
1534 1940 1612 1979 119
1635 1938 1764 1989 ibique

1104 2004 1200 2034 nott.
1231 1997 1312 2045 VII,
1333 1999 1402 2037 39.
1422 1996 1517 2036 238.

1163 2050 1510 2103 Πεντηκοντέρους
1546 2047 1614 2088 καὶ
1653 2044 1765 2099 τριή-

1110 2123 1201 2161 ρεας
1218 2107 1432 2154 συνθέντες
1455 2121 1493 2145 κ.
1520 2120 1552 2143 τ.
1577 2105 1632 2153 λ.]
1663 2105 1762 2142 Sen-

1108 2178 1170 2201 sus
1208 2165 1282 2201 loci
1326 2165 1392 2202 vix
1428 2163 1630 2201 obscurus;
1687 2159 1765 2198 duo

1108 2221 1212 2256 enim
1262 2219 1324 2256 hic
1371 2218 1585 2255 indicantur
1618 2223 1765 2267 pontes,

1108 2289 1272 2327 quorum
1301 2276 1418 2323 alteri,
1440 2276 1505 2327 qui
1530 2275 1655 2310 Ponto
1683 2274 1767 2309 Eu-

1107 2334 1199 2369 xino
1213 2333 1390 2369 obversus
1406 2338 1496 2377 erat,
1519 2330 1684 2366 CCCLX
1695 2341 1766 2365 na·-

1110 2402 1174 2426 ves
1196 2390 1424 2435 substratae3
1469 2387 1586 2433 alteri,
1608 2386 1673 2436 qui
1687 2386 1768 2421 Ae-

1111 2458 1251 2495 gaeum
1262 2457 1365 2480 mare
1375 2441 1768 2495 spectabat,CCCX1V

1113 2509 1290 2548 naves,ut
1310 2502 1408 2538 bene
1428 2499 1522 2538 vidit
1533 2499 1766 2548 Wesseling.

1114 2559 1246 2608 Itaque
1276 2557 1325 2594 ad
1363 2553 1444 2596 aino*
1468 2553 1541 2606 μὲν
1570 2551 1644 2604 τήν
1663 2561 1700 2591 et
1720 2552 1769 2590 ad

1113 2611 1196 2653 ’ὑπό
1218 2612 1260 2653 δὲ
1279 2610 1353 2664 τήν
1372 2611 1507 2664 ἑτέρην
1536 2623 1656 2662 aeque
1676 2610 1768 2647 sub-

1113 2671 1273 2720 intellig.
1313 2666 1514 2722 γεφύρηνς
1568 2665 1617 2703 ad
1656 2678 1768 2703 voces

1114 2723 1306 2777 ἑξήκοντα
1325 2724 1367 2764 δὲ
1386 2723 1453 2763 καὶ
1486 2722 1714 2773 τριηκοσίας
1731 2728 1767 2758 et

1113 2782 1162 2819 ad
1191 2781 1530 2833 τεσσερεσκαίδεκα
1560 2777 1628 2817 καὶ
1656 2792 1766 2829 τριη-

1110 2839 1248 2886 κοσίας
1275 2838 1398 2890 suppl.
1427 2834 1520 2883 νέας
1540 2832 1767 2881 συνθέντες.
