1897 3340
61 816 127 863 28

594 224 898 261 ERATO.
959 225 1032 261 Vl.

1378 230 1462 269 259

183 334 368 389 χρόνον,
399 333 550 389 ὄλύγον
576 331 663 388 πρό
694 333 1054 389 τῆςναυμαχίης,
1085 333 1209 376 παισὶ
1228 334 1462 391 γράμματα

185 402 539 457 διδασκομένοισι
575 398 748 444 ἐνέπεσε
787 400 815 457 ἡ
845 399 1001 458 στέγη,
1047 400 1157 446 ὥστε
1196 400 1273 446 ἀπ’
1304 402 1462 448 ἑκατὸν

155 471 262 514 3καὶ
291 472 428 513 εἴκοσι
455 470 628 512 παίδων
659 465 719 520 εἷς
749 474 919 525 μοῦνος
956 466 1169 526 ἀπέφυγε.
1212 475 1354 515 ταῦτα
1379 471 1459 528 μέν
1516 466 1598 508 450

180 550 264 598 §qu
292 534 454 593 σημήϊα
484 535 508 580 ὁ
536 536 639 588 θεὸς
655 538 874 593 προέδεξε·
906 537 1016 594 μετὰ
1035 537 1082 581 δὲ
1105 542 1268 591 ταῦτα,
1297 539 1326 596 ἡ
1355 557 1461 584 ναν·
1472 548 1517 582 55

182 606 312 661 μαχίη
345 603 658 661 ὑπολαβοῦσα,
698 606 741 657 ἐς
775 606 887 663 γόνυ
924 604 1003 662 τὴν
1031 605 1164 650 πόλιν
1195 606 1342 664 ἔβαλε·
1388 609 1459 654 ἐπὶ

180 674 228 718 δὲ
259 677 314 730 τῇ
332 675 552 730 ναυμαχίῃ
581 673 805 728 ἐπεγένετο
832 673 1043 729 Ἱστιαῖος,
1073 678 1292 732 Λεσβίους
1314 677 1456 733 ἄγων·

182 740 500 796 κεκακωμένων
522 742 568 785 δὲ
598 745 689 785 τῶν
716 742 865 794 Χίων,
906 743 1221 801 καταστροφὴν
1249 741 1460 798 εὐπετέως

179 877 329 922 τεύετο
368 878 438 922 ἐπὶ
479 878 650 932 Θάσον,
695 878 817 935 ἄγων
850 877 1014 924 Ἰώνων
1051 882 1126 925 καὶ
1156 881 1355 925 Αἰολέων
1383 894 1457 926 συ-

176 945 324 1003 χνούς.
372 945 701 1004 περικατημένῳ
741 947 790 991 δέ
839 948 885 991 οἱ
929 946 1080 992 Θάσον
1118 943 1227 1006 ἦλθε
1267 948 1456 1008 ἀγγελίη,

186 808 333 854 αὐτῶν
363 809 608 866 ἐποιήσατο.
662 807 895 854 Ἐνθεῠτεν
924 811 971 855 δὲ
1002 812 1026 856 ὁ
1065 811 1267 864 Ἱστιαῖος
1306 813 1458 868 έστρα-
1518 819 1592 847 P⁴¹³t
1615 821 1752 851 Thasum

1520 854 1675 883 adoritur:
1706 859 1760 886 sed

1518 888 1622 915 nuntio
1643 891 1748 926 allam,

1518 923 1648 950 classem
1666 925 1778 954 Persa-

1470 960 1583 993 60¹¹¹¹¹¹
1595 957 1633 983 ad
1643 959 1792 995 reliquam

1515 988 1620 1017 Ioniae
1644 998 1761 1026 partem

178 1013 237 1066 ὦς
277 1016 322 1058 οἱ
360 1017 565 1067 Φοίνικες
607 1015 892 1061 ἀναπλώουσι
940 1018 988 1062 ἐκ
1027 1020 1104 1074 τῆς
1143 1016 1348 1075 Μιλήτου
1387 1019 1460 1063 ἐπὶ
1517 1022 1731 1054 d‘’'’⁰¹1³¹¹‘¹³m

1517 1058 1793 1093 solvisse‚hesbum

145 1083 260 1140 Ξτὴν
296 1082 432 1140 ἄλλην
464 1082 643 1141 Ἰωνίην.
698 1084 954 1142 πυθόμενος
998 1085 1045 1129 δὲ
1095 1089 1255 1140 ταῦτα,
1306 1086 1457 1131 Θάσον
1513 1098 1648 1152 ywere
1669 1095 1757 1123 redit-

176 1152 257 1217 μὲν
306 1151 562 1210 ἀπόρθητον
605 1155 764 1208 λείπει,
814 1152 948 1206 αὐτὸς
988 1154 1035 1198 δὲ
1079 1154 1123 1206 ές
1159 1154 1242 1212 τὴν
1277 1154 1454 1212 Λέσβον

1543 1127 1603 1153 nde
1627 1135 1693 1155 cum
1711 1138 1759 1157 co-

1512 1159 1579 1194 pias
1598 1160 1629 1187 in
1646 1164 1742 1190 conti-

1512 1198 1636 1221 nentem
1659 1195 1792 1226 frumen—

146 1219 399 1278 δήπείγετο,
428 1221 548 1278 ἄγων
575 1226 723 1266 πᾶσαν
740 1221 821 1278 τὴν
848 1222 1067 1276 στρατιήν.
1111 1221 1160 1266 ἐκ
1190 1222 1366 1279 Λέσβου
1386 1223 1446 1271 δὲ,
1505 1229 1601 1255 ‘atum
1622 1231 1760 1259 traiecis-

1511 1265 1570 1295 set,
1592 1271 1659 1291 cum
1686 1265 1791 1295 Persis

175 1289 464 1347 λιμαινούσης
494 1292 539 1334 οἱ
575 1294 651 1346 τῆς
682 1294 904 1347 στρατιῆς,
944 1289 1084 1347 πέρην
1125 1292 1366 1348 διαβαίνει,
1405 1291 1791 1367 έκθὸῡὲζῖᾗξῗεῗξέἱίξὶἓ

176 1363 258 1403 τοῦ
286 1358 515 1414 Ἀταρνέος
545 1356 605 1410 ὥς
635 1357 816 1415 ἀμήσων
844 1359 924 1403 τόν
955 1364 1101 1412 σῖτον,
1131 1359 1211 1403 τόν
1235 1375 1280 1404 τε
1300 1359 1454 1404 ένθεῦ-
1512 1367 1641 1402 capitur-

178 1443 274 1480 τεν,
314 1428 389 1471 καὶ
420 1427 499 1472 τὸν
535 1427 584 1472 ἐκ
621 1429 797 1472 Καΐκου
835 1429 991 1472 πεδίου
1030 1427 1110 1471 τὸν
1144 1431 1233 1471 τῶν
1262 1431 1454 1472 Μυσῶν.

119 1590 186 1636 ΙΠ,
213 1592 281 1630 66,
331 1590 396 1638 IV,
423 1587 515 1630 104.
554 1589 716 1626 Siebelis
737 1587 787 1626 ad

119 1647 284 1685 Pausan.
298 1648 393 1694 111‚6
405 1647 443 1692 ᾗ.
458 1648 495 1687 1.
515 1647 562 1682 In
573 1659 680 1698 seqq.
694 1650 787 1685 παῖ-

122 1703 193 1750 δας
225 1700 437 1755 γράμματα
471 1702 788 1754 διδασκομένους

117 1773 257 1811 pueros
275 1763 414 1798 Noster
431 1760 637 1805 intellexit,
659 1762 727 1812 qui
745 1761 787 1797 in

118 1815 255 1855 scholis
274 1819 471 1855 literarum
492 1818 690 1855 elementis
708 1818 788 1854 im-

118 1875 302 1912 buuntur.
333 1874 445 1912 Couf.
465 1875 514 1922 II,
541 1873 633 1916 154.

176 1930 217 1978 ἐς
247 1928 348 1984 γόνυ
380 1928 454 1983 τήν
494 1926 615 1971 πόλιν
651 1929 782 1983 ἔβαλε]

119 1989 237 2026 urbem
253 1991 291 2026 in
305 2001 399 2039 genu
414 1990 564 2038 proiecit
574 2001 604 2025 s.
619 1992 786 2039 prostra—

118 2047 191 2094 vit,
227 2047 254 2083 i.
277 2059 309 2086 e.
340 2045 498 2084 omnibus
518 2046 639 2096 opibus
654 2047 783 2096 priva-

115 2104 192 2151 vit,
221 2105 374 2141 maxime
394 2104 547 2141 attrivit.
604 2102 679 2148 Qui
698 2101 740 2141 h.
755 2103 782 2143 l.

117 2160 240 2210 tangit
258 2161 430 2212 Etymol.
450 2160 504 2197 M.
525 2173 556 2196 s.
575 2156 784 2212 ν.πρηνη“ς

118 2228 208 2267 pag.
229 2219 326 2259 687.
348 2220 414 2266 30,
440 2217 606 2269 explicat
625 2217 682 2265 εἰς
694 2217 784 2257 δου-

120 2275 230 2312 λείαν
251 2270 463 2327 ἔπήγαγεν.
520 2274 572 2310 Et
601 2274 704 2312 conf.
736 2275 783 2322 V,

120 2330 186 2377 92,
209 2331 247 2375 ξ·
270 2334 316 2370 2:
348 2332 506 2371 πολλῶν
528 2325 561 2369 δ’
583 2328 666 2370 ύπό
686 2326 784 2384 γού-

122 2401 220 2425 νατα
244 2383 367 2426 λύσει.
424 2388 681 2425 Locufionem
709 2401 784 2439 po-

120 2449 241 2480 sterae
261 2445 391 2481 aetatis
405 2445 606 2495 scriptores
616 2445 783 2482 imitatos

118 2512 201 2536 esse
219 2507 452 2548 monstrant,
482 2514 582 2553 quae
607 2503 777 2540 Wessel.

124 2557 247 2594 attulit
267 2570 316 2594 ex
345 2558 512 2609 Appian.
531 2558 691 2596 Punico.
712 2558 780 2598 94„

123 2612 171 2649 B.
200 2613 282 2650 civ.
311 2616 359 2663 11,
391 2613 488 2654 146.
518 2615 584 2662 m,
611 2617 666 2655 20
687 2622 785 2652 extr.

126 2669 190 2715 30,
213 2669 297 2708 alia.
367 2672 467 2708 Hinc
496 2669 599 2721 apud
634 2672 784 2708 Aelian.

124 2724 171 2759 V.
192 2726 241 2761 H.
261 2726 327 2773 111,
353 2731 402 2768 17
426 2727 482 2774 εἰς
506 2723 608 2779 γόνυ
638 2731 785 2767 πεσεῖν.

124 2801 180 2806 —
201 2782 245 2816 In
265 2781 342 2818 fine
362 2796 446 2834 cap.
460 2780 593 2823 αύτῶν
613 2783 702 2821 dedi
718 2798 786 2835 pro

125 2835 292 2877 αὐτέων.

1034 1588 1129 1639 Cap.
1150 1589 1332 1627 XXVIII.

901 1642 1167 1698 λιμαινούσης
1189 1645 1231 1685 οἷ
1251 1648 1324 1698 τῆς
1356 1657 1514 1698 στρατι-

843 1703 920 1754 ῆς]
961 1704 987 1740 i.
1019 1716 1054 1742 e.
1088 1715 1165 1740 cum
1196 1703 1300 1754 fame
1333 1703 1513 1742 laboraret

844 1762 1022 1797 exercitus
1054 1773 1152 1797 suus.
1222 1760 1366 1798 Omnes
1397 1760 1512 1799 codd.

844 1811 1145 1867 δειμαινούσης,
1166 1816 1272 1868 quod
1292 1831 1342 1854 ex
1367 1819 1513 1855 Heriu-

844 1886 916 1924 gae
957 1880 1072 1925 atque
1099 1872 1246 1910 Reiskii
1291 1875 1512 1912 coniectura

843 1929 1121 1967 Valckenaerio
1162 1943 1319 1983 quoque
1350 1931 1512 1983 probata

841 1988 1079 2039 Wesseling.
1110 1989 1275 2026 mutavit
1303 1989 1344 2024 in
1377 1990 1512 2040 λιμαι-

842 2040 995 2095 νούσης
1015 2058 1038 2081 a
1058 2045 1177 2082 verbo
1198 2045 1410 2096 λιμαίνειν,
1433 2058 1510 2097 quo

838 2103 975 2140 Noster
993 2109 1049 2139 est
1067 2115 1156 2139 usus
1168 2102 1250 2150 VH,
1264 2102 1394 2144 25.-—
1415 2103 1511 2140 Mox

840 2172 861 2195 e
895 2159 1116 2196 melioribus
1144 2159 1248 2197 libris
1275 2157 1436 2197 exhibui
1467 2159 1510 2200 ἔκ

838 2218 913 2255 τοῦ
941 2212 1164 2268 Ἀταρνέος.
1222 2218 1281 2253 De
1309 2217 1393 2267 ipso
1419 2217 1509 2254 loco

840 2273 943 2311 conf.
964 2275 994 2321 I,
1019 2276 1112 2314 160.
1144 2274 1282 2324 Affigit
1301 2271 1343 2311 h.
1365 2274 1391 2311 l.
1414 2273 1507 2312 Ste-

839 2329 958 2382 phau.
979 2332 1076 2382 Byz.
1097 2344 1127 2368 s.
1149 2344 1187 2370 v,
1208 2344 1247 2381 p.
1268 2331 1337 2372 83.
1370 2326 1508 2382 Ἀταρ-

841 2383 955 2434 νεύς·
986 2383 1197 2438 πολίχνιόν
1209 2403 1247 2427 τι
1263 2384 1507 2440 καταντικρύ

838 2443 1003 2496 Λέσβου
1030 2445 1227 2494 κείμενον.
1266 2442 1370 2481 Add.
1391 2446 1509 2481 Man·
1552 2491 1558 2494 ᾖ

838 2509 935 2539 nert.
966 2501 1108 2552 Geogr.
1138 2501 1202 2548 VI,
1232 2502 1256 2540 3
1286 2513 1378 2552 pag.
1412 2503 1508 2543 398.

897 2612 968 2654 τόν
1000 2613 1042 2654 ἐκ
1076 2614 1234 2652 Καΐκου
1264 2613 1406 2653 πεδίου
1438 2610 1508 2652 τόν

843 2674 921 2710 τῶν
936 2671 1117 2719 ΝΙυσσῖν]
1133 2669 1355 2707 Indicantur
1367 2669 1507 2718 campi,

845 2740 939 2779 quos
959 2734 1131 2778 permeat
1144 2726 1274 2764 Caicus
1293 2727 1428 2771 amnis,
1442 2725 1507 2775 qui

846 2783 894 2821 ad
925 2785 1064 2821 montis
1093 2784 1238 2820 Temni
1267 2781 1437 2819 radicem
1467 2781 1506 2815 in

844 2842 966 2892 Mysia
1001 2848 1099 2877 terra
1127 2839 1377 2889 proveniens,
1419 2835 1506 2873 dein

1131 2897 1182 2933 17
1205 2891 1230 2914 *ξ

1884 492 1897 576 Ἰ...
