1897 3340
454 185 1111 228 TERPSICHORE.
1173 185 1220 221 V.

1418 187 1474 225 55

216 297 394 355 ῥωδέων
422 297 468 341 δὲ
505 294 674 339 τούτων
702 294 883 347 ἕκαστα,
922 291 1177 350 ἐβουλεύετο
1218 290 1469 336 ἀπόστασιν.

208 367 440 411 συνέπιπτε
487 362 571 419 γάρ
617 362 691 405 καὶ
736 362 815 406 τόν
859 361 1110 417 ἐστιγμένον
1159 360 1238 416 την
1276 359 1473 416 κεφαλὴν

208 434 390 489 ἀπῖχθαι
431 431 478 474 ἐκ
515 429 726 473 Σουσέων
767 429 885 485 παρά
919 428 1147 481 Ἱστιαίου,
1195 430 1466 485 σημαίνοντα
1522 430 1602 469 389

207 501 470 545 ἀπίστασθαι
521 497 807 555 Ἀρισταγόρῃ

865 494 954 540 ἀπὸ
1001 499 1214 554 βασιλέος.
1286 496 1336 540 Ὁ
1385 497 1469 552 γάρ

176 569 422 619 3Ἱστιαῖος,
454 566 721 623 βουλόμενος
747 569 809 622 τῷ
836 563 1118 623 Ἀρισταγόρῃ
1141 568 1334 622 σημῇναι
1364 563 1526 608 ἀπο-95

204 640 380 693 στῆναι,
423 636 562 687 ἄλλως
601 637 680 691 μὲν
710 631 915 689 οὐδαμῶς
954 632 1037 690 εἶχε
1079 632 1307 689 ἀσφαλέως
1337 636 1470 689 σημῇ-

202 722 299 757 ναι,
342 704 449 748 ὥστε
487 702 857 761 φυλασσομενέων
897 705 987 745 τῶν
1025 700 1160 746 ὁδῶν·
1211 700 1233 745 ὁ
1273 701 1343 752 δὲ,
1380 705 1471 744 τῶν

200 772 373 817 δούλων
402 771 482 816 τόν
520 770 784 816 πιστότατον
822 768 1101 825 ἀποξυρήσας
1137 767 1219 825 τὴν
1255 768 1467 826 κεφαλὴν,

177 840 367 893 4ἔστιξε,
406 841 481 884 καὶ
519 839 717 895 ἀνέμεινε
759 838 983 894 ἀναφῦναι
1019 836 1098 888 τάς
1135 838 1295 893 τρίχας.
1334 837 1394 889 ὥς
1423 839 1469 881 δὲ

201 907 429 964 ἀνέφυσαν
457 907 655 964 τάχιστα,
696 906 917 962 ἀπέπεμπε
947 906 990 958 ές
1019 907 1244 962 Μίλητον,
1286 905 1526 949 ἐντειλά-ΒΟ

200 993 332 1032 μενος
363 974 484 1034 αὐτῷ
513 974 619 1018 ἄλλο
649 975 729 1030 μὲν
760 974 912 1030 οὐδὲν,
956 973 1086 1019 έπεάν
1116 974 1161 1018 δὲ
1193 972 1395 1030 ἀπίκηται
1423 974 1467 1025 ἐς

199 1046 413 1101 Μίλητον,
443 1042 633 1088 κελεύειν
658 1042 973 1102 Ἀρισταγόρην
1002 1042 1251 1099 ξυρήσαντά
1288 1057 1365 1096 μιν
1393 1041 1468 1092 τὰς

197 1113 345 1167 τρίχας
374 1113 629 1156 κατιδέσθαι
658 1112 701 1164 ές
737 1113 817 1169 τὴν
845 1111 1058 1169 κεφαλήν.
1097 1110 1151 1154 τά
1181 1109 1227 1154 δὲ
1257 1111 1467 1165 στίγματα

199 1180 427 1236 ἐσήμαινε,
459 1181 519 1232 ὥς
548 1181 621 1224 καὶ
649 1179 865 1236 πρότερόν
895 1197 971 1236 μοι
1003 1181 1182 1236 εἴρηται,
1214 1177 1466 1222 ἀπόστασιν.

168 1256 190 1290 5
210 1252 356 1292 Ταῦτα
386 1249 433 1293 δε
464 1248 487 1292 ὁ
514 1247 713 1299 Ιστιαῖος
742 1249 902 1297 ἐποίεε,
943 1247 1182 1329 συμφορην
1210 1245 1523 1301 ποιεύμενος35

198 1316 390 1372 μεγάλην
438 1316 518 1372 τὴν
559 1316 730 1360 ἑωυτοῦ
775 1332 966 1372 κατοχην
1015 1313 1096 1371 τὴν
1133 1314 1180 1357 έν
1218 1314 1464 1358 Σούσοισι·

199 1381 463 1435 ἀποστάσιος
499 1386 562 1427 ὠν
591 1383 845 1440 γινομένης,
885 1381 1050 1433 πολλάς
1079 1379 1162 1438 εἶχε
1192 1383 1366 1433 ἐλπίδας
1395 1397 1466 1437 με·

196 1451 408 1508 τήσεσθαι
437 1451 505 1494 ἐπὶ
534 1450 787 1495 θάλασσαν·
824 1469 881 1508 μη
913 1452 959 1495 δὲ
988 1449 1204 1506 νεώτερόν
1241 1467 1283 1493 τι
1321 1448 1465 1493 ποιεύ-

139 1639 204 1664 νοι
236 1638 269 1662 S.
309 1619 581 1675 ἀπολεόμενοι.
620 1626 685 1672 ΠΙ,
719 1626 799 1665 132

140 1689 177 1718 et
203 1680 339 1718 Matth.
370 1683 436 1719 Gr.
469 1683 534 1718 Gr.
570 1695 660 1732 pag.
701 1683 797 1722 928·

137 1739 308 1775 Plurima
333 1740 543 1790 Bergman.
585 1746 621 1775 et
650 1740 798 1775 Bense-

137 1797 194 1832 ler
223 1795 271 1832 ad
301 1797 456 1834 Isocrat.
484 1797 675 1846 Areopag.
706 1807 795 1845 pag.

139 1853 233 1892 229.
253 1855 350 1893 230.

194 1952 261 1993 καὶ
278 1950 349 1993 τόν
384 1952 611 2006 ἐστιγμένον
633 1951 708 2004 τήν
729 1968 797 1993 κε-

139 2009 274 2061 φαλήν
297 2006 493 2061 ἀπῖχθαι]
537 2012 705 2048 Serviun
734 2012 797 2047 in-

136 2068 283 2118 telligit,
311 2069 416 2104 cuius
437 2074 551 2118 caput
575 2081 703 2104 rasum
722 2081 797 2104 no-

137 2125 183 2161 tis
211 2126 289 2161 sive
320 2126 436 2175 signis
467 2124 696 2175 quibusdam
727 2124 796 2162 de-

137 2181 340 2218 fectionem
361 2195 382 2218 a
403 2183 524 2218 Persis
542 2182 795 2218 indicantibus

139 2236 357 2274 distinctum
373 2245 463 2274 erat.
502 2240 563 2275 Ex
585 2238 793 2285 Herodoto,

137 2301 179 2330 ut
215 2297 366 2332 monuit
399 2294 672 2343 Valckenaer.‚
711 2309 795 2332 rem

62 2377 67 2386 ,
138 2353 311 2402 exposuit
332 2353 466 2390 TzetZ.
489 2351 587 2389 Chil.
608 2354 673 2399 ΙΙΙ,
697 2353 793 2393 512.

137 2409 204 2454 IX,
235 2411 314 2449 228
344 2422 423 2461 seq.
452 2410 622 2461 itemque
646 2410 796 2446 Aeneas

138 2465 314 2501 Tacticus
341 2466 380 2501 in
411 2466 574 2503 Poliorc.
606 2469 681 2513 313
723 2467 796 2503 alio

139 2532 187 2556 ex
211 2521 316 2557 fonte
342 2522 494 2559 fluxisse
514 2522 665 2559 videtur
685 2524 798 2559 Gellii

139 2579 299 2614 narratio
329 2580 455 2616 Noctt.
490 2580 570 2616 Att.
600 2580 721 2626 XVII,
754 2581 794 2619 9.

141 2632 331 2683 Polyaeno
359 2636 389 2682 I,
420 2635 474 2676 24
505 2636 537 2672 si
565 2635 678 2682 fides,
716 2635 793 2672 hu-

141 2687 300 2727 iusmodi
327 2698 441 2728 notae
467 2693 545 2729 sive
575 2693 705 2732 literae,
725 2705 794 2729 ca-

141 2745 208 2794 piti
237 2745 388 2784 fuerunt
413 2749 633 2799 inscriptae:
672 2748 792 2817 Ι,στι-

140 2796 499 2858 αῖοςἈρισταγόρᾳ·
511 2800 673 2845 Ἰωνίαν
685 2801 791 2845 ἀπό·-

860 1636 1019 1675 στησον.
1048 1645 1098 1651 -
1130 1625 1176 1660 In
1195 1636 1305 1675 seqq.
1327 1621 1376 1659 ad
1405 1623 1520 1660 verba

857 1678 983 1727 ἄλλως
1015 1678 1088 1730 μὲν
1117 1675 1306 1730 ου’δαμοός
1344 1695 1379 1718 κ.
1413 1694 1444 1717 τ.
1486 1683 1519 1718 λ.

854 1738 956 1775 conf.
977 1736 1112 1774 Matth.
1126 1739 1192 1774 Gr.
1208 1739 1274 1775 Gr.
1296 1749 1383 1787 pag.
1398 1738 1519 1783 1262,

854 1808 972 1847 quem
993 1793 1161 1831 eundem
1180 1807 1269 1845 pag.
1294 1793 1400 1833 1225
1421 1805 1517 1829 con-

851 1853 922 1889 sul.
954 1851 1002 1888 de
1032 1864 1127 1888 voce
1158 1848 1270 1890 ᾱίστε.
1318 1848 1421 1886 Add.
1453 1850 1517 1897 VI,

856 1908 923 1949 94.
966 1910 1024 1944 De
1040 1915 1227 1945 structura
1253 1907 1360 1945 verbi
1382 1906 1518 1957 ξυρεῖν

856 1972 893 2001 et
931 1961 1146 2016 ἀποξυρεῖν
1184 1963 1264 2001 vid.
1292 1962 1385 2000 ibid.
1428 1975 1515 2013 pag.

854 2025 879 2062 7
884 2025 936 2062 72
958 2029 994 2059 et
1015 2021 1061 2058 de
1082 2028 1268 2058 structura
1288 2020 1395 2056 verbi
1416 2016 1517 2058 ἀνα-

853 2077 987 2130 μένειν
1007 2077 1099 2116 ibid.
1120 2091 1209 2130 pag.
1238 2076 1358 2118 1056-

907 2183 1031 2220 ταῦτα
1052 2179 1094 2220 δὲ
1117 2179 1142 2221 0‘
1157 2179 1343 2225 Ἱστιαῖος
1364 2177 1513 2227 ἐποίεε]

851 2239 949 2275 Tres
960 2239 1046 2274 libri
1058 2237 1231 2288 ἐποίησε.
1260 2237 1402 2274 Similis
1419 2248 1515 2272 con-

849 2295 948 2332 fusio
987 2296 1032 2343 V,
1076 2299 1122 2335 11
1166 2295 1233 2331 fin.
1292 2293 1515 2344 „Spectavit

848 2350 945 2389 haec
973 2354 1133 2389 Nonnus
1164 2353 1203 2388 in
1226 2351 1400 2400 Gregorii
1423 2350 1514 2387 Ste-

853 2409 908 2445 lit.
939 2410 975 2444 II
1003 2423 1042 2459 p.
1078 2410 1196 2448 162.“
1256 2405 1512 2457 Gaissord.

854 2465 967 2511 Quod
987 2466 1158 2517 sequitur
1187 2477 1402 2515 συμφορην
1421 2477 1512 2502 ποι-

855 2518 1024 2573 εύμενος
1038 2551 1048 2569 ‚
1071 2523 1258 2558 illustrant
1273 2520 1321 2557 ad
1341 2522 1385 2567 V,
1400 2519 1517 2560 5110-

852 2586 943 2616 tata.
1010 2578 1073 2615 Ad
1105 2580 1221 2616 verba
1251 2592 1441 2627 νεωτερον
1474 2591 1511 2614 τι

849 2647 1043 2686 ποιευσης
1066 2635 1167 2672 conf.
1188 2641 1284 2671 nott.
1296 2634 1344 2671 ad
1363 2635 1428 2680 HJ,
1442 2635 1508 2673 62.

848 2692 950 2730 Add.
961 2694 1006 2740 V,
1019 2695 1086 2733 93.
1120 2692 1187 2729 Cr.
1202 2692 1347 2728 confert
1361 2689 1509 2728 Sohae-

848 2750 917 2787 fer.
946 2748 1126 2800 Append.
1166 2748 1215 2786 ad
1241 2749 1356 2786 Bastii
1388 2746 1507 2796 Epist.

848 2806 941 2843 crit.
970 2819 1059 2857 pag.
1091 2807 1145 2846 29
1179 2812 1217 2842 et
1243 2804 1293 2841 ad
1323 2801 1507 2852 Sophocl.
