1897 3340
427 181 512 221 78⁰
834 181 1283 218 HERODOTI

400 293 574 338 ἓψαντο
603 303 708 338 τους
736 288 959 339 ἐναντίους
979 288 1184 341 τετράκις.
1229 291 1368 332 Τοῦτο
1398 291 1445 333 δε
1473 291 1678 347 συνεστή-
1691 298 1736 334 25

427 370 495 398 κεε
525 354 645 410 μέχρι
678 349 734 398 οὗ
765 358 808 398 οἱ
836 357 917 399 σὺν
951 355 1154 413 Ἐπιάλτη
1187 355 1486 411 παρεγένοντο.
1545 374 1604 408 ως
1634 358 1681 402 δὲ

428 420 610 472 τούτους
646 423 765 477 ἥκειν
799 423 1016 467 ἐπύθοντο
1059 425 1102 466 οἱ
1120 423 1333 480 Ἕλληνες,
1365 425 1568 468 ἐνθεῦτεν
1596 425 1679 469 έτε-

428 494 608 544 ροιοῦτο
648 489 696 532 τὸ
727 495 879 540 νεῖκος.
911 490 952 540 ἒς
981 506 1024 533 τε
1052 489 1133 544 γὰρ
1163 489 1211 534 τό
1257 491 1427 535 στεινὸν
1464 495 1540 548 τῆς
1569 493 1680 536 ὁδοῦ

431 556 674 613 ἀνεχώρεον
693 555 844 605 ὀπίσω,
874 556 947 598 καὶ
975 556 1354 613 παραμειψάμενοι
1373 557 1422 602 τό
1439 565 1587 615 τεῖχος,
1617 561 1679 603 ἐλ-
1691 567 1738 600 30

397 625 582 674 3θόντες
612 625 755 676 ἵζοντο
785 624 854 666 ἐπὶ
883 622 959 666 τὸν
987 623 1185 667 κολωνόν
1216 624 1374 676 πάντες
1395 626 1512 678 ἁλέες
1536 629 1580 670 οἱ
1609 625 1681 670 ἄλ.-

426 698 507 743 λοι,
538 691 652 747 πλὴν
685 692 900 746 Θηβαίων.
958 689 982 734 ὁ
1013 692 1059 734 δὲ
1085 691 1279 743 κολωνός
1317 692 1405 736 ἐστι
1443 694 1489 737 ἐν
1526 697 1579 750 τῇ
1617 693 1681 737 έσ-
1711 702 1714 703 ’

427 760 515 819 ὁδῳ
534 759 643 802 ’ὅκου
672 763 755 802 νῦν
784 757 807 802 ὁ
841 760 1014 808 λίθινος
1052 756 1162 800 λέων
1193 757 1340 814 ἕστηκε
1369 760 1438 803 ἐπὶ
1466 763 1678 817 Λεωνίδῃ.

399 828 477 872 4έν
505 825 645 882 τούτῳ
679 825 814 880 σφέας
856 829 918 883 τῷ
960 824 1086 882 χώρῳ
1115 823 1400 880 ἀλεξομένους
1436 830 1737 883 μαχαίρῃσι,ὃὸ

425 900 540 939 τοῖσι
580 893 729 937 αὐτῶν
767 893 1000 949 ἐτύγχανον
1037 893 1099 937 ἔτι
1137 896 1429 946 περιεοῦσαι,,,
1460 895 1532 937 καὶ
1562 896 1681 950 χερσὶ

424 964 498 1007 καὶ
528 961 733 1018 στόμασι,
764 960 1011 1017 κατέχωσαν
1040 961 1083 1004 οἱ
1111 958 1332 1017 βάρβαροι
1361 958 1606 1017 βάλλοντες·
1637 963 1683 1006 οἱ
1737 966 1818 1005 612

354 1181 426 1206 v·—
459 1161 502 1195 In
536 1172 643 1211 seqq.
676 1157 942 1211 ’ὑπεξείρυσαν
973 1165 1028 1197 est

369 1217 632 1254 subtraxerunt.

425 1274 543 1312 τοῦτο
583 1270 625 1311 δὲ
662 1266 924 1322 συνεστήκεε]
965 1271 1027 1309 hoc

368 1328 384 1378 (
406 1330 431 1366 i.
461 1343 495 1366 e.
517 1328 610 1365 haec
636 1341 766 1378 pugna
796 1342 825 1364 s.
849 1327 908 1365 hic
933 1341 1027 1365 con-

369 1386 506 1430 nictus)
519 1385 663 1422 duravit
684 1398 791 1434 usque
810 1385 904 1432 dum,
924 1399 953 1421 s.
974 1388 1027 1422 ita

362 1446 563 1493 pugnatum
590 1445 662 1489 est,
699 1442 793 1479 dum.
855 1442 964 1478 Conf.
995 1443 1024 1489 Ι,

369 1498 446 1538 74:
488 1500 559 1548 τῆς
591 1494 718 1548 μάχης
747 1493 1026 1548 συνεστεώσης..

370 1553 483 1601 Quod
520 1555 690 1605 sequitur
724 1552 944 1606 ἑτεροιοῦτο
979 1549 1023 1593 τὸ

369 1614 502 1657 νεῖκος
512 1618 640 1647 sonat:
671 1615 842 1647 mutatum
858 1614 908 1647 est
920 1623 1026 1661 proe-

369 1667 468 1714 lium,
518 1667 628 1703 aliam
666 1680 810 1716 spectem
848 1669 1025 1704 assumsit.

367 1725 426 1759 De
446 1736 540 1761 voce
550 1726 678 1769 νεῖκος
700 1722 779 1758 dixi
799 1721 847 1758 ad
870 1722 1025 1771 V1,42;

369 1779 417 1816 de
456 1780 572 1817 verbo
613 1777 888 1829 έτεροιοῦσθαι
924 1779 1024 1816 conf.

367 1837 436 1883 IX,
462 1838 554 1876 101.
584 1834 794 1872 Larcherus
814 1837 1025 1872 contulerat

369 1893 619 1928 Homericum
659 1887 879 1942 ἕτεραλκής.
936 1891 1022 1930 vid.

369 1947 504 1999 Odyss.
543 1949 624 1996 Vll,
672 1950 738 1988 26.
788 1949 888 1995 VIII,
929 1951 1023 1988 171.

367 2007 487 2052 XVII,
527 2007 621 2044 627.
667 2004 712 2040 11.
751 2006 884 2051 XXII,
926 2006 1021 2044 236.

367 2057 719 2112 παραμειψάμενοι
763 2061 1018 2112 interpretor:

362 2120 618 2169 praetergressi
636 2129 785 2154 murum.

424 2169 610 2219 ἐλθόντες
630 2174 788 2221 ἵζοντο]
819 2176 876 2210 De
906 2173 1025 2223 parli-

368 2229 455 2278 clpii
475 2224 658 2275 ἐλθόντες
676 2242 747 2265 usu
768 2232 868 2266 cons.
888 2227 1023 2264 matth.

367 2286 433 2322 Gr.
456 2285 520 2320 Gr.
552 2286 585 2329 ξ.
609 2286 686 2324 557
721 2298 757 2333 p.
785 2287 888 2323 1102
909 2291 945 2319 et
975 2282 1023 2318 de

366 2347 552 2377 structura
573 2341 676 2377 verbi
697 2339 852 2385 ἵζεσθαι
862 2345 955 2375 nott.
975 2337 1024 2375 ad

367 2398 412 2446 V,
439 2399 501 2436 12.

421 2449 516 2492 ’ὅκου
536 2452 611 2489 νῦν
631 2447 654 2489 ὅ
675 2452 832 2497 λίθινος
862 2449 961 2488 λέων
984 2449 1022 2489 ε’-

368 2509 516 2559 σῑηκε]
561 2507 660 2542 Hinc
691 2509 824 2543 merito
854 2508 1020 2555 colligas,

367 2567 491 2615 ipsum
507 2562 743 2600 Herodotum
763 2562 828 2599 has
850 2565 1021 2613 regiones

366 2623 533 2658 invisisse
555 2618 719 2670 indeque
741 2633 800 2656 eas
815 2627 890 2655 laun
912 2633 1022 2656 accu-

367 2685 445 2714 rate
497 2677 742 2726 descripsisse.
802 2676 856 2711 Cf.
899 2678 970 2727 lle)
982 2690 1020 2712 se

367 2748 453 2784 pag.
483 2733 570 2773 124.
628 2733 807 2769 observat
828 2739 953 2768 autem
976 2734 1018 2771 C.

368 2793 412 2827 Ο.
435 2791 582 2827 muller.
605 2787 721 2840 (Dor.
742 2790 758 2824 Ι
778 2802 815 2839 p.
837 2787 916 2837 04)
938 2790 1019 2825 leo-

1082 1171 1175 1196 nem
1212 1158 1326 1196 fuisse
1363 1158 1639 1209 Spartanorum
1676 1171 1740 1194 re-

1083 1228 1177 1266 gum
1196 1216 1356 1266 insigne,
1388 1214 1630 1266 eundemque
1650 1212 1740 1251 hinc

1085 1273 1200 1308 etiam
1210 1273 1249 1308 iu
1258 1272 1422 1308 Menelai
1435 1273 1569 1323 clypeo
1585 1283 1740 1322 reprae—

1083 1335 1272 1366 sentatam
1303 1329 1478 1366 inveniri.
1534 1327 1597 1364 Ad
1630 1340 1742 1365 voces

1084 1384 1149 1424 ἐπὶ
1171 1385 1360 1439 Λεωνίδῃ
1391 1386 1449 1432 (in
1476 1384 1655 1421 Leonidae
1677 1384 1741 1421 Ιιο-

1082 1442 1225 1492 norem)
1255 1440 1333 1478 vid.
1361 1439 1496 1478 Matth.
1527 1441 1593 1477 Gr.
1615 1441 1681 1477 Gr.
1705 1441 1741 1486 §.

1083 1497 1177 1538 586.
1252 1499 1311 1533 De
1364 1498 1461 1534 colle
1510 1497 1739 1547 VVesseling.

1082 1554 1245 1590 conferri
1284 1554 1364 1591 vult
1391 1552 1606 1590 Philostrat.
1627 1554 1672 1591 V.
1693 1554 1743 1592 A.

1081 1610 1145 1657 1V,
1186 1612 1254 1650 23.
1304 1609 1493 1648 Simonid.
1530 1611 1661 1660 Epigr‚
1699 1610 1739 1646 in

1080 1664 1290 1716 Antholog.
1330 1667 1403 1714 111,
1446 1666 1472 1707 5
1521 1678 1609 1716 pag.
1656 1667 1738 1705 296

1083 1721 1272 1770 [Bi-unck.
1303 1723 1428 1758 Anall.
1456 1723 1475 1757 I
1501 1734 1589 1772 pag.
1625 1722 1739 1769 131].

1083 1779 1155 1823 Qui
1183 1779 1286 1815 collis
1313 1780 1352 1814 in
1383 1779 1539 1814 introitu
1569 1778 1739 1814 saucium

1080 1835 1170 1871 situs
1192 1842 1245 1871 est
1265 1848 1381 1886 prope
1403 1847 1491 1870 eum
1512 1836 1652 1882 locum,
1673 1835 1739 1870 ubi

1079 1891 1199 1927 Turci
1221 1892 1312 1927 ol’nn
1332 1892 1493 1940 vectigal
1521 1891 1737 1941 exigebant,

1078 1948 1108 1984 is
1128 1947 1327 1984 Dodwello
1349 1948 1477 1996 (Reise
1498 1946 1533 1984 d.
1556 1948 1621 1983 Gr.
1642 1948 1688 1993 11,
1712 1950 1731 1986 1

1078 2017 1162 2054 cap.
1187 2006 1235 2044 18
1257 2017 1293 2054 p.
1318 2006 1395 2044 136
1417 2017 1512 2043 vers.
1534 2001 1735 2050 German.)

1080 2058 1142 2097 hic
1159 2061 1317 2110 intelligi
1337 2058 1498 2097 videtur.

1135 2119 1238 2155 τοῖσι
1263 2112 1396 2154 αὐτων
1438 2110 1650 2165 ἐτύγχανον
1680 2111 1735 2152 ε’τι

1079 2171 1335 2223 περιεοῦσαι]
1372 2182 1425 2206 sc.
1459 2170 1502 2208 αἱ
1530 2183 1734 2218 μαχαιραι.

1080 2227 1191 2266 Cous,
1213 2226 1426 2276 swpmNII,
1458 2228 1562 2265 223:
1585 2221 1735 2273 δόρατα

1079 2281 1151 2333 μέν
1174 2296 1247 2319 νυν
1266 2293 1366 2320 τοισι
1386 2255 1569 2319 πλεόνεσι
1600 2278 1733 2319 αὐτων

1078 2340 1294 2387 τηνικαῦτα
1313 2333 1497 2389 ἐτύγχανε
1518 2333 1734 2388 κατεηγότα

1077 2392 1171 2444 ἤδη.
1230 2395 1313 2430 Fuit
1343 2395 1445 2430 enim
1473 2394 1572 2430 illius
1604 2394 1733 2430 aetatis

1079 2463 1182 2497 mos,
1231 2457 1272 2486 ut
1311 2449 1418 2487 hasta
1460 2449 1577 2487 fracta
1597 2448 1732 2500 gladiis

1077 2513 1285 2543 uterentur.

1134 2561 1358 2612 κατέχωσαν
1371 2561 1412 2600 οἷ
1431 2556 1733 2612 βάρβαροιβάλ-

1077 2620 1239 2666 λοντες]
1297 2620 1322 2654 i.
1352 2631 1384 2654 e.
1416 2619 1497 2654 illos
1536 2618 1732 2665 (Graecos

1076 2677 1182 2720 scil.)
1212 2676 1272 2711 hoc
1294 2676 1331 2711 in
1352 2674 1424 2710 loco
1453 2687 1487 2710 se
1507 2673 1730 2723 ‹ltfendentes

1077 2732 1224 2780 gladiis,
1254 2731 1424 2776 manibus,
1446 2743 1512 2777 ore,
1542 2730 1728 2766 obruerunt

1075 2788 1204 2825 iaculis
1232 2786 1300 2836 (in
1329 2799 1394 2824 eos
1413 2783 1617 2835 coniectis)
1643 2785 1730 2822 bar-
