1897 3340
0 1357 11 1390 [ι

494 165 949 208 POLYMNIA
1006 165 1106 202 VII.
1343 170 1427 210 745

174 280 272 336 ἷρὸν
309 282 391 324 τοῦ
429 280 689 335 Λαφυστίου
726 274 858 326 Διός·
899 273 958 324 ὥς
981 271 1172 326 Ἀθάμας
1213 269 1236 314 ὁ
1263 274 1484 319 ΑἰόλουΞο

168 346 467 406 ἐμηχανήσατο
513 348 658 402 Φρίξῳ
695 343 860 399 μόρον,
905 340 988 385 σὺν
1022 338 1129 383 Ἰνοῖ
1164 340 1426 394 βουλεύσας·

168 419 388 475 μετέπειτα
427 416 494 467 δὲ,
525 431 584 465 ως
614 413 660 456 ἐκ
687 410 961 466 θεοπροπίου
996 407 1154 463 Ἀχαιοὶ
1186 413 1431 488 προτιθεῖσι

139 490 289 530 Ξτοῖσι
329 486 497 529 ἐκείνου
528 477 786 535 ἀπογόνοισι
824 477 1014 528 ἀέθλους
1042 474 1260 520 τοιουσδε.
1305 473 1353 525 ὃς
1374 474 1431 518 ἂν

168 550 198 612 ᾗ
226 557 306 598 τοῦ
325 553 473 609 γένεος
502 549 661 592 τούτου
686 545 1007 601 πρεσβύτατος,
1039 542 1182 599 τούτῳ
1212 540 1432 594 ἐπιτάξαν-

167 637 235 672 τες
264 622 466 675 ἔργεσθαι
494 619 573 659 τοῦ
603 615 886 670 πρυτανηίου,
918 612 1044 656 αὐτοὶ
1084 609 1286 667 φυλακὰς
1315 610 1433 666 ἔχου-

169 700 234 732 σι
287 687 437 744 λήιτον
467 684 513 728 δὲ
544 683 749 727 καλέουσι
776 681 826 725 τὸ
856 680 1129 737 πρυτανήϊον
1164 681 1207 723 οἱ
1243 677 1430 734 Ἀχαιοί·
1443 685 1487 720 25

167 755 225 812 ἢν
265 755 311 799 δὲ
349 754 526 810 ἐσέλθῃ,
577 749 660 795 οὐκ
698 751 786 795 ἔστι
811 748 923 802 ὅκως
959 750 1084 802 ἔξεισι
1112 748 1217 803 πρὶν
1246 745 1273 803 ἢ
1302 747 1432 791 θύσε-

107 989 217 1015 men.
249 990 337 1028 pag.
368 978 445 1018 162
475 987 556 1028 seq.
582 974 772 1012 excitave—

116 1041 173 1070 rat
200 1034 230 1069 C
240 1047 271 1070 r.

172 1089 373 1140 μετέπειτα
393 1085 468 1137 δὲ]
508 1088 608 1124 Male
629 1085 776 1124 Sohae-

118 1147 220 1183 ferus
240 1146 392 1182 retinuit
413 1141 507 1195 μετοέ
520 1144 574 1183 δέ.
588 1165 643 1172 -
663 1142 775 1189 Quod

115 1204 286 1254 sequitur
318 1200 555 1253 προτιθέναι
602 1196 776 1246 οἷὲθλους

115 1260 216 1298 valet
236 1259 379 1305 labores,
402 1259 591 1295 certamina
610 1258 776 1293 mulctae

116 1329 146 1354 s.
167 1328 315 1367 poenae
335 1316 444 1367 quasi
478 1316 563 1351 loco
593 1317 774 1364 imponere.

118 1373 177 1410 Cf.
198 1374 228 1420 I,
248 1374 339 1412 126.
360 1372 423 1419 IV,
448 1374 510 1411 10.
530 1393 586 1398 —
604 1372 648 1406 In
668 1384 775 1422 seqq.

117 1425 245 1482 τούτῳ
266 1425 516 1476 ἐπιτάξαντες
537 1441 558 1463 e
586 1428 776 1464 Florenti-

117 1499 169 1523 no
199 1485 406 1537 ceterisque
443 1483 554 1521 codd.
597 1483 777 1521 exhibui-

118 1556 204 1580 mus
231 1554 300 1593 pro
334 1543 440 1592 vulg.
476 1537 637 1586 τούτου,
659 1553 776 1592 quam

118 1598 368 1639 Valckenaer‚
389 1599 529 1644 mutari
547 1599 721 1636 voluerat
735 1598 776 1634 in

119 1658 276 1695 τοῦτον.

176 1709 315 1763 λήϊτον
341 1709 384 1750 δὲ
406 1708 590 1750 καλέουσι
609 1708 654 1750 ‘co'
675 1725 779 1763 πρυ-

119 1767 288 1819 τανήϊον
313 1768 354 1807 οἷ
368 1763 553 1818 Ἀχαιοὶ]
597 1767 701 1809 Quod
723 1780 780 1804 es-

121 1829 172 1862 set
197 1824 338 1875 populi,
374 1825 574 1874 populicum
606 1825 684 1861 sive
709 1837 780 1874 pu-

122 1882 272 1929 blicum,
317 1877 358 1920 τὸ
384 1877 586 1930 δημόσιον,
616 1893 684 1931 pro
718 1879 779 1917 di-

122 1951 229 1976 versa
240 1936 548 1988 pronuntiatione
561 1933 778 1984 λαός,λεο)“ς,

122 1991 218 2045 ληός
248 1993 427 2031 dixerunt
454 2001 599 2031 veteres
631 1989 782 2040 λάϊτον,

123 2050 275 2100 λέϊτον,
306 2053 447 2096 λεῖπον,
477 2047 615 2100 λη’ϊτον
643 2056 680 2086 et
711 2051 785 2103 λῇ-

123 2123 205 2147 τον.
220 2109 244 2127 “
311 2106 480 2144 Valcke
495 2120 517 2143 η
530 2120 579 2144 ae
594 2120 625 2143 r.
665 2107 785 2142 citans

125 2162 291 2214 Hesych.
312 2177 390 2200 s.v.
412 2164 448 2199 II
468 2177 506 2214 p.
528 2163 623 2203 463.
644 2161 785 2199 Ruhn-

126 2219 218 2258 ken.
239 2220 358 2268 Epist.
388 2221 470 2257 crit.
489 2222 507 2256 Ι
527 2233 566 2270 p.
587 2217 654 2260 54.
674 2220 784 2255 Pier-

126 2290 209 2314 son.
246 2274 293 2311 ad
330 2276 450 2314 Moer.
475 2289 564 2326 pag.
593 2276 676 2317 252
705 2289 784 2327 seq.

127 2331 230 2370 Add.
242 2332 452 2368 Observatt.
463 2331 510 2367 ad
531 2333 712 2369 Ammon.
723 2346 784 2382 cp.

131 2392 183 2430 16
204 2403 242 2439 p.
267 2386 346 2428 144
367 2400 485 2438 seqq.,
513 2387 580 2423 ubi
598 2389 696 2424 bene
727 2396 786 2425 et-

129 2447 208 2482 iam
230 2444 276 2482 de
298 2456 393 2481 voce
413 2443 668 2494 λειτουργίας,
689 2456 786 2495 quae

129 2501 301 2539 eiusdem
326 2507 380 2537 est
408 2500 581 2549 originis;
633 2498 680 2535 de
711 2512 787 2551 qua

128 2559 229 2597 conf.
254 2559 366 2595 citata
382 2558 427 2593 ab
445 2557 487 2592 C.
499 2557 560 2592 Fr.
575 2557 785 2594 Hermann.

129 2613 283 2653 Griech.
323 2610 598 2652 Staatsalterth.
629 2613 665 2657 ξ.
708 2615 788 2652 160

128 2679 209 2709 not.
230 2675 270 2712 2.
328 2671 385 2707 Ac
419 2670 461 2706 C.
491 2670 535 2708 Ο.
567 2669 716 2705 Muller.
739 2666 788 2704 ad

129 2727 309 2780 Aeschyl.
329 2725 535 2763 Eumenid.
556 2739 594 2776 p.
611 2727 677 2765 66.
694 2722 787 2772 134,

131 2786 229 2822 bene
263 2785 458 2832 observat,
489 2781 592 2834 apud
623 2782 788 2819 Graecos

830 972 953 1023 prisco
1000 984 1109 1009 more
1157 984 1487 1024 unumquemque,

831 1030 898 1081 qui
918 1029 1285 1077 aliuminterfecerit,
1308 1030 1488 1066 continuo

832 1087 878 1122 ab
918 1087 1094 1122 omnibus
1137 1086 1228 1123 locis
1275 1086 1386 1122 sacris
1426 1091 1491 1121 aut

832 1143 1099 1179 communibus
1109 1142 1221 1179 fuisse
1234 1141 1466 1193 prohibitum
1478 1153 1491 1189 3

832 1198 935 1236 unde
968 1199 1260 1250 explicandum,
1300 1197 1403 1251 quod
1430 1198 1493 1235 vel

832 1257 939 1306 genti
973 1255 1352 1303 Afflamanfidarum,
1393 1267 1492 1307 quae

831 1313 982 1363 piaculo
1003 1313 1068 1349 tali
1090 1314 1267 1350 obstricta
1280 1318 1387 1359 esset,
1409 1310 1493 1348 adi-

831 1376 916 1407 tum
944 1368 992 1405 ad
1022 1370 1167 1406 curiam
1195 1383 1272 1407 non
1295 1382 1493 1406 concesse-

832 1427 921 1463 rint.
955 1426 1026 1463 Cr.
1049 1425 1095 1463 de
1114 1439 1209 1463 voce
1229 1423 1367 1475 λη’ϊτον
1403 1438 1493 1462 con-

831 1483 922 1519 ferri
942 1483 1112 1521 voluerat
1127 1485 1168 1522 F.
1190 1484 1237 1520 A.
1253 1482 1377 1520 Wolf.
1398 1483 1493 1518 Pro-

832 1540 932 1590 legg.
965 1539 1012 1576 ad
1041 1539 1240 1577 Demosth.
1270 1541 1381 1590 Lept.
1406 1550 1492 1589 pag.

832 1597 1036 1634 LXXXVI
1056 1604 1136 1634 not.
1155 1596 1220 1637 59.
1260 1598 1338 1643 Ac,
1358 1609 1407 1631 ne
1417 1596 1494 1630 mi·-

834 1655 936 1702 reris,
959 1654 1098 1691 exstitit
1118 1667 1253 1703 nuper,
1287 1653 1353 1705 qui
1381 1664 1494 1689 voces

834 1706 1141 1761 λήϊτον,λάἰ”τον,
1155 1710 1304 1747 Latium
1318 1707 1494 1745 adunam

833 1769 989 1817 stirpem
1010 1764 1189 1804 referret!

892 1821 988 1874 πρὶν
1027 1819 1056 1873 ἢ
1093 1818 1299 1861 θύσεσθαι
1344 1818 1493 1873 μέλλῃ]

836 1881 1066 1930 „priusquam
1077 1879 1126 1916 ad
1137 1891 1236 1916 aram
1248 1878 1410 1924 ducatur,
1435 1877 1498 1913 ubi

838 1935 1045 1973 mactandus
1071 1939 1132 1974 est.
1139 1937 1162 1955 “
1219 1936 1275 1971 lta
1297 1932 1413 1971 Sclm
1416 1933 1498 1982 eig-

839 1992 985 2039 liaeus,
1016 1993 1081 2044 qui
1113 1993 1228 2029 etiam
1247 2003 1352 2042 seqq.
1382 1990 1498 2027 verba

839 2048 978 2088 πολλοὶ
1024 2046 1104 2099 ἤδη
1149 2063 1231 2087 των
1273 2042 1498 2097 μελλόντων

839 2102 992 2144 τούτων
1030 2103 1234 2143 θύσεσθαι
1270 2104 1499 2153 interpreta-

841 2169 922 2199 tur:
953 2161 1079 2198 multos
1096 2174 1138 2198 ex
1157 2162 1213 2198 his
1226 2190 1235 2208 ‚
1268 2173 1326 2210 αμα
1347 2163 1402 2196 ita
1419 2171 1500 2196 ma-

842 2218 965 2256 ctandi
997 2218 1156 2269 fuissent
1199 2224 1235 2254 et
1262 2217 1418 2253 iuferius
1448 2213 1501 2261 ὥς

839 2271 1009 2322 θύεται,
1050 2286 1126 2312 eum
1168 2275 1329 2321 mactari,
1368 2274 1420 2310 ita
1457 2278 1501 2308 ut

840 2333 1003 2369 verbum
1031 2326 1210 2370 θύεσθαι
1240 2330 1378 2381 passivi
1425 2341 1501 2365 no-

841 2390 945 2425 tione
986 2389 1203 2439 accipiatur.
1260 2388 1347 2423 Fuit
1379 2398 1500 2437 quum

843 2443 891 2481 de
931 2446 1052 2481 activa
1086 2446 1292 2495 cogitarem
1331 2444 1503 2487 notione,

844 2500 919 2552 qu&
957 2496 1138 2539 θύεσθαι
1174 2501 1352 2552 frequens
1400 2496 1502 2547 apud

843 2555 1081 2593 Herodotum
1104 2571 1182 2594 esse
1202 2556 1336 2593 monui
1357 2553 1404 2590 ad
1421 2553 1501 2599 VII,

847 2614 936 2660 189,
956 2613 1008 2649 ita
1027 2620 1069 2650 ut
1098 2615 1235 2665 cuique
1263 2617 1502 2662 posterorum

843 2667 1086 2707 Athamantis
1125 2669 1345 2720 impositum
1377 2665 1501 2712 fuerit,

843 2733 886 2762 ut
918 2727 999 2777 ipse
1037 2725 1236 2763 hominem
1276 2736 1343 2760 sua
1381 2734 1503 2758 manu

843 2795 998 2821 caesum
1015 2789 1201 2835 tanquam
1221 2780 1417 2820 victimam
1431 2776 1503 2815 deo
