1897 3340
288 433 353 478 23

24 529 29 534 .
85 496 186 532 ibique
200 497 336 526 Zanclen

84 536 245 567 occupant.

414 252 499 293 254

810 252 1277 290 HERODOTI

418 360 465 403 οἱ
491 358 656 414 Σάμιοι
692 362 852 413 μοῦνοι
889 358 1046 403 Ἱώνων
1085 359 1346 416 ἐστάλησαν,
1394 359 1481 403 σύν
1520 361 1566 404 δέ
1601 372 1681 416 σφι

415 428 647 482 Μιλησίων
684 428 729 468 οἱ
759 426 1081 483 ἐκπεφευγότες.

1148 426 1219 470 Ἐν
1257 423 1291 485 ᾦ
1329 426 1503 470 τοιόνδε
1545 427 1599 484 δή
1638 443 1680 471 τι

418 494 644 549 συνήνεικε
672 492 889 548 γενέσθαι.
945 493 1110 548 Σάμιοι
1127 495 1211 550 γὰρ
1238 494 1516 550 κομιζόμενοι
1543 494 1585 545 ἐς
1604 499 1678 538 Σι-

417 563 585 616 κελίην,
626 560 825 614 ἐγίνοντο
856 561 903 604 ἐν
935 565 1146 614 Λοκροῖσι
1190 566 1304 604 τοῖσι
1328 559 1679 614 Επιζεφυριοισι,
1691 569 1736 602 90

414 628 488 672 καὶ
518 631 779 683 Ζαγκλαῖοι,
819 628 943 672 αὐτοί
971 644 1015 671 τε
1044 628 1118 671 καὶ
1147 626 1170 671 ὁ
1201 628 1403 684 βασιλεὺς
1431 627 1589 680 αὐτῶν,
1616 632 1679 686 τῷ

414 694 585 752 οὕνομα
616 697 673 751 ἦν
701 695 907 750 Σκύθης,
947 693 1249 749 περιεκατέατο
1278 694 1423 740 πόλιν
1433 699 1523 738 τῶν
1551 699 1678 739 Σικε-

383 767 528 814 Ξλῶν,
567 762 725 813 ἐξελεῖν
765 762 1039 818 βουλόμενοι.
1099 763 1258 816 μαθων
1297 762 1343 806 δὲ
1372 766 1509 806 ταῦτα
1539 762 1563 806 ὁ
1590 761 1679 818 Ῥη-

411 832 514 886 γίου
533 828 752 885 τύραννος
778 828 1047 882 Ἀναξίλεως,
1079 828 1177 872 τότε
1205 829 1289 872 ἐῶν
1318 829 1535 886 διάφορος
1563 835 1676 874 τοῖσι

359 991 534 1032 rhenief‘
591 993 726 1044 Neque
767 991 884 1042 igitur
923 1003 1018 1042 opus

356 1063 446 1086 cum
466 1050 625 1086 Pauwio
644 1061 715 1100 pro
733 1050 805 1099 τῆς
834 1049 1018 1098 Σικελίης

356 1107 561 1143 rescribere
570 1108 621 1156 τῆ
625 1121 643 1152 ς
663 1102 836 1155 Ἰταλίης,
852 1111 893 1141 ut
911 1105 1016 1155 Tyr-

355 1161 488 1199 rhenia
508 1164 752 1212 intelligatur,
765 1174 851 1212 pars
869 1162 1013 1198 Italiae.

354 1221 467 1267 Nam,
487 1226 531 1256 ut
556 1221 654 1256 bene
682 1225 815 1255 monet
835 1217 1013 1256 Bredow.

355 1276 470 1327 Spec.
503 1277 712 1325 Uranolog.
752 1274 895 1311 Herod.
927 1287 1016 1325 pag.

353 1333 496 1380 XXIV,
525 1334 635 1369 Italia
654 1334 734 1383 ipsa
758 1328 825 1384 (de
846 1344 922 1383 quo
943 1343 1018 1367 no-

340 1390 458 1427 ·mine
479 1390 583 1427 conf.
602 1396 698 1427 nott.
722 1387 771 1425 ad
788 1388 852 1435 IV,
877 1387 947 1438 15)
977 1388 1017 1423 in

352 1444 581 1498 Tyrrhenia>
618 1447 745 1497 potius
786 1443 1017 1497 quaerenda,

353 1516 476 1555 quum
497 1504 590 1540 olim
613 1515 730 1539 omne
757 1502 846 1538 litus
878 1501 925 1537 ab
945 1502 1018 1537 Al-

351 1560 462 1611 pibus
481 1559 572 1596 inde
586 1572 708 1610 usque
729 1557 776 1594 ad
789 1558 931 1594 fretum
951 1557 1017 1594 Si-

351 1616 483 1652 culum
503 1614 698 1667 Tyrrheni
718 1615 909 1651 tenuerint
928 1627 1015 1649 ma-

351 1673 460 1724 rique
492 1671 681 1709 adiaceuti
717 1683 862 1708 nomen
893 1668 1014 1707 dede-

351 1729 440 1766 rint.
461 1750 520 1757 --
537 1725 691 1769 τούτων
715 1727 805 1765 dedi
834 1739 904 1779 pro
923 1741 1013 1767 τον-

350 1783 464 1825 τέων.

556 1863 649 1914 Cap.
667 1863 812 1900 XXIII.

409 1952 588 2006 ἐγίνοντο
617 1951 662 1992 ἐν
691 1955 889 2003 Λοκροῖσι
909 1954 1011 1990 τοῖσι

349 2006 693 2061 Ἐπιζεφυρίοισι]
734 2008 910 2060 ἐγίνοντο
939 2021 1010 2059 pro

351 2065 533 2119 ἐγένοντο
581 2064 712 2117 (quod
745 2063 940 2102 Schaefer.
973 2071 1010 2101 et

351 2121 488 2160 Matth.
526 2123 759 2171 tenuerunt)
800 2120 889 2158 dedi
919 2134 1009 2157 cum

351 2177 572 2228 Schweigh.
604 2185 641 2214 et
671 2177 809 2224 Gaisf.,
838 2178 1010 2229 itemque

351 2248 445 2272 mox
465 2232 599 2274 αὐτῶν
620 2247 688 2285 pro
719 2229 885 2272 αὐτέων.
944 2232 1007 2270 Ad

350 2293 425 2329 loci
436 2298 663 2329 structuram
674 2290 804 2327 confer
814 2291 862 2327 sis
871 2288 1007 2327 Matth.

350 2350 417 2386 Gr.
439 2349 506 2385 Gr.
526 2360 614 2398 pag.
639 2346 760 2387 1114.
798 2349 895 2383 Nam
919 2359 1008 2382 sen-

350 2418 412 2442 sus
432 2411 508 2442 est:
541 2404 622 2446 Quo
651 2407 796 2453 tempore
818 2402 940 2440 Samii
961 2402 1011 2440 ad

350 2461 483 2499 Locros
519 2460 777 2510 Epizephyrios
812 2472 1010 2509 pervenere,

351 2518 530 2555 Zanclaea*
545 2517 663 2553 urbem
683 2514 886 2552 Siculorum
913 2516 1010 2552 obsi-

350 2574 491 2612 debant.
523 2573 663 2610 Confer
682 2574 729 2609 sis
749 2579 844 2608 nott.
879 2570 927 2608 ad
946 2573 1010 2620 1V,

349 2630 417 2671 53.
466 2632 523 2667 De
543 2635 768 2679 argumento
791 2629 862 2665 loci
883 2641 926 2664 ac
937 2641 1010 2680 po—

349 2688 538 2723 tissimum
569 2685 616 2722 de
648 2685 784 2722 Zancle
806 2685 957 2721 condita
978 2687 1008 2722 Ι.

350 2744 549 2793 Millingen
580 2742 788 2792 disputasse
819 2742 934 2778 fertur
969 2743 1007 2777 in

350 2801 565 2837 Transactt.
587 2800 631 2836 ol'
646 2797 710 2835 the
731 2799 836 2849 royal
853 2799 1008 2850 society

349 2857 394 2894 of
407 2858 562 2897 Literat.
581 2856 699 2897 1329.
721 2854 760 2894 4.
782 2854 906 2891 Lond.
924 2856 1007 2892 Vol.

1071 988 1229 1027 secund.
1257 1003 1315 1028 nr.
1349 991 1400 1026 X.
1457 989 1544 1028 Vid.
1565 990 1732 1030 Seebod.

1072 1053 1110 1084 et
1129 1046 1237 1085 Ialm.
1253 1047 1393 1086 Annal.
1415 1045 1562 1098 philoll.
1585 1055 1622 1086 et
1638 1061 1733 1100 pae-

1072 1102 1187 1153 dagg.
1216 1105 1382 1144 1831.1
1411 1117 1501 1154 pag.
1534 1107 1613 1146 106
1652 1118 1732 1158 seq.

1071 1160 1159 1197 coll.
1190 1160 1342 1211 Grysar.
1374 1162 1431 1197 De
1451 1162 1644 1199 Dorienss.
1665 1175 1733 1198 co-

1070 1214 1200 1253 moed.
1229 1229 1317 1267 pag.
1342 1217 1416 1257 141
1442 1230 1521 1269 seq.
1559 1219 1618 1255 De
1637 1217 1734 1269 Hip-

1068 1276 1212 1323 pocrate
1240 1272 1342 1310 conf.
1369 1274 1451 1321 V‚11
1474 1273 1567 1315 154.
1624 1273 1736 1312 Locri

1073 1329 1331 1380 Epizephyrii,
1379 1331 1446 1381 qui
1484 1331 1734 1383 antiquissimi

1075 1386 1251 1422 omnium
1281 1399 1302 1422 e
1329 1387 1489 1424 Graecia
1514 1387 1556 1423 in
1584 1388 1735 1425 Italiam

1074 1444 1346 1493 commigrasse
1366 1442 1565 1492 dicuntur,
1587 1443 1638 1482 ad
1654 1446 1735 1481 ze-

1072 1498 1255 1551 phyrium
1299 1501 1627 1550 promontorium,
1671 1502 1735 1538 cui

1069 1569 1173 1592 nuuc
1183 1569 1327 1592 nomen
1344 1556 1444 1606 Capu
1454 1556 1490 1594 Β
1495 1570 1640 1606 urzano,
1660 1556 1732 1595 ha-

1070 1612 1231 1649 bitantes
1252 1625 1275 1648 a
1303 1611 1441 1663 Rhegii
1461 1611 1606 1651 ditione
1619 1627 1732 1665 sepa—

1068 1669 1251 1705 rabantur
1285 1669 1428 1706 Halece
1465 1670 1596 1708 fluvio.
1673 1672 1731 1708 De

1067 1726 1205 1777 quibus
1224 1726 1335 1776 plura
1366 1726 1518 1764 Cluver.
1537 1727 1624 1764 Ital.
1644 1727 1731 1763 An·-

1067 1783 1137 1833 tiq.
1167 1781 1233 1830 IV,
1269 1782 1319 1823 15
1348 1795 1438 1833 pag.
1488 1785 1590 1824 1301
1623 1796 1729 1836 seqq.

1067 1839 1257 1876 Mamiert.
1280 1839 1423 1888 Geogr.
1442 1839 1511 1887 IX,
1532 1842 1559 1880 ἢ
1587 1853 1626 1890 p.
1651 1842 1730 1882 186

1068 1907 1175 1947 seqq.
1227 1893 1410 1946 Scythae,
1449 1896 1730 1933 Zanclaeorum

1068 1952 1181 2001 regis,
1201 1964 1252 1989 ex
1268 1953 1350 2002 ipso
1371 1951 1568 1989 Herodoto
1588 1953 1731 1993 memi-

1067 2009 1124 2045 nit
1143 2009 1293 2044 Aeliau.
1313 2009 1358 2045 V.
1379 2010 1429 2046 H.
1450 2010 1551 2057 VIII,
1575 2012 1639 2056 17,
1661 2009 1727 2046 ubi

1065 2071 1224 2111 annotat
1256 2065 1478 2102 Perizonius
1516 2065 1638 2103 videri
1663 2064 1728 2103 hic

1065 2119 1254 2171 Scytham
1273 2133 1295 2157 a
1307 2122 1422 2158 Dario
1443 2123 1631 2173 accepisse
1649 2123 1728 2160 im·-

1063 2178 1213 2227 perium
1235 2184 1270 2213 et
1278 2190 1472 2214 summam
1490 2179 1531 2214 iu
1548 2179 1646 2216 Coos
1654 2191 1729 2230 po-

1062 2240 1258 2281 testate1n3
1288 2247 1378 2270 cum
1397 2235 1536 2272 Xerxis
1554 2242 1727 2286 tempore

1063 2290 1104 2326 in
1125 2290 1255 2327 Sicilia
1274 2289 1377 2340 apud
1407 2291 1595 2328 Gelonem
1615 2292 1727 2328 suerit

1068 2345 1235 2383 Cadmus
1263 2345 1430 2398 Scythae
1460 2347 1582 2395 filius,
1613 2348 1679 2400 qui
1706 2360 1728 2384 a

1066 2409 1173 2453 patre
1189 2410 1385 2454 acceptam
1409 2402 1543 2441 habuit
1559 2405 1728 2441 Coorum

1068 2458 1323 2510 tyrannidem,
1348 2473 1466 2511 quam
1486 2461 1585 2498 ultro
1605 2460 1728 2512 depo-

1067 2517 1139 2552 suit
1159 2517 1275 2567 inque
1298 2517 1469 2553 Siciliam
1494 2530 1536 2554 se
1567 2518 1728 2555 contulit

1066 2578 1160 2609 teste
1181 2572 1376 2610 Herodoto
1396 2575 1477 2621 VII,
1505 2576 1599 2614 163.
1631 2574 1727 2615 165·

1065 2629 1117 2665 At
1145 2631 1402 2680 VVesselingio
1429 2629 1503 2668 hoc
1523 2631 1727 2681 speciosius

1065 2685 1215 2723 videtur
1236 2700 1352 2738 quam
1373 2689 1515 2730 verius,
1537 2700 1626 2724 cum
1645 2688 1726 2738 ipsa

1065 2755 1122 2779 res
1143 2745 1229 2780 satis
1259 2744 1380 2781 obstet
1407 2744 1597 2796 simulque
1624 2750 1726 2780 tem-

1065 2801 1164 2850 poris
1186 2801 1294 2837 ratio.

1120 2854 1208 2896 τότε
1231 2853 1310 2896 ἐών
1333 2853 1554 2909 διάφορος]
1586 2853 1672 2897 τότε
1700 2868 1723 2892 a
