1897 3340
73 714 129 757 91

440 203 1102 243 TERPSICHORE.
1162 206 1205 240 V.
1380 209 1460 248 167

203 324 276 357 σια
312 313 488 357 ἔσεσθαι
529 310 700 355 αὐτοῖσι
739 311 782 363 ἐξ
808 308 1076 367 Ἀθηναίων,
1121 315 1210 355 τῶν
1247 312 1464 366 πρότερον

200 381 280 435 μὲν
308 376 423 436 ἦσαν
451 378 621 429 ἀδαέες,
665 378 762 424 τότε
792 379 858 428 ὁὲ,
901 379 1170 434 Κλεομένεος
1199 383 1465 435 κομίσαντος

173 462 193 487 4
207 449 249 499 ἐς
278 448 488 502 Σπάρτην
501 483 513 499 ,
544 446 769 502 ἐξέμαθον.

829 446 1036 502 ἐκτήσατο
1066 447 1113 490 δὲ
1154 445 1178 491 ὁ
1218 450 1463 505 Κλεομένης

198 516 246 558 ἐκ
274 519 349 570 τῆς
372 513 619 570 Ἀθηναίων
649 512 913 568 ἀκροπόλιος
942 514 1047 565 τούς
1075 515 1320 570 χρησμούς,
1358 515 1463 567 τούς

197 584 371 638 ἔκτηντο
400 582 477 636 μὲν
505 580 722 636 πρότερον
751 582 1460 639 οἷΠεισιστρατίδαι,ἐξελαυνόμε·
1472 590 1519 624 3ο

197 667 269 694 νοι
289 649 335 693 δὲ
361 650 509 692 ἔλιπον
539 649 586 693 ἐν
614 652 677 708 τῷ
707 652 800 706 ἱρῷ

195 715 325 772 μένης
355 716 551 774 ἀνέλαβε.
617 717 721 761 Τότε
753 717 797 761 δὲ

831 649 1202 705 καταλειφθέντας
1217 652 1262 695 δὲ
1283 650 1306 695 ὁ
1329 655 1460 694 Κλεο-

828 716 887 769 ὦς
917 717 1133 773 ἀνέλαβον
1164 720 1208 762 οἱ
1245 721 1461 762 Λακεδαι-
1520 718 1791 782 ζξῐξζιῑξξξᾶἒιξυῗθ,

193 784 344 839 μόνιοι
372 786 476 836 τούς
503 786 746 841 χρησμούς,
776 785 849 828 καὶ
878 784 983 836 τούς
1011 785 1270 842 Ἀθηναίους
1300 785 1460 840 ἓώρεον
1518 785 1647 825 Spartae
1674 796 1775 822 perm-

1517 828 1595 846 ciem
1622 821 1779 849 adferrent

194 851 483 907 αὐξομένους,
525 854 597 897 καὶ
630 852 839 908 οὐδαμῶς
880 852 1081 910 ἑτοίμους
1119 854 1272 906 ἐόντας
1312 857 1491 898 πεῖθε-3
1470 853 1661 896 35H¹P¹¹¹²t¹¹¹
1682 854 1774 890 &3¹³⁰

192 922 299 964 σθαί
328 932 429 976 σφι,
461 921 552 982 νόῳ
581 921 792 980 λαβόντες

132 1116 225 1153 vatis
256 1118 404 1170 antiqui
442 1117 594 1154 oracula
631 1116 791 1154 indicari

133 1174 328 1225 sibyllinis
355 1175 459 1211 libris
489 1175 694 1224 persimilia
728 1174 791 1210 alii

130 1238 299 1281 ponunt,
329 1231 392 1267 alii
411 1237 576 1281 negant,
607 1237 709 1267 recte
727 1232 791 1267 iu·-

131 1286 257 1324 dicare
294 1287 444 1325 videtur
490 1286 662 1324 Lobeck.
710 1300 789 1324 non

131 1344 277 1380 oracula
307 1343 478 1381 denotari
498 1343 563 1380 sed
580 1347 703 1394 pacta,
725 1345 790 1381 illa

131 1407 260 1437 tamen
292 1402 444 1438 oracula
476 1413 497 1436 a
526 1401 691 1437 Comicis
723 1399 794 1437 de-

130 1457 202 1493 risa
230 1459 364 1509 quanti
389 1458 549 1494 feceriut
576 1456 793 1494 Athenien—

128 1527 186 1550 ses
220 1521 395 1564 apparet,
438 1513 574 1550 eodem
616 1513 790 1552 Lobeck.

127 1577 331 1618 monente,
383 1584 431 1606 ex
460 1569 660 1607 Demosth.
689 1571 788 1608 Fals.

125 1627 258 1677 Legat.
289 1641 328 1678 p.
359 1625 452 1674 436,
483 1628 619 1664 Liban.
646 1628 687 1664 in
707 1628 788 1663 De-

125 1682 314 1720 mosthen.
342 1684 395 1721 IV
425 1698 462 1734 p.
494 1684 577 1725 250
606 1697 685 1736 seq.
707 1685 786 1721 aliis

125 1747 318 1777 oratorum
348 1741 453 1777 locis.
483 1764 533 1769 —-
573 1742 668 1778 Mox
699 1740 787 1777 dedi

124 1790 228 1847 riom!
253 1810 321 1848 pro
354 1796 457 1836 ἕσαν.
494 1818 540 1824 —-
587 1797 650 1835 Ad
670 1798 787 1848 κομί-

126 1865 268 1900 σαντος
297 1854 420 1905 suppl.
448 1850 542 1900 τούς
569 1851 785 1906 χρησμούς.

180 1907 273 1957 τούς
296 1910 456 1961 ἔκτηντο
476 1908 548 1961 μὲν
569 1907 782 1962 πρότερον]

123 1968 180 2004 Ita
207 1966 294 2004 edd.
327 1981 417 2005 cum
441 1975 598 2004 recentt.
634 1969 782 2018 Vulgo:

123 2021 319 2076 πρότερον
359 2022 443 2074 μέν.
511 2025 586 2061 Pro
619 2023 781 2075 ἔκτηντο

123 2080 315 2118 Mediceus
345 2079 574 2131 ἐκέκτηντο,
622 2081 669 2118 de
704 2094 781 2134 quo

124 2138 226 2176 conf.
246 2139 294 2187 11,
319 2140 410 2178 108.
430 2139 496 2186 111,
518 2139 584 2179 39.

343 2240 436 2291 Cap.
459 2240 561 2277 XCI.

179 2303 261 2360 νόῳ
290 2303 505 2360 λαβόντες]
538 2308 640 2345 conf.
651 2307 698 2345 de
710 2305 782 2344 hac

123 2364 314 2401 locutione
334 2366 446 2402 citata
466 2364 514 2402 ad
534 2366 600 2412 ΙΠ,
621 2364 688 2405 41.
721 2364 783 2401 Ad

123 2421 197 2457 loci
227 2429 496 2471 argumentum
516 2422 614 2459 bene
645 2420 784 2458 adscri-

124 2478 196 2526 psit
237 2476 332 2514 haec
378 2478 780 2516 Valckeuaerius:

127 2533 289 2580 „Veram
325 2532 388 2571 hic
415 2534 549 2586 pandit
583 2533 781 2572 historicus

124 2601 298 2639 causam,
328 2604 427 2642 quae
454 2590 778 2628 Lacedaemonios

126 2654 316 2683 moveret:
374 2647 617 2698 praecedenti
655 2649 779 2699 capite

125 2710 272 2739 narrata
306 2702 401 2741 nihil
440 2711 547 2741 erant
577 2704 679 2741 aliud
709 2706 780 2741 nisi

126 2759 287 2806 species,
316 2773 432 2810 quam
461 2774 550 2798 suae
580 2768 780 2811 praetexe-

1515 888 1695 916 arcessitum
1731 890 1775 929 [n.-

829 920 889 973 ὥς
924 921 1161 978 ἐλεύθερον
1188 922 1267 978 μὲν
1296 918 1371 965 {dv
1409 920 1460 965 ῑό
1516 921 1776 984 ἓῖἐῦῗείἴῖἓὲἕὲ

1517 989 1660 1024 cogitant.
1705 990 1765 1018 Sed

848 1129 1002 1153 causam
1019 1114 1298 1164 honestiorem,
1318 1114 1418 1154 hanc
1438 1117 1513 1154 ita-

848 1186 923 1225 que
953 1174 1075 1210 solam
1104 1175 1145 1210 iu
1182 1175 1377 1211 sociorum
1415 1188 1511 1211 con-

846 1237 964 1266 ventu
984 1238 1302 1268 commemorant.
1341 1233 1428 1269 Non
1442 1230 1512 1268 de-

846 1287 980 1323 buerat
1000 1289 1128 1338 itaque
1147 1286 1374 1325 Plutarchus
1395 1289 1444 1326 T.
1474 1290 1509 1324 II

845 1356 934 1394 pag.
958 1345 1038 1383 860
1059 1345 1102 1380 F.
1135 1343 1226 1381 hinc
1253 1346 1368 1381 etiam
1397 1358 1511 1381 occa—

849 1401 997 1437 sionem
1060 1408 1211 1451 captare
1273 1400 1515 1438 Herodotum

848 1455 1117 1494 criminandi.“
1156 1481 1206 1486 —-
1243 1487 1268 1505 „
1283 1459 1420 1502 Quales
1442 1471 1514 1495 au-

847 1519 926 1549 tem
947 1511 1008 1549 hic
1028 1514 1136 1551 nobis
1150 1515 1322 1565 expingit
1334 1514 1513 1552 Herodo—

845 1576 904 1606 tus
924 1569 1274 1619 Lacedaemonios,
1297 1572 1390 1608 tales
1411 1578 1514 1608 certe

843 1625 1000 1663 fuerunt
1026 1627 1138 1664 rebus
1169 1629 1405 1665 Graecorum
1435 1628 1509 1665 flo—

843 1684 1025 1720 rentibus.
1074 1685 1256 1722 Graeciae
1305 1685 1507 1737 principes,

844 1753 962 1791 quam
999 1739 1158 1778 oderant
1198 1741 1304 1778 domi
1333 1743 1508 1793 tyranni-

844 1796 946 1843 dem,
977 1798 1017 1833 in
1038 1798 1164 1835 liberis
1185 1799 1398 1836 civitatibus
1419 1799 1507 1835 ubi—

842 1866 917 1904 que
929 1855 1166 1891 conabantur
1177 1854 1379 1892 adfirmare
1391 1870 1400 1903 3
1414 1856 1506 1892 sub-

843 1911 928 1946 ditis
949 1918 1056 1947 erant
1075 1912 1227 1962 superbi
1248 1911 1415 1959 domiui,
1445 1913 1506 1949 vi-

842 1968 949 2013 cinis,
971 1980 1066 2019 quos
1086 1969 1278 2005 vexabant
1291 1999 1300 2016 ,
1335 1969 1382 2005 ab
1404 1970 1506 2005 anti-

842 2025 1032 2074 quissimis
1073 2026 1308 2076 temporibus
1356 2038 1505 2076 graves,

837 2081 1043 2129 Messeniis,
1076 2083 1248 2130 Arcasin,
1268 2083 1418 2132 Argivis
1440 2096 1506 2118 ce-

837 2139 1030 2189 terisque3
1062 2139 1102 2174 in
1134 2139 1240 2176 bellis
1275 2146 1312 2176 et
1340 2140 1503 2176 societa-

839 2195 938 2231 tibus
957 2194 1135 2233 ineundis
1154 2197 1245 2233 utile
1274 2197 1503 2247 plerumque

840 2249 1006 2288 honestis
1036 2253 1331 2303 anteponebant.
1390 2251 1502 2290 The—

839 2308 946 2344 banis
958 2310 1144 2345 auxilium
1155 2310 1339 2357 ferebant,
1354 2316 1395 2346 ut
1407 2311 1501 2346 scri-

840 2365 895 2402 bit
914 2364 1071 2402 Diodor.
1092 2367 1170 2403 Sic.
1193 2368 1262 2414 XI,
1284 2369 1350 2407 81.
1383 2367 1500 2415 νομί-

841 2423 970 2469 ζοντες
989 2438 1060 2469 τας
1085 2419 1245 2474 Θηβας,
1276 2420 1348 2462 ἐιὶν
1373 2418 1498 2490 αὐξή-

840 2490 982 2526 σωσιν,
1015 2478 1177 2519 ἔσεσθαι
1199 2483 1248 2534 τῇ
1269 2495 1351 2518 των
1376 2474 1499 2529 Ἀθη-

837 2535 966 2574 ναίων
993 2531 1123 2586 ὥσπερ
1155 2532 1365 2576 οἷντίπολίν
1396 2551 1497 2574 τινα.

836 2591 1063 2629 Secundum
1091 2592 1331 2630 Herodotum
1352 2593 1497 2643 cogita-

835 2649 938 2696 bant,
945 2651 1110 2699 populum
1119 2650 1370 2697 Atheniensem,
1381 2661 1495 2700 quem

837 2711 937 2742 certe
948 2706 1129 2743 nolebant
1147 2707 1217 2743 sibi
1238 2702 1493 2754 α’ντίρροπον,

837 2774 1031 2829 oppressam
1069 2776 1092 2799 ιι
1113 2766 1140 2799 t
1127 2776 1284 2813 stanno,
1323 2762 1494 2797 futurum

837 2813 1006 2865 α’σθενὲς
1033 2817 1100 2858 καὶ
1118 2816 1430 2871 πειθαρχέεσθαι
1455 2811 1493 2854 ἓ-
