1897 3340
629 171 1062 213 ERATO.v1.
1401 174 1486 213 295

225 292 424 349 βασιλέας
451 287 573 343 μέχρι
600 283 677 340 μὲν
709 280 901 336 Περσέος
929 283 1010 324 τοῦ
1040 278 1245 334 Δανάης,
1273 281 1354 322 τοῦ
1375 283 1486 322 θεοῦ

226 358 458 408 ἀπεόντος,
486 351 856 407 καταλεγομένους
880 349 1028 402 ὀρθως
1046 347 1134 392 ὑπὸ
1152 345 1277 390 ‘JEM
1253 362 1384 402 ηνων,
1412 346 1488 388 καὶ

225 421 624 477 ἀποδεικνυμένους
667 419 725 471 ω’ς
762 420 842 462 εἰσι
863 415 1086 472 Έλληνες
1129 414 1214 471 ἤδη
1252 431 1336 470 γαρ
1365 429 1487 468 τηνι-

196 497 370 540 exuam
409 491 451 541 ἐς
479 489 691 544 ’Έλληνας
730 480 855 530 οὗτοι
895 484 1074 527 ἐτέλεον.
1119 483 1239 534 ἔλεξα
1271 482 1339 532 δὲ,
1367 481 1546 537 μέχριὲο

225 560 442 614 Περσέος,
471 558 601 600 τοῦδε
631 557 795 606 εἵνεκα,
822 550 918 596 αλλ’
949 551 1030 596 οὐκ
1062 550 1276 594 ἀνέκαθεν
1306 549 1367 593 ε’τι
1396 549 1489 593 ἔλα-

223 631 327 685 βον,
360 625 427 669 ὅτι
458 624 542 668 οὐκ
573 625 712 667 ἔπεστι
742 622 964 676 ἐπωνυμίη
996 619 1159 673 Περσέι·
1198 617 1380 674 οὐδεμία
1410 633 1489 660 πα-

221 694 325 749 τρὸς
353 697 543 748 θνητοῦ,
576 691 718 743 ὥσπερ
744 687 947 744 Ἡρακλέϊ
970 686 1259 743 Ἀμφιτρύων.
1315 684 1397 741 ἤδη
1426 680 1489 727 ών

221 761 346 818 ὀρθῷ
383 759 497 818 λόγῳ
535 758 787 816 χρεωμένῳ,
825 755 948 812 μέχρι
988 759 1069 798 τοῦ
1110 754 1304 807 Περσέος
1342 751 1491 806 ὀρθῶς

193 829 391 884 Βεῖρηταί
420 844 506 883 μοι.
551 825 636 869 ἆπό
669 827 715 870 δὲ
743 824 945 879 Δανάης,
975 827 1050 879 τῆς
1074 820 1318 875 Ἀκρισίου,
1357 835 1488 862 κατα-

222 897 393 952 λέγοντι
432 893 535 946 τούς
575 894 666 938 ἄνω
710 895 792 937 αἰεὶ
821 892 1009 946 πατέρας
1040 889 1206 944 αὐτῶν,
1248 889 1484 945 φαινοίατο
1499 894 1545 929 25

224 963 280 1008 ἂν
308 963 450 1016 ἐόντες
478 965 522 1007 οἱ
550 965 639 1006 τῶν
668 961 876 1016 Δωριέων
906 959 1112 1016 ἡγεμόνες
1132 957 1366 1014 Αἰγύπτιοι
1393 958 1491 999 ἰθα-

221 1032 375 1088 γενέες.
432 1034 568 1075 ταῦτα
596 1030 677 1086 μέν
706 1046 814 1083 νυν,
855 1028 966 1074 κατὰ
1002 1026 1275 1082 τὰἝλληνες
1304 1023 1493 1081 λέγουσι,

168 1213 398 1244 structuram
433 1205 508 1243 loci
547 1202 828 1256 expediendam

170 1277 219 1300 ex
249 1262 556 1300 antecedentibus
597 1261 829 1300 subaudien-

111 1328 119 1337 ·
170 1320 264 1356 dum
285 1315 582 1371 οΡίυοΡγρᾶφω,
606 1331 627 1355 a
647 1332 722 1370 quo
733 1331 830 1369 pen-

170 1376 286 1413 deaut
307 1377 507 1414 accusativi
517 1374 832 1425 βασιλέας-κα·

169 1432 452 1485 ταλεγομένους
463 1431 531 1471 καὶ
544 1426 833 1482 α’ποδεικνυμέ-

170 1505 280 1536 νους.
356 1491 460 1526 Haec
505 1490 608 1525 enim
645 1487 829 1525 Herodoti

169 1547 379 1584 sententia:
434 1544 537 1593 „Hos
567 1546 657 1582 enim
693 1544 829 1581 Dorum

169 1615 270 1651 reges
305 1601 451 1652 (scribo
473 1600 679 1653 equidem)
720 1613 829 1650 usque

169 1659 218 1697 acl
248 1658 412 1697 Perseum
434 1662 524 1696 recte
555 1672 577 1696 a
600 1659 747 1695 Graecis
769 1669 828 1694 re·-

170 1717 302 1754 censen‘
344 1719 378 1753 et
418 1716 565 1765 probari
589 1715 742 1752 Graecos
777 1727 831 1750 eos

169 1785 252 1812 esse.
290 1772 436 1818 Verbis,
456 1773 529 1811 τοῦ
557 1772 662 1810 θεοῦ
687 1767 832 1809 ἀπεόν-

170 1844 259 1878 τος,
289 1829 315 1867 ἰ.
347 1842 380 1867 e.
409 1828 470 1865 deo
488 1830 655 1865 inseriem
683 1840 752 1864 non
778 1839 832 1864 re-

171 1886 246 1923 lato
273 1898 302 1923 s.
332 1885 390 1923 dei
417 1887 548 1922 nomine
575 1885 831 1935 praetermisso,

172 1949 216 1980 ut
244 1943 361 1992 vngo
385 1942 699 1992 interpretantur,
728 1937 833 1975 indi-

172 2012 259 2037 care
284 2000 367 2037 vult
395 1999 552 2045 Noster,
588 1999 727 2034 Perseo
752 2008 833 2032 non

171 2057 286 2093 fuisse
301 2059 438 2106 patrem
457 2054 655 2101 mortalem,
678 2054 832 2105 qualem

172 2113 343 2164 plerique
362 2110 496 2149 heroes
511 2110 685 2148 habuisse
697 2111 832 2146 ferun—

173 2176 247 2207 tur.
313 2171 416 2208 Eum
455 2169 559 2206 enim
590 2170 632 2205 in
669 2166 833 2204 modum

174 2227 253 2277 ipse
291 2228 426 2263 Noster
463 2226 578 2276 paulo
611 2231 696 2276 post
734 2222 830 2260 haec

175 2283 290 2321 verba
308 2284 587 2333 interpretatur.
644 2283 832 2318 Perseum

176 2347 305 2375 autem
331 2340 446 2389 vulgo
482 2338 637 2376 tradunt
665 2339 764 2376 Iovis
795 2344 832 2374 et

176 2397 325 2432 Danaes
338 2396 458 2432 filium
471 2409 561 2433 esse.
590 2398 647 2432 De
661 2397 740 2432 eius
754 2395 833 2431 ori-

179 2454 267 2501 gine
287 2453 523 2504 Aegyptiaca
542 2451 686 2501 vid.v11‚
700 2454 766 2493 91.
779 2473 830 2478 ——

179 2510 349 2545 Verbum
367 2511 488 2548 τελεῖν
500 2504 753 2560 (annumerari,
763 2520 832 2544 ac·-

181 2567 326 2615 censeri)
348 2566 539 2614 attigimus
558 2563 607 2601 ad
624 2566 690 2610 111,
702 2562 767 2604 34.
780 2586 830 2591 —-

181 2622 225 2655 ln
240 2622 408 2670 proxime
420 2634 524 2672 seqq.
537 2633 604 2671 pro
620 2615 693 2659 οὐκ
705 2618 834 2658 ἔπεστι

185 2677 303 2726 Marg.
323 2676 456 2728 Steph.
479 2673 551 2716 οὐκ
572 2675 663 2722 ἔστι,
682 2676 836 2712 sortasse

187 2744 236 2767 ex
267 2732 437 2770 Eustath.
479 2732 572 2770 haec
612 2734 749 2769 citaute
787 2730 836 2767 ad

186 2787 294 2826 mad.
314 2802 352 2840 p.
380 2792 484 2839 989,
513 2792 566 2832 20
592 2801 623 2828 s.
655 2790 749 2836 982,
773 2789 837 2828 12·

887 1199 1054 1253 οὐδεμία
1075 1200 1185 1249 dedi,
1215 1207 1258 1237 ut
1287 1213 1457 1250 semper,
1478 1211 1548 1250 pro

888 1254 1057 1310 ουόεμίη
1072 1289 1081 1306 ,
1105 1265 1142 1295 et
1161 1258 1275 1326 paulo
1295 1257 1451 1294 inferius
1473 1251 1549 1295 αὕ-

887 1331 968 1356 των
987 1329 1056 1367 pro
1079 1310 1242 1355 αὐτέων

947 1390 1063 1449 ὄρθςδ
1083 1389 1182 1447 λόγω
1194 1390 1419 1445 χρεωμένῳ]
1436 1389 1548 1427 Conf.

887 1452 933 1498 V,
965 1453 1017 1492 87
1051 1451 1143 1502 ibiq.
1164 1457 1260 1487 nott.
1319 1451 1412 1485 Mox
1432 1459 1547 1497 repo-

885 1509 944 1544 sui
960 1521 980 1544 e
1000 1508 1169 1544 Florent.
1191 1507 1348 1558 aliisque
1369 1517 1459 1542 cum
1480 1516 1545 1539 re-

886 1571 1002 1601 centt.
1055 1563 1206 1614 εἴρηται
1251 1576 1320 1613 pro
1361 1559 1546 1611 εἰρέαται,

886 1620 990 1673 quod
1020 1619 1125 1657 idem
1146 1621 1261 1656 etiam
1281 1620 1353 1666 VI,
1375 1618 1427 1659 55
1448 1629 1549 1653 unus

888 1677 1012 1715 codex
1047 1676 1178 1724 affert,
1226 1675 1406 1728 quodque
1443 1672 1549 1710 idem

887 1735 968 1782 Vll,
997 1736 1063 1781 81,
1097 1736 1165 1774 96.
1194 1734 1258 1780 lV,
1293 1735 1370 1772 181
1394 1731 1546 1780 lenitur.

887 1792 940 1827 At
971 1789 1120 1841 εἴρηται
1158 1791 1197 1825 in
1226 1762 1404 1825 0⁷1nnibus
1444 1787 1548 1822 libris

887 1848 1026 1897 legitur
1050 1846 1221 1893 V11,83.
1243 1848 1309 1885 93.
1332 1846 1397 1885 99,
1439 1841 1547 1879 Bek-

888 1902 972 1940 ker.
1012 1902 1117 1939 dedit
1156 1899 1338 1952 εἰρέαται.
1395 1899 1458 1938 Ad
1489 1911 1545 1946 ea,

891 1973 989 2012 quae
1019 1965 1250 2026 sequuntur:
1283 1953 1363 1996 ἀπὸ
1392 1954 1436 1995 δὲ
1463 1959 1550 1994 Δα-

889 2013 992 2067 νάης
1011 2019 1081 2066 τῆς
1096 2011 1296 2066 Ἀκρισίου
1323 2029 1358 2053 κ.
1381 2028 1413 2051 τ.
1434 2015 1467 2051 λ.
1497 2012 1548 2049 cf.

888 2072 1081 2110 Plutarch.
1103 2073 1140 2108 H
1168 2085 1208 2123 Ρ
1247 2070 1328 2112 857
1361 2071 1408 2107 E.
1466 2069 1548 2106 Vo-

888 2143 975 2168 cem
996 2125 1191 2181 ἰθαγενής
1210 2128 1318 2178 attigi
1343 2125 1391 2163 ad
1407 2127 1454 2174 Π,
1479 2128 1547 2165 17.

888 2189 1021 2225 Glossa
1062 2184 1281 2222 Herodotea
1321 2183 1445 2221 reddit
1505 2181 1548 2221 οἷ

884 2241 1044 2298 γνήσιοι
1063 2242 1216 2289 παῖδες.

943 2349 1043 2373 κατα
1071 2348 1119 2372 τα
1133 2328 1325 2382 ’Έλληνες
1359 2326 1547 2381 λέγουσι]

887 2393 933 2429 In
948 2390 1006 2428 his
1027 2390 1167 2428 Struve
1183 2390 1296 2440 Spec.
1312 2388 1331 2423 I
1345 2401 1383 2438 Ρ.
1403 2388 1455 2426 36
1476 2384 1548 2422 de-

887 2450 1010 2487 letum
1029 2448 1112 2485 vult
1128 2461 1149 2485 τ
1161 2463 1209 2494 α,
1241 2458 1331 2482 cnm
1350 2457 1449 2483 κατα
1470 2454 1547 2505 Ρο-

889 2507 1005 2544 situm
1024 2506 1070 2541 sit
1089 2516 1157 2554 pro
1180 2497 1273 2541 καθ’
1294 2497 1333 2540 ἅ.
1390 2498 1475 2537 Vid.
1484 2498 1544 2544 V,

889 2564 957 2602 89.
982 2561 1158 2607 112-V1,
1179 2560 1246 2599 88
1266 2558 1547 2608 Verboyevsvy-

889 2620 1021 2683 λογεῖν
1055 2614 1247 2668 (oraginem
1274 2627 1432 2663 genens,
1461 2612 1548 2647 stir-

886 2677 945 2724 pis
984 2673 1178 2720 recensere)
1223 2671 1420 2722 aliquoties
1467 2667 1548 2701 No—

891 2731 1132 2767 sternatur.
1172 2729 1220 2774 ll,
1251 2718 1551 2767 91.143.146

891 2787 959 2834 ῙΠ,
988 2786 1056 2827 75.
