1897 3340
633 196 664 230 Ε
697 195 729 229 R
758 195 792 227 A
823 191 860 227 T
890 190 933 228 Ο.
995 191 1066 226 Vl.
1400 194 1481 234 347

226 304 299 355 ,,ἐν
334 304 475 361 χρόνῳ
514 300 748 357 ἱκνευμένῳ
777 298 879 342 τάδε
910 296 1101 353 λέγομεν.
1151 295 1316 349 ’Ἀνδρα
1346 297 1482 353 ΔΜιλή-

199 380 374 423 5,,σιον,
406 370 672 424 ἀπικόμενον
701 368 744 418 ἐς
766 367 980 422 Σπάρτην
1000 365 1241 421 βούλεσθαί
1268 367 1311 408 οἱ
1339 364 1538 409 ἐλθεῖν25

227 440 296 491 ,,ἐς
325 438 500 494 λόγους,
538 435 857 491 προϊσχόμενον
885 433 1050 478 τοιάδε·
1092 434 1197 488 Εἰμὶ
1227 431 1305 487 μὲν
1335 432 1483 488 Μιλή-

225 520 364 559 ,,σιος,
387 506 478 562 ἥκω
498 505 544 548 δὲ
573 508 647 559 τῆς
676 507 774 559 σῆς,
805 506 999 554 Γλαῦκε,
1030 500 1298 557 βουλόμενος
1320 503 1483 546 δικαιο-

197 574 390 628 6,,συ’νης
419 572 680 616 ἀπολαῦσαι.
717 569 775 621 ὥς
805 569 890 626 γάρ
923 569 976 626 δὴ
1015 569 1101 612 dvo}
1128 572 1273 612 πᾶσαν
1302 570 1380 624 μὲν
1408 571 1486 625 τὴν

224 641 384 696 ,,ἂ’λλην
418 640 620 690 Ἐλλάδα,
663 639 710 683 ἐν
750 638 795 682 δὲ
834 639 908 682 καὶ
944 638 1040 690 περὶ
1070 638 1259 692 Ἰωνίην,
1298 642 1373 693 τῆς
1409 642 1485 694 σῆς

226 707 530 763 ,,δικαιοσύνης
558 705 613 763 ἦν
634 707 761 762 λόγος
779 706 959 757 πολλὸς,
990 706 1190 764 ἐμεωυτῷ
1214 705 1373 761 λόγους
1403 706 1468 749 ἐδί
1497 713 1542 746 30

222 779 379 830 ,,δουν,
421 775 494 819 καὶ
524 774 590 818 ὅτι
619 775 891 826 ἐπικίνδυνός
920 775 1009 817 ἐστι
1040 776 1122 816 αἰεί
1152 791 1249 818 κοτε
1278 774 1305 829 ἡ
1333 774 1485 830 Ἰωνίη,

221 845 275 902 ,,ἦ
307 845 353 888 δὲ
384 843 724 899 Πελοπόννησος
753 841 980 899 ἀσφαλέως
1011 841 1241 897 ἱδρυμένη·
1272 843 1344 885 καὶ
1375 841 1487 886 διότι

221 911 446 969 ,,χρήματα
484 911 654 967 οὐδαμὰ
693 911 798 962 τοὺς
836 909 999 961 αὐτούς
1029 911 1117 953 ἐστι
1155 910 1266 964 ὁρᾶν
1295 910 1483 965 ἔχοντας.

192 988 232 1032 7,
238 978 388 1031 ,ταῦτα
417 997 461 1024 τε
498 982 560 1023 ὠν
598 980 884 1035 ἐπιλεγομένῳ
926 979 998 1022 καὶ
1029 979 1334 1035 βουλευομένῳ
1366 979 1485 1030 ἔδοξέ

221 1067 343 1105 ,.μοι,
374 1049 427 1093 τὰ
452 1048 608 1105 ημίσεα
647 1047 787 1104 πάσης
822 1051 897 1102 τῆς
936 1044 1089 1104 οὐσίης
1126 1044 1542 1103 εξαργυρώσαντα35

220 1117 408 1170 ,,θέσθαι
437 1116 555 1170 παρά
587 1116 653 1168 σε,
685 1112 734 1160 εὖ
763 1116 1075 1173 ἐξεπισταμένῳ
1107 1114 1166 1166 ω’ς
1203 1132 1279 1171 μοι
1308 1117 1482 1170 κείμενα
1540 1120 1620 1162 478

194 1187 372 1240 8,,ἔσται
399 1184 518 1239 παρὰ
548 1185 615 1229 σοὶ
646 1184 740 1229 σόα.
787 1184 842 1229 σύ
879 1183 933 1241 δή
973 1201 1049 1240 μοι
1088 1184 1160 1228 καὶ
1205 1182 1256 1226 τὰ
1288 1182 1486 1239 χρήματα

222 1390 266 1431 ἐν
286 1388 419 1445 χρόνῳ
448 1391 693 1447 ἱκνευμένῳ]
725 1394 826 1431 Male

167 1448 282 1486 olim:
306 1451 507 1500 insequenti
530 1453 700 1501 tempore,
736 1464 826 1488 cum

165 1507 290 1556 potius
319 1507 384 1543 sit:
426 1509 540 1554 ius-tv,
596 1510 825 1555 conveniente,

167 1563 338 1600 commodo
358 1567 517 1614 tempore,
549 1564 640 1610 sive,
665 1572 706 1601 ut
725 1566 824 1601 Lar-

166 1617 300 1656 cherus
336 1619 445 1657 reddi
476 1621 575 1667 vult,
632 1624 823 1659 constituto

165 1679 322 1727 tempore.
379 1676 464 1714 vid.
486 1684 580 1714 nott.
603 1676 651 1714 ad
671 1679 733 1726 VI,
756 1678 824 1719 65.

166 1731 228 1769 Ad
249 1734 410 1770 verbum
439 1729 726 1786 προϊσχόμενον
746 1735 823 1774 vid.

167 1796 261 1829 nott.
285 1789 333 1827 ad
354 1792 383 1838 I,
410 1790 499 1830 141.
522 1814 574 1818 ——
616 1793 659 1827 In
676 1805 781 1844 seqq.
804 1806 825 1829 e

166 1847 334 1883 Florent.
355 1860 445 1884 cum
473 1846 825 1898 Schweighaeuser.

168 1909 206 1940 et
227 1903 343 1940 Gaisf.
365 1903 452 1941 dedi
483 1901 727 1955 βουλόμενος
763 1906 825 1944 δι-

166 1955 407 2010 καιοσύνης,
456 1974 545 1998 cum
574 1962 691 2012 vulgo
731 1969 826 1999 esset

166 2014 424 2068 δικαιοσύνης
452 2015 703 2069 βουλόμενος.
762 2019 826 2056 Ad

166 2074 400 2111 locutionem
430 2075 472 2114 ἐν
503 2072 544 2113 δὲ
582 2074 648 2114 καὶ
678 2077 824 2113 confer.

167 2131 414 2181 Hoogeveen.
444 2131 493 2168 ad
520 2133 646 2182 Viger.
667 2147 705 2184 p.
732 2133 823 2174 175.

167 2187 349 2233 —Quod
379 2191 549 2240 sequitur
579 2185 719 2241 λόγους
743 2189 826 2229 ἐδί-

169 2244 266 2283 δουν
296 2252 350 2282 est
379 2247 582 2296 reputabam
617 2247 825 2296 mecum‚‘ut

166 2301 232 2348 III,
254 2301 320 2342 25.

225 2356 293 2396 καὶ
323 2354 422 2397 διότι
453 2356 632 2411 χρήματα
664 2355 823 2411 ου’δαμοὶ

171 2434 227 2440 -—
248 2412 444 2463 ἔχοντας]
491 2417 518 2452 i.
565 2430 600 2453 e.
648 2430 826 2468 nunquam

171 2470 269 2519 apud
289 2483 348 2507 nos
353 2473 521 2521 pecunias
539 2472 602 2510 dm
615 2475 654 2510 in
673 2474 826 2511 eiusdem

173 2526 321 2564 hominis
367 2529 577 2576 possessione
616 2542 825 2578 permanere.

173 2584 298 2630 „Puto
329 2584 521 2620 Milesimn
549 2583 738 2634 hospitem
764 2589 826 2624 Io-

174 2652 240 2676 nes
262 2641 451 2692 Ceresque
465 2641 505 2676 in
525 2642 653 2677 animo
673 2641 828 2680 habuis-

175 2708 234 2742 se,
263 2697 387 2733 Persis
411 2697 596 2733 obnoxjos
622 2704 658 2733 et
678 2700 830 2749 exposi-

176 2758 245 2797 tos,
259 2760 533 2805 proptereaque
552 2754 605 2789 rei
625 2756 831 2804 pecuniae-

176 2820 250 2858 que
279 2821 367 2845 suae
409 2822 636 2860 possessores
674 2811 832 2848 minime

883 1395 1077 1434 securos,“
1118 1392 1384 1441 Wesselz'ng.
1418 1387 1542 1431 ου’δα-

882 1447 939 1501 μοί
975 1464 1065 1488 cum
1104 1450 1221 1487 Gaisf.
1276 1448 1433 1487 exhibui
1472 1462 1541 1500 pro

880 1508 985 1558 vulg.
1010 1503 1178 1557 ου’δαμᾶ.
1196 1531 1246 1534 -
1268 1508 1312 1543 In
1333 1520 1438 1559 seqq.
1461 1506 1541 1545 εἰτι-

880 1562 1063 1616 λέγεσθαι
1078 1565 1179 1601 valet
1198 1568 1376 1613 reputare,
1410 1563 1543 1600 volvere

879 1623 1005 1659 animo.
1066 1621 1175 1657 Conf.
1196 1621 1258 1668 VI,
1282 1623 1320 1661 9.

937 1674 1294 1730 ἐξαργυρώσαντα]
1345 1676 1407 1713 Ad
1443 1683 1543 1714 stru-

882 1741 1029 1772 cturam
1051 1734 1172 1780 locist
1169 1733 1244 1776 ’ΞδοΞ
1228 1734 1413 1805 ffum—
1429 1733 1543 1785 ἐξαρ-

880 1803 1115 1844 γυρωσαντα
1132 1813 1188 1818 -—
1210 1792 1252 1830 εὐ
1293 1790 1543 1841 ἐξεπισταμέ-

881 1848 966 1902 νῳ)
998 1849 1098 1884 conf.
1118 1848 1182 1895 VI,
1207 1849 1297 1887 109.
1318 1849 1347 1894 Ι,
1369 1850 1435 1888 37.
1483 1850 1542 1883 De

880 1906 948 1952 iis,
981 1917 1079 1956 quae
1100 1911 1257 1954 argento
1278 1911 1544 1955 permutantur

882 1969 948 1998 aut
995 1960 1215 1998 venduntur
1237 1991 1246 2008 ‚
1317 1963 1544 1998 recentiores

882 2018 1166 2071 ἐξαργυρίζειν,
1202 2017 1416 2055 Herodotus
1448 2020 1544 2054 auti-

883 2088 958 2127 quo
997 2075 1113 2112 modo
1160 2074 1344 2126 loquendi
1378 2075 1543 2125 ἐξαργυ-

883 2135 996 2183 ροῦν.
1058 2132 1141 2169 Vid.
1171 2131 1316 2169 Duker.
1347 2131 1395 2168 ad
1427 2130 1543 2168 Thu-

881 2188 969 2241 cyd.
995 2191 1093 2235 Vm,
1116 2191 1181 2236 81,
1205 2196 1242 2225 et
1260 2196 1356 2226 nott.
1379 2187 1428 2225 ad
1448 2190 1541 2225 Plu-

880 2245 1001 2283 tarch.
1017 2245 1258 2296 Philopoem.
1279 2260 1317 2296 p.
1335 2247 1400 2287 56.
1432 2245 1543 2291 Quod

881 2305 1050 2355 sequitur
1070 2302 1224 2342 θέσθαι
1247 2299 1356 2353 παρα1
1379 2300 1418 2341 σὲ
1440 2309 1543 2339 recte

884 2361 1038 2398 Stobaei
1050 2361 1272 2396 auctoritate
1285 2367 1322 2396 et
1338 2358 1423 2396 cod.
1441 2360 1543 2397 San-

883 2417 993 2454 crosti
1023 2424 1150 2455 tuetur
1179 2417 1412 2467 VVesseling.
1447 2429 1543 2453 con—

881 2475 1006 2512 ferens
1022 2472 1205 2511 Abx-esch.
1222 2473 1414 2510 Dilucidd.
1427 2472 1542 2515 Thu-

883 2530 994 2583 cydd.
1026 2544 1112 2582 pag.
1135 2529 1231 2572 438.
1289 2531 1366 2566 Alii
1393 2529 1545 2569 θέσθαι

884 2586 992 2653 παραὶ
1013 2586 1088 2635 σοὶ,
1117 2587 1220 2639 quod
1235 2588 1359 2638 placet
1377 2586 1543 2624 Valcke-

884 2646 1027 2691 naerio,
1059 2645 1124 2696 qui
1144 2645 1269 2695 Dion)
1272 2645 1316 2681 sii
1337 2645 1466 2680 locum
1487 2644 1543 2678 ci-

885 2708 940 2737 tat
959 2702 1010 2738 T.
1038 2703 1074 2736 Il
1113 2714 1151 2751 p.
1186 2703 1287 2747 167,
1319 2700 1371 2740 49
1400 2696 1543 2765 (οὔσης

887 2772 955 2808 μοι
978 2752 1324 2821 παρακαταθήκης
1346 2750 1436 2805 παρ’
1453 2749 1542 2791 Ev’-

889 2809 1011 2863 μάθει
1050 2808 1218 2865 τούτῳ),
1266 2810 1353 2847 mest
1387 2808 1543 2861 quidem
