1897 3340
566 258 1038 295 POLYMNIA.
1100 259 1199 295 Vll.

1405 268 1488 305 (503

225 367 516 422 ,,ἐλευθερίην,
547 366 753 410 καὶοῦτω
768 366 870 410 οὐδὲ
901 364 1070 421 δεήσειν
1100 363 1338 416 έπάὐτυύς
1363 383 1488 423 στρα-

196 433 542 490 2,,τηλατεόντας
569 435 798 490 πρήγματα
827 434 978 489 ἔχειν.ιι

1041 430 1143 475 Οἷκε
1175 432 1221 476 δὲ
1245 432 1388 477 αὐτοῦ
1414 439 1486 479 αὕ-

224 518 276 554 τη
307 501 334 558 ἦ
364 502 514 558 γνώμη
543 507 596 558 τῇ
611 519 658 558 γε
689 502 806 558 ἄλλῃ.
838 501 924 544 έών
952 500 1036 557 γάρ
1067 501 1114 544 έν
1129 499 1297 560 Ἀβύδῳ
1329 500 1353 544 ὁ
1384 504 1488 556 Ξέρ-

224 571 317 625 ξης,
349 568 434 613 εἶδε
453 576 585 614 πλοῖα
619 570 665 613 ἐκ
694 573 775 613 τοῦ
806 568 985 613 Πόντου
1026 568 1246 624 σιταγωγοὶ
1279 570 1517 612 &lenzani-1

224 654 332 681 οντα
361 637 438 681 τὸν
463 637 795 694 Ἑλλήσποντον,
829 638 870 689 ἔς
887 654 931 681 τε
952 639 1138 693 Αἴγιναν
1163 637 1236 680 καὶ
1262 636 1492 681 Πελοπόν-

194 710 366 762 3νησον
395 705 669 762 κομιζόμενα.
727 708 773 749 οῖ
802 707 882 762 μὲν
911 705 963 761 δὴ
995 705 1209 760 πάρεδροι
1239 704 1401 758 αὐτοῦ,
1431 704 1491 757 ὥς

221 773 442 818 ἐπύθοντο
471 773 654 828 πολέμια
684 771 797 818 εἶναι
825 774 875 818 τοὶ
907 779 1052 824 πλοῖα,
1085 773 1252 828 ἑτοῖμοι
1283 768 1396 829 ἦσαν
1426 776 1491 817 αἱ·

221 841 335 896 ρέειν
380 840 505 893 αὐτοὶ,
547 842 826 897 ἐσβλέποντες
855 843 897 893 ἐς
926 841 1004 885 τὸν
1024 841 1224 897 βασιλέα,
1258 840 1382 885 ὁκότε
1412 858 1490 885 πα·

221 909 453 964 ραγγελέει.
486 908 509 954 ὁ
541 910 587 954 δὲ
623 911 784 968 Ξέρξης
815 913 952 966 εἴρετο
984 907 1161 961 αὐτούς,
1196 908 1276 964 ὅκη
1299 910 1516 953 πλέοιεν-5

220 979 265 1021 οἵ
294 977 339 1022 δὲ
369 975 518 1021 εἶπαν·
559 977 651 1030 ,,Ἐς
680 978 785 1030 τούς
816 978 921 1028 σούς
949 978 1197 1032 πολεμίους,
1230 971 1265 1020 ὦ
1286 977 1486 1029 δέσποτα,

192 1050 375 1097 4,,σῖτον
414 1045 599 1102 ἄγοντες.
611 1050 634 1071 “

161 1361 258 1394 retur
287 1357 481 1407 expeditio3
512 1371 632 1409 quum
663 1371 752 1396 vero
773 1359 822 1394 li—

163 1414 222 1450 bri
246 1415 373 1464 scripti
400 1413 495 1450 illud
530 1416 728 1463 retineant,
760 1416 822 1451 in—

163 1469 448 1520 terpretandum
480 1478 610 1522 putat:
656 1476 737 1510 ante
757 1485 822 1508 ex-

155 1526 375 1578 peditionem,
394 1541 481 1578 quae
500 1532 669 1578 paratur.
712 1527 823 1574 Quod

163 1585 334 1635 sequitur
364 1583 488 1633 σφέας
518 1585 605 1635 (pro
641 1581 820 1635 αὐτούς)

163 1642 438 1692 perspicuitatis
486 1654 599 1678 causa
647 1641 823 1678 additum

162 1704 268 1748 puto,
291 1711 380 1734 cum
401 1697 601 1746 praecedat
623 1694 825 1738 ἀκούσαν-

163 1769 233 1801 τας
253 1751 575 1805 τούς“”Ἐλληντις.
633 1758 720 1792 Non
753 1756 824 1792 ali-

163 1817 220 1847 ter
239 1812 302 1860 VI,
323 1810 376 1852 46
398 1812 485 1848 coll.
511 1813 593 1860 vll,
614 1815 709 1853 221.

223 1908 318 1951 Οἷκε
344 1910 387 1951 δὲ
402 1909 529 1952 αὐτοῦ
541 1909 641 1964 αὕτη
668 1911 697 1965 η’
717 1910 825 1965 yvco‘-

163 1984 218 2020 μη
246 1970 297 2023 τῇ
324 1983 367 2020 γε
402 1967 533 2022 ἄλλῃ]
575 1971 599 2009 i.
635 1984 669 2006 e.
700 1971 825 2008 similis

163 2029 241 2063 erat
281 2025 365 2063 haec
402 2028 475 2063 eius
513 2028 684 2064 sententia
721 2027 828 2064 alteri

164 2082 302 2134 (quam
331 2089 420 2119 ante
447 2081 649 2132 ediderat).
718 2079 825 2131 Οἶκε,

139 2159 143 2162 ·
165 2140 272 2176 cuius
292 2140 377 2176 loco
388 2138 450 2176 hic
466 2140 591 2189 plures
607 2140 694 2176 libri
706 2138 824 2186 ἔοικε,

164 2196 216 2233 sic
249 2197 404 2246 ponitur
436 2195 504 2243 IV,
525 2199 592 2237 82.
617 2197 706 2237 180.
733 2198 825 2236 198.

165 2253 241 2288 Pro
261 2254 314 2305 τῇ
347 2267 390 2305 γε
439 2251 825 2302 Schweighaeuserus

166 2308 298 2344 mallet
325 2309 440 2362 τῇδε,
472 2308 539 2346 sed
567 2310 670 2346 libris
700 2310 826 2347 invitis

166 2365 330 2401 inserere
350 2377 428 2400 non
456 2364 590 2414 audet,
630 2367 826 2416 vulgatam

167 2422 220 2458 ita
239 2420 565 2470 interpretandam
584 2423 825 2460 existimans:

169 2491 238 2516 non
257 2476 459 2514 incredibile
479 2489 570 2525 esse,
601 2481 742 2516 sensisse
772 2482 827 2517 ita

171 2533 344 2572 Xerxem:
402 2545 507 2583 quum
551 2547 569 2570 c
584 2538 683 2570 erte
722 2537 829 2572 etiam

170 2590 248 2629 alia
269 2591 444 2627 occasione
462 2590 607 2626 similem
626 2593 830 2628 sententiam

173 2647 419 2685 declaraverit.
457 2644 640 2682 Matthiae
660 2647 831 2697 suspica-

172 2704 285 2740 batur
303 2703 398 2758 τῇδε
421 2699 534 2757 ἄλλῃ.
590 2703 635 2738 In
655 2715 761 2754 seqq.
782 2701 831 2739 ad

175 2761 338 2798 verbum
368 2753 603 2799 διεκπλώειν
625 2760 727 2796 conf.
747 2759 829 2807 VII,

178 2819 256 2857 100
275 2817 406 2869 ibique
427 2816 538 2852 allata
559 2821 597 2852 et
613 2813 661 2851 ad
684 2813 832 2866 ἑτοῖμοι

173 2866 280 2924 ἦσαν
299 2875 330 2922 1,
355 2876 407 2913 10
439 2873 568 2925 ibique
595 2878 692 2909 nott.
723 2872 833 2923 βασι-

694 1045 718 1091 ὁ
759 1046 805 1090 δὲ
843 1044 1082 1101 ὑπολαβών
1112 1045 1215 1101 ἔφη·

221 1114 322 1165 ,,καὶ
359 1113 483 1170 ἡμεῖς
521 1115 610 1158 ἐκεῖ
636 1114 845 1169 πλέομεν,

223 1197 293 1233 ,,τε
312 1180 481 1226 ἄλλοισι
510 1182 787 1239 ἐξηρτυμένοι
803 1182 876 1226 καὶ
899 1183 1030 1239 σίτῳ;
1061 1184 1102 1225 τί
1123 1184 1231 1238 δῆτα
1261 1179 1482 1226 ἀδικέουσι
1543 1198 1622 1238 572

1274 1044 1396 1097 ,,οὕκ
1427 1040 1490 1087 ὦν

882 1113 1071 1170 ἔνθαπερ
1102 1115 1174 1157 καὶ
1205 1108 1346 1161 οὗτοι,
1376 1115 1489 1157 τοῖσί

879 1355 947 1395 λέα
969 1355 1056 1393 dedi
1076 1369 1145 1407 pro
1168 1358 1354 1408 βασιλῆα,
1377 1358 1434 1393 Ac
1446 1359 1541 1393 Lar—

880 1412 1015 1451 cherus
1030 1445 1038 1461 ,
1071 1415 1209 1450 merito
1230 1413 1292 1450 hic
1313 1413 1458 1451 attendi
1478 1415 1542 1450 iu-

878 1472 942 1508 bet
963 1470 1010 1507 ad
1034 1472 1309 1507 commercium
1338 1484 1544 1521 magnum,

880 1527 982 1579 quod
1020 1529 1173 1564 Graecis
1214 1535 1328 1579 atque
1373 1529 1545 1578 inprimis

880 1583 1176 1621 Atheniensibus
1197 1585 1310 1620 fuerit
1329 1597 1418 1620 cum
1430 1586 1543 1621 Ponti

880 1642 1025 1678 Euxini
1060 1642 1214 1688 accolis,
1260 1640 1309 1677 ad
1340 1654 1446 1677 oram
1483 1655 1544 1677 se—

880 1698 1175 1748 ptentrionalem
1205 1699 1399 1748 inprimis,
1440 1696 1543 1734 unde

880 1756 1131 1800 frumentum,
1153 1750 1296 1805 pisces,
1315 1755 1387 1790 alia
1407 1755 1461 1790 illi
1481 1768 1542 1790 ac-

882 1813 1064 1863 ceperint.
1093 1810 1294 1848 Eiusmodi
1313 1812 1423 1847 rebus
1444 1824 1542 1847 ouu-

882 1876 955 1906 stas
976 1881 1091 1905 naves
1103 1868 1346 1904 mercatorias
1362 1866 1423 1903 hic
1445 1880 1541 1918 quo—

883 1939 959 1977 que
981 1926 1124 1975 optime
1144 1924 1303 1973 intelligi
1328 1931 1495 1974 possunt.

937 1999 1011 2054 iim]
1031 2001 1216 2052 πλέοιεν]
1250 1998 1324 2053 [im]
1355 2001 1416 2038 hic
1446 2003 1546 2039 valet

883 2074 960 2110 quo,
992 2073 1163 2110 quorsum.
1221 2060 1287 2096 Tu
1315 2060 1416 2097 conf.
1438 2058 1545 2095 simi—

882 2119 932 2154 lia
953 2129 1050 2168 quae
1073 2117 1196 2153 attulit
1208 2117 1377 2154 werrer.
1391 2117 1431 2152 in
1442 2117 1545 2156 Actt.

882 2172 990 2225 phin.
1010 2174 1183 2210 Monacc.
1204 2174 1221 2208 I
1254 2186 1292 2223 p.
1314 2171 1407 2212 412.
1464 2174 1542 2208 Nec

884 2231 992 2267 aliter
1021 2228 1151 2269 ἔκεῖίιι
1172 2242 1293 2281 seqq„
1324 2229 1390 2265 ubi
1421 2227 1544 2268 ἐκεῖσε

883 2287 1149 2338 exspectabas,
1190 2287 1301 2338 eique
1341 2284 1542 2336 respondet

885 2342 1075 2395 ἔνθαπερ.
1131 2341 1219 2380 Vid.
1249 2343 1378 2380 VValz.
1401 2340 1450 2378 ad
1469 2344 1544 2378 Ar-

882 2414 963 2438 sen.
991 2401 1092 2438 Viol.
1125 2412 1212 2450 pag.
1232 2399 1310 2439 143
1342 2398 1543 2436 coll.Bek—

882 2456 966 2495 ker.
987 2458 1027 2493 in
1056 2457 1225 2508 Specim.
1253 2454 1431 2493 Philostr.
1456 2468 1542 2506 pag.

884 2516 952 2554 78.
1009 2515 1097 2550 Non
1128 2514 1237 2550 aliter
1268 2511 1352 2552 ἐκεῖ
1369 2526 1471 2550 nunc
1491 2513 1543 2548 le-

884 2571 987 2620 gitur
1007 2569 1109 2621 apud
1126 2567 1310 2610 Herod0t‚
1330 2571 1399 2617 IX,
1423 2571 1515 2608 108.

942 2647 1216 2700 ἐξηρτυμένοι]
1237 2646 1443 2693 Mediceus,
1454 2646 1543 2681 1³10-

886 2705 1069 2753 renthlus,
1091 2706 1153 2742 alii
1178 2702 1446 2756 ἐξηρτημένοι.
1494 2701 1542 2736 Al

887 2767 988 2798 recte
1016 2762 1211 2812 vngatam
1241 2766 1368 2797 tuetur
1386 2759 1545 2795 wesse-

887 2817 981 2868 ling.
1009 2819 1127 2855 citans
1146 2819 1194 2865 II,
1222 2819 1290 2857 32.
1310 2813 1450 2854 Athen,
1471 2814 1545 2849 XII

888 2887 927 2924 p.
947 2874 1026 2916 511
1049 2876 1096 2913 D.
1119 2875 1204 2911 alia.
1262 2869 1399 2909 Suidas
1418 2873 1434 2907 l
1459 2882 1544 2921 pag.
