1897 3340
427 224 1080 266 TERPSICHORE.
1140 226 1185 262 V.

1393 229 1449 267 65

183 338 391 393 σάμενος,
434 337 476 386 ἐς
508 334 662 392 ἥντινα
702 336 786 390 γῆν
814 333 973 376 κτίσων
1007 334 1078 388 ἴῃ,
1120 331 1220 376 οὔτε
1259 333 1446 387 ποιήσας

154 413 176 446 3
187 405 316 449 οὐδὲν
348 407 436 446 τῶν
471 401 784 456 νομιζομένων.

183 472 299 517 ἀπίει
329 471 371 521 ἐς
403 468 481 525 τὴν
513 468 685 525 Λιβύην
728 468 780 511 τὰ
811 473 965 512 πλοῖα·

182 540 339 592 ἄνδρες
383 539 580 590 Θηραῖοι.
620 533 882 590 ἀπικόμενος
922 534 965 580 δ’
996 535 1039 586 ἐς
1071 539 1267 585 Κίνυπα,

179 609 324 663 χῶρον
353 603 585 648 κάλλιστον
613 607 699 647 τῶν
730 603 909 662 Λιβύων
949 602 1068 657 παρὰ
1097 603 1317 660 ποταμόν·

121 805 228 852 tinet,
252 803 355 856 quod
374 803 465 841 inde
486 804 678 842 aDoricae
690 817 788 856 gen-

121 863 168 898 tis
197 863 437 899 incunabulis
468 863 596 898 omnia
626 863 706 899 fere
726 863 787 916 ‘ad

119 917 296 969 Delphos
319 917 618 970 -Pythiciunque
648 932 786 956 oracu-

121 976 223 1023 lum,
262 983 308 1013 ut*
336 990 384 1012 ex
406 989 482 1028 quo
510 977 637 1012 omnia
659 978 784 1027 gentis

121 1033 290 1069 instituta
312 1032 545 1083 prodierint,
578 1033 679 1084 apud
701 1035 783 1070 Do-

122 1103 179 1126 res
200 1090 472 1126 referebantur.
512 1085 690 1142 Namque
702 1092 761 1142 Ly
762 1113 783 1117 —

121 1159 190 1183 cu]
191 1159 285 1197 gum
307 1146 482 1184 dicebant
503 1147 592 1198 eP)
595 1146 697 1183 thiae
719 1161 784 1184 ore

120 1203 248 1254 leges,
290 1216 382 1255 quas
423 1204 618 1254 Spartanis
656 1205 783 1253 ferret,

121 1262 331 1311 accepisse,
354 1259 483 1297 unde
473 1274 576 1311 ipsae
596 1261 699 1311 leges
712 1277 784 1300 πυ-

121 1315 361 1368 θόχρηστοι,
403 1316 441 1353 id
464 1317 567 1368 quod
587 1319 785 1354 neminem

122 1374 242 1423 fugit3
276 1386 319 1410 ac
349 1374 410 1410 vel
437 1381 563 1425 postea
586 1375 785 1411 Laconum

122 1431 234 1478 rebus
286 1431 446 1481 publicis
498 1431 696 1467 oraculum
736 1432 787 1467 ita

124 1500 295 1538 praeesse
315 1488 530 1538 putabatur,
543 1494 585 1523 ut
596 1500 657 1524 eas
679 1490 786 1539 quasi

123 1557 267 1594 regere,
282 1556 552 1595 smnmamque
574 1556 705 1580 earum
715 1558 786 1580 cu-

123 1613 206 1636 ram
221 1613 352 1651 gerere
363 1599 568 1646 videretur,
581 1602 786 1651 magistra-

121 1664 258 1709 tusque
286 1655 515 1709 Pythiorum
546 1665 669 1694 essent
690 1671 786 1694 con-

122 1715 261 1762 stituti,
299 1716 471 1751 maximo
502 1713 651 1751 honore
670 1728 785 1765 prae-

123 1769 189 1808 diti
210 1784 423 1824 regumque
444 1784 487 1807 ac
508 1785 644 1808 senum
665 1785 785 1809 asses—

121 1841 235 1876 sores,
251 1829 388 1880 quibus
408 1827 685 1879 Delphicorum
697 1842 785 1865 ora—

122 1886 296 1922 culorum
307 1898 396 1921 cura
408 1892 487 1921 erat
494 1886 675 1936 permissa
689 1885 786 1934 (vid.

122 1941 264 1979 Herod.
286 1943 349 1988 VI,
372 1942 468 1991 57).
525 1944 660 1994 Neque
682 1944 787 1979 enim

123 1998 337 2051 quidquam
356 1999 508 2050 publice
527 2000 785 2051 privatimque

124 2057 379 2107 suscipiebant
394 2056 583 2106 Spartani,
605 2058 677 2093 nisi
699 2069 786 2093 ora-

124 2114 211 2150 culo
222 2111 409 2164 Delphico
422 2114 594 2150 consulto
606 2126 616 2160 3
628 2113 668 2150 id
682 2113 785 2165 quod

123 2170 163 2206 in
185 2171 332 2207 colonia
349 2169 549 2206 condenda
570 2183 687 2222 quam
699 2184 786 2207 ma-

123 2227 229 2263 xime
240 2228 420 2271 valuisse,
443 2234 577 2278 sponte
591 2229 712 2277 quivis
723 2229 787 2263 in—

123 2284 271 2333 telligit.
340 2285 475 2336 Itaque
511 2283 560 2321 de
589 2285 786 2335 Spartanis

123 2339 527 2391 DoribusDelphicum
549 2339 664 2378 deum
687 2355 783 2378 con—

124 2397 331 2437 sulentibus
341 2398 381 2434 si
373 2399 533 2448 gillatim
545 2399 663 2435 valuit
666 2397 784 2450 ,quod

124 2453 164 2490 in
194 2455 415 2491 universum
455 2454 503 2491 de
535 2456 688 2492 Graecis
730 2457 784 2492 ita

127 2512 336 2548 enuntiavit
357 2511 489 2548 Cicero
511 2512 568 2547 De
591 2512 708 2549 divin.
734 2514 782 2560 H,

130 2567 151 2604 1
175 2567 211 2611 ξ.
234 2570 280 2608 3:
321 2568 481 2615 „Quam
504 2582 595 2605 vero
625 2570 785 2606 Graecia

128 2622 317 2660 coloniam
336 2626 438 2661 misit
458 2626 497 2660 in
517 2625 704 2673 Aeoliam,
720 2627 786 2662 Io-

130 2677 245 2725 niam,
263 2681 404 2728 Asiam,
427 2681 610 2729 Siciliam,
623 2684 785 2730 Italiam,

131 2732 210 2768 sine
236 2735 372 2786 Pythio
399 2745 463 2774 aut
490 2738 699 2776 Dodonaeo
722 2747 787 2776 ant

132 2790 356 2829 Hammonis
376 2795 554 2832 oraculo
546 2792 565 2819 9
595 2803 660 2831 aut
682 2797 787 2847 quod

132 2846 277 2883 bellum
311 2857 525 2900 susceptlnn
554 2852 600 2888 ab
633 2864 677 2888 eo
707 2854 787 2888 sine

189 2904 409 2942 Hssnonor.
428 2908 495 2944 III.

1073 401 1240 455 βαρέως
1280 403 1501 455 asthma&

1018 468 1280 523 κατηγέοντο
1319 470 1364 512 δὲ
1403 470 1446 511 οἷ

845 398 918 444 οἷα
971 400 1016 444 δὲ

1311 538 1447 579 οἴκισε

1369 605 1446 657 ἐξε-

843 804 1000 842 consilio
1023 803 1183 842 deorum
1206 814 1260 843 est
1274 803 1292 844 Ρ
1306 808 1329 828 “
1370 807 1432 844 Tu
1455 808 1503 845 cf.

842 863 891 900 de
919 862 977 899 his
1009 863 1052 899 C.
1085 864 1128 899 0.
1157 865 1307 900 Miiller.
1336 866 1427 902 Dor.
1454 866 1502 912 ΙΙ,

844 922 897 960 17
924 932 1031 971 seqq.
1060 921 1078 955 I
1106 934 1144 970 p.
1172 920 1241 960 57.
1270 923 1361 961 137.
1395 922 1437 958 C.
1460 923 1501 958 F.

839 978 1052 1013 Hermann.
1082 975 1286 1013 Lehrbuch
1310 977 1345 1013 d.
1359 977 1504 1028 griech.

840 1032 1118 1071 Staatsalterth.
1151 1035 1188 1079 ξ.
1218 1037 1271 1074 23
1304 1042 1382 1071 not.
1406 1038 1430 1075 9
1467 1043 1503 1071 et

842 1091 879 1136 ξ.
910 1092 964 1132 75
993 1097 1072 1126 not.
1104 1090 1143 1130 4.
1180 1089 1249 1127 Ch.
1279 1092 1320 1128 F.
1344 1092 1504 1128 VVilster

840 1149 898 1183 De
918 1148 1091 1197 religion.
1115 1154 1151 1183 et
1180 1149 1322 1184 oracul.
1358 1150 1506 1199 Apolli-

840 1206 898 1241 nis
927 1203 1105 1255 Delphici
1136 1206 1286 1251 (Havn.
1312 1207 1437 1252 1827)
1460 1207 1505 1243 Ρ.

842 1263 858 1297 I
881 1263 917 1306 ξ.
941 1261 994 1301 34
1015 1274 1102 1311 pag.
1125 1262 1178 1300 78
1199 1274 1305 1312 seqq.
1326 1283 1383 1289 —
1411 1264 1506 1299 Mox

843 1331 932 1354 cuin
953 1316 1174 1366 Schweigh.
1197 1325 1233 1354 et
1253 1318 1369 1354 Gaisf.
1392 1332 1506 1370 repo-

843 1376 901 1411 sui
924 1374 977 1428 ἴῃ,
1011 1373 1115 1426 quod
1137 1373 1248 1411 offert
1269 1376 1433 1425 optimus
1454 1378 1504 1412 li-

842 1432 910 1467 ber
950 1432 1204 1467 llorentinus.
1280 1432 1505 1469 Coniuncti-

842 1501 911 1524 vus
933 1488 1036 1523 enim
1058 1489 1094 1523 in
1119 1489 1298 1532 ἰιῆεὙιοεῑ
1291 1490 1416 1525 itione
1431 1503 1506 1540 po—

841 1546 957 1591 nitur7
980 1545 1060 1591 utI,
1071 1545 1137 1591 53,
1159 1545 1225 1580 ubi
1247 1534 1322 1581 vid.
1337 1553 1432 1582 nott.
1443 1548 1508 1583 VI.

842 1601 910 1641 35,
952 1601 1133 1638 Probavit
1163 1601 1210 1637 G.
1233 1603 1444 1639 Hermann.
1465 1604 1503 1639 in

842 1658 1005 1708 Opuscc.
1027 1659 1078 1694 IV
1100 1670 1187 1709 pag.
1212 1660 1279 1698 90.

899 1711 989 1753 οὔτε
1002 1711 1176 1766 ποιήσας
1195 1711 1316 1753 οὐδὲν
1334 1717 1414 1754 τῶν
1438 1731 1509 1755 νο-

841 1770 1091 1822 μιζομένων]
1124 1772 1305 1821 Neglexit
1323 1774 1507 1811 nimirum

842 1829 906 1864 ille
935 1830 1064 1865 omnia
1086 1842 1150 1876 ea,
1194 1841 1292 1879 quae
1321 1842 1342 1865 a
1364 1831 1507 1868 civibus

844 1885 892 1922 ad
922 1886 1114 1922 coloniam
1148 1884 1393 1922 condendam
1413 1900 1506 1938 pro-

843 1942 1099 1979 ficiscentibus
1120 1943 1190 1978 rite
1210 1942 1290 1978 fieri
1319 1944 1504 1991 solebant,

843 2012 947 2036 sacra
977 2000 1149 2049 publica,
1182 1999 1274 2035 ritus
1304 2001 1505 2048 solemnes,

844 2057 917 2093 alia
938 2055 977 2093 id
998 2069 1142 2106 genus,
1175 2055 1222 2092 de
1244 2057 1380 2108 quibus
1403 2058 1504 2094 conf.

843 2113 986 2150 Herod.
1009 2115 1037 2160 Ι,
1063 2113 1141 2154 146
1171 2113 1262 2164 ibiq.
1285 2120 1381 2151 nott.
1404 2121 1440 2151 et
1462 2115 1505 2151 C.

842 2172 886 2208 F.
930 2172 1142 2207 Hermann.
1181 2169 1401 2207 Lehrbuch.
1434 2179 1505 2208 eto.

843 2229 881 2273 ξ.
911 2229 964 2269 75
999 2234 1079 2264 not.
1102 2230 1140 2268 3.
1162 2248 1218 2254 —
1268 2228 1362 2264 Mox
1383 2223 1506 2275 ςῗπίει,

841 2291 884 2320 ut
906 2283 998 2332 ἐξίει
1014 2286 1042 2332 Ι,
1056 2287 1093 2330 6,
1117 2282 1270 2321 ubivicl.
1291 2291 1387 2322 nott.
1401 2279 1505 2324 α’νίει

839 2343 906 2387 ΙΠ,
931 2343 1021 2388 109,
1053 2342 1138 2378 alia.
1196 2342 1318 2391 Magis
1346 2341 1507 2378 advertit

841 2399 942 2435 celer
952 2399 1129 2435 transitus
1140 2409 1160 2432 a
1169 2394 1507 2449 praeseuti(c271:c'a)

841 2455 891 2492 ad
949 2456 1197 2505 praeteritum
1244 2454 1505 2506 κατηγέοντος

843 2525 1082 2564 quamquam
1109 2513 1149 2547 in
1181 2511 1377 2548 Herodoto
1417 2513 1504 2548 talia
1532 2547 1535 2553 ,

841 2571 969 2605 minus
1000 2568 1195 2605 offendere
1217 2568 1370 2606 debent.
1416 2568 1503 2606 Vid.

843 2627 954 2662 allata
976 2625 1024 2662 ad
1044 2626 1089 2673 V,
1112 2626 1181 2666 55-

899 2680 1136 2733 κατηγέοντο
1155 2679 1197 2719 δὲ
1211 2680 1253 2718 οἷ
1265 2677 1408 2731 ἄνδρες
1423 2680 1504 2727 Θη-

844 2740 970 2789 ραῖοι]
1006 2739 1180 2776 Tlaeeraeos
1200 2738 1300 2773 viros
1323 2736 1504 2772 exstitisse

845 2796 960 2833 duces
999 2794 1102 2832 haud
1150 2795 1314 2838 mirnm3
1367 2792 1507 2843 quippe

846 2866 1009 2904 quorinn
1040 2853 1210 2888 maxime
1239 2849 1366 2885 ssoruit
1397 2859 1507 2883 com—

1207 2920 1230 2944 a]
