1897 3340
505 202 593 240 ET
652 197 1166 238 CORRIGENDA.
1508 203 1591 242 819

312 312 400 347 dam.
473 311 551 347 vid.
600 308 762 344 Michaud
811 306 1116 352 Correspondance
1154 306 1324 341 d'Orient.
1365 308 1408 342 T.
1454 310 1469 344 1
1513 323 1593 355 pag.

313 361 358 394 95
383 370 419 391 se
471 381 480 390 .

92 404 143 440 Ad
170 405 227 449 VI,
253 407 298 441 82
323 417 401 449 pag.
422 369 495 438 ι,13940
520 402 581 435 col.
609 400 669 435 alt.
693 400 750 434 lin.
774 400 796 435 5
820 397 863 432 ab
881 397 941 431 inf.
991 397 1042 431 De
1054 398 1118 432 hac
1131 397 1321 442 particulae
1340 393 1388 431 ἄν
1412 400 1591 435 omissione

314 455 475 484 accurate
502 448 574 492 egit
597 445 798 480 Stallbaum.
824 443 866 477 ad
896 443 1030 477 Platon.
1058 443 1228 478 Phaedon.
1274 455 1308 488 p.
1342 443 1390 479 40
1405 456 1498 489 seq.‚
1533 447 1590 480 ubi

313 500 407 530 recte
433 496 600 534 observat,
634 502 699 524 non
722 490 812 536 apud
838 493 957 535 poetas
980 495 1111 523 tantum
1136 489 1194 523 sed
1219 488 1323 523 etiam
1346 491 1435 533 apud
1460 492 1592 525 solutae

311 541 476 576 orationis
504 538 689 581 scriptores
714 536 821 570 omitti
837 547 939 581 posse
966 531 1033 569 ὂὶνι
1058 548 1124 581 quo
1149 537 1191 569 de
1215 546 1277 569 usu
1302 540 1337 569 et
1361 535 1394 569 h.
1420 536 1442 569 l.
1467 542 1501 569 et
1525 538 1587 581 lv,

317 590 392 622 196.
418 587 444 625 Ι,
472 587 513 620 19
538 583 612 620 (ubi
637 581 726 626 πρὶν
750 578 772 626 ἣ
799 587 964 627 sequente
989 581 1201 615 coniunctivo
1226 581 1298 615 sine
1323 577 1390 625 ἂν)
1417 582 1555 616 excitat.

89 633 143 669 Ad
169 634 228 675 VI,
253 635 296 669 85
323 645 400 679 pag.
427 632 495 666 345
534 629 591 662 lin.
625 631 659 664 7.
706 625 1113 670 πανώλεθροψκοικόν.
1161 628 1212 662 Ad
1252 628 1456 662 locutionem
1499 630 1588 665 conf.

311 677 462 720 Aeschyl.
488 677 524 709 S.
550 688 578 709 c.
608 675 774 709 Theb.71
800 674 916 719 ibique
943 673 1128 708 Blolnfield.
1153 675 1185 707 in
1211 674 1368 708 Glossar.

89 725 144 760 Ad
167 725 229 767 VI,
252 727 297 760 86
320 736 398 769 pag.
413 724 481 756 347
506 721 564 754 lin.
593 724 623 755 1.
672 720 893 763 Participium
929 717 1127 767 ἱκνευμένῳ
1164 720 1292 765 Negris
1322 723 1417 754 recte
1450 719 1590 766 exponit

307 766 550 813 προσήκοντι,
576 764 768 809 πρέποντι,
794 763 996 811 (ὁρισμένῳ.

89 817 141 851 Ad
167 817 225 860 VI,
249 817 294 852 86
317 818 349 857 ἓ.
378 817 394 849 1
420 826 500 860 pag.
525 814 593 848 348
621 813 676 845 lin.
705 815 735 847 1.
786 807 827 852 ὃς
864 809 895 845 δ’
936 808 990 845 ἂν
1026 809 1117 856 ἔχων
1140 824 1173 846 κ.
1197 825 1230 844 τ.
1256 814 1285 846 λ.
1336 811 1435 845 Hunc
1469 814 1587 855 locum,

307 861 397 939 qutid
417 858 697 939 ganepmitffirisli
723 858 848 938 affeQ'gd
874 860 1031 937 nefflecta
1055 860 1175 937 ycpcula
1201 855 1267 912 5211,-
1288 857 1456 938 ΙέΙοιί-ξωὲ.
1478 858 1587 891 Lelire

307 919 397 986 xiiia}
423 917 481 984 ῐιίἓ
500 917 666 996 ρᾶῖἱῑιϋὲθ,
691 917 876 984 &E'omitii
897 916 1066 1005 ἑοεείεέω
1091 916 1141 938 em
1168 916 1232 939 ¹¹0ss
1259 916 1292 938 m
1313 917 1331 937 e
1358 916 1424 948 ¹00,
1449 915 1567 949 (1¹10th

85 999 136 1034 Ad
162 999 224 1042 VI,
250 1000 293 1034 88
319 1010 397 1043 pag.
422 999 489 1032 352
515 997 567 1030 lin.
583 999 615 1031 8.
665 996 764 1035 Quod
791 1001 868 1040 post
894 996 1036 1030 εωυτοῦ
1062 995 1254 1029 Larchorus
1278 995 1381 1029 inseri
1408 996 1479 1029 vult
1505 1007 1585 1028 ver-

305 1046 383 1077 bum
420 1041 627 1085 ἐπράξατο,
664 1042 699 1075 id
731 1043 851 1075 merito
885 1042 1054 1086 improbat
1079 1042 1216 1086 Negris‚
1251 1054 1383 1075 sensum
1409 1042 1473 1075 loci
1498 1042 1585 1076 hunc

305 1103 381 1124 esse
404 1096 518 1123 ratus:
560 1086 874 1139 δυσᾳρεστημένος
909 1086 984 1122 ἀπὸ
1019 1085 1110 1126 τοὺς
1144 1086 1339 1132 Αἰγινήτας
1372 1086 1470 1122 διότι
1495 1100 1586 1132 πρυ-

307 1133 495 1180 λαβόντως
519 1133 586 1169 τὸν
613 1138 710 1178 εἰχον
734 1133 957 1177 υπερορίσαι
979 1134 1045 1177 τῆς
1068 1131 1193 1177 νήσου.

84 1184 136 1218 Ad
161 1184 221 1225 VI,
237 1184 281 1218 89
309 1195 388 1227 pag.
414 1183 483 1217 353
508 1181 571 1214 col.
596 1182 653 1214 alt.
680 1181 738 1214 lin.
763 1183 784 1216 7
809 1191 890 1224 pro:
915 1181 1105 1224 propressi
1128 1180 1305 1221 legendum
1329 1182 1540 1224 progressi.

86 1231 137 1264 Ad
164 1230 223 1274 VI,
247 1232 291 1265 89
316 1241 395 1273 pag.
420 1228 501 1263 354.
549 1227 601 1260 Ad
627 1227 750 1260 verba:
778 1226 927 1260 διδοῦσι
951 1225 989 1259 δὲ
1015 1223 1322 1269 πενταδράχμους
1356 1223 1588 1268 ἀποδόμενοι

304 1275 389 1308 haec
410 1278 552 1307 annotat
576 1272 726 1315 Negris:
750 1270 987 1315 πωλήσαντες
1009 1269 1117 1305 πέντε
1143 1272 1316 1315 δραχμῶν
1340 1267 1364 1316 ἢ
1392 1272 1478 1311 ἴσως
1497 1284 1587 1306 ναυ-

304 1318 742 1358 λεόσαντες,δανείσαντες
767 1315 884 1357 αὐτάς
909 1317 972 1352 διὰ
997 1315 1106 1351 πέντε
1131 1316 1308 1361 δραχμάς.

82 1367 137 1402 Ad
163 1368 221 1410 VI,
243 1369 288 1403 91
314 1379 393 1425 pag.
417 1365 556 1403 3551iu.
583 1368 638 1401 11.
684 1361 915 1409 ἐπισπαστὴρ
940 1369 1082 1399 auctore
1107 1364 1237 1409 Negris
1260 1365 1348 1400 idem
1381 1365 1474 1399 valet
1484 1370 1587 1411 atque

333 1425 404 1446 οπτ
431 1424 485 1446 ον.

82 1459 135 1494 Ad
159 1458 219 1502 VI,
237 1458 283 1494 94
307 1426 386 1503 gagg.
407 1424 478 1494 Ε358
503 1458 560 1492 lin.
585 1458 618 1493 3.
666 1458 792 1491 Vocem
825 1456 946 1490 Δᾶτιν
985 1457 1079 1490 Pott.
1105 1456 1299 1500 Etymolog.
1335 1456 1477 1490 Forsch.
1503 1467 1583 1500 pag.

303 1505 471 1539 XXXVII
505 1505 612 1538 refert
643 1504 686 1537 ad
710 1503 965 1537 Sanscritanum
991 1504 1093 1537 dalta
1116 1503 1141 1537 i.
1156 1514 1186 1537 e.
1213 1504 1337 1537 datus:
1365 1514 1407 1536 ex
1431 1514 1498 1548 quo
1509 1503 1582 1538 scil.

302 1551 435 1584 nomine
446 1550 543 1596 plura
568 1550 700 1584 nomina
723 1549 861 1583 formari
885 1551 1032 1583 soleant.

83 1597 134 1632 Ad
162 1597 220 1639 VI,
243 1598 289 1632 96
315 1608 394 1641 pag.
427 1598 496 1632 359
528 1596 586 1629 lin.
610 1598 644 1631 9.
693 1593 839 1638 ἐπεῖχον
871 1595 999 1638 Negris
1020 1595 1272 1640 interpretatur
1297 1591 1395 1639 εἶχον
1420 1593 1581 1630 σκοπόν·

301 1640 398 1686 εἶχον
422 1643 474 1681 εἰς
497 1641 565 1677 τὸν
588 1642 683 1676 νοῦν
706 1653 794 1675 των·
821 1639 1083 1677 διευθύνοντο.

82 1689 134 1724 Ad
157 1689 218 1733 VI,
242 1691 288 1726 97
312 1701 388 1734 pag.
407 1689 476 1724 360
499 1689 558 1722 lin.
583 1691 637 1723 12.
686 1688 797 1728 Quam
823 1698 883 1721 nos
907 1687 1140 1722 Gaissordium
1163 1686 1272 1720 secuti
1293 1686 1446 1720 dedimus
1463 1687 1583 1720 lectio-

301 1747 376 1768 nem
411 1733 472 1769 ἐπὶ
504 1733 666 1768 τοσοῦτό
703 1745 741 1778 γε
776 1731 946 1777 φρονέω,
989 1745 1063 1767 eam
1097 1732 1217 1777 reponi
1257 1744 1394 1777 qnoque
1429 1733 1583 1767 voluerat

301 1782 432 1814 Osann.
468 1781 502 1814 in
536 1784 677 1815 Auctar.
710 1781 775 1813 Gr.
810 1780 926 1813 Lexic.
959 1791 1038 1824 pag.
1073 1781 1118 1815 66
1142 1778 1185 1813 de
1210 1778 1408 1812 confusione
1439 1781 1581 1813 voculae

300 1824 352 1860 ἔτι
377 1838 451 1860 cum
477 1824 548 1869 ἐπὶ,
573 1827 649 1862 aliis
673 1825 823 1867 vocibus,
843 1827 943 1871 plura
966 1826 1125 1860 afferens.

79 1884 131 1919 Ad
147 1884 208 1925 VI,
233 1885 277 1919 98
302 1895 380 1928 pag.
405 1885 474 1918 362
499 1884 554 1918 lin.
579 1886 614 1918 2.
661 1881 740 1917 καὶ
771 1882 903 1925 πρῶτα
939 1881 1020 1916 καὶ
1053 1878 1207 1917 ὕστατα.
1263 1880 1339 1914 Vim
1362 1880 1465 1922 illam,
1490 1892 1579 1925 quae

299 1930 332 1963 in
365 1929 539 1974 duplicata
578 1929 746 1975 particula
775 1928 838 1962 καὶ
863 1928 972 1970 inest,
998 1929 1111 1962 hocin
1137 1931 1212 1962 loco
1238 1933 1273 1960 et
1300 1927 1325 1968 I,
1351 1928 1393 1961 61
1421 1928 1581 1961 observ-nt

299 1976 468 2018 Hartnng.
503 1975 616 2009 Lehre
641 1987 671 2009 v.
687 1975 721 2008 d.
748 1975 887 2008 Griech.
924 1975 1053 2009 Partik.
1090 1974 1105 2007 I
1131 1986 1208 2019 pag.
1236 1974 1314 2008 144.
1339 1992 1384 1997 --
1432 1972 1520 2006 lbid.
1548 1974 1580 2006 in

298 2018 530 2063 Ἀρταξέρξου
554 2033 673 2055 nomen
697 2021 810 2054 multis
835 2032 942 2066 nuper
966 2020 1144 2065 inquisivit
1168 2021 1262 2054 Pott.
1288 2019 1309 2054 l.
1325 2020 1348 2053 l.
1377 2030 1457 2063 pag.
1483 2019 1581 2053 LXII

297 2079 396 2112 seqq.
430 2067 546 2100 LXIX
578 2079 674 2111 seqq.
708 2067 784 2100 coll.
819 2078 897 2111 pag.
928 2066 1036 2108 LXV,
1061 2067 1120 2099 ubi
1144 2067 1265 2099 Xersis
1290 2076 1404 2098 vocem
1429 2065 1583 2098 indicare

299 2113 475 2147 contendit
498 2125 616 2159 regem
641 2113 850 2158 eandemque
873 2124 992 2146 vocem
1015 2118 1148 2146 auctam
1173 2123 1296 2146 sonare
1321 2113 1557 2147 Artaxerxem.

78 2170 131 2203 Ad
156 2169 217 2212 VI,
242 2171 309 2205 100
333 2183 410 2215 pag.
436 2171 505 2205 367
529 2170 588 2203 lin.
614 2169 647 2204 4.
673 2171 706 2204 5.
756 2166 894 2203 ἐὼν-τὰ
919 2169 1063 2211 πρῶτα.
1112 2169 1210 2202 Conf.
1238 2167 1337 2202 etiam
1363 2167 1406 2201 ad
1435 2167 1579 2202 locutio·

297 2227 371 2248 nem
397 2216 560 2249 Herodot.
586 2215 650 2257 IX,
675 2217 731 2251 78.
779 2215 818 2249 In
838 2215 991 2259 prox‘nne
1015 2215 1294 2249 antecedentibus
1318 2214 1361 2247 ad
1395 2216 1503 2248 verba
1529 2212 1576 2248 τὰ

301 2258 396 2303 ἄκροι
419 2263 486 2305 τῆς
511 2260 678 2307 Εὐβοίης
703 2261 796 2296 conf.
821 2261 924 2295 etiam
948 2266 1035 2297 nott.
1060 2262 1103 2295 ad
1131 2261 1226 2303 VIII,
1254 2262 1308 2296 13.

77 2318 130 2353 Ad
154 2318 214 2361 VI,
239 2319 302 2353 101
330 2329 363 2361 p.
379 2319 446 2352 368
470 2317 516 2350 lin
532 2320 565 2351 5.
591 2318 629 2351 εἴ
649 2330 722 2358 κως
746 2317 786 2353 δὲ
810 2331 842 2352 κ.
868 2330 901 2352 τ.
926 2319 956 2352 λ.
1004 2317 1056 2351 De
1079 2329 1141 2351 usu
1165 2317 1357 2361 particulae
1385 2316 1421 2351 εἰ
1442 2318 1574 2351 confer.

296 2363 468 2405 Hartnng.
491 2364 514 2397 1.
525 2364 546 2395 1.
557 2362 657 2398 Tom.
670 2364 700 2396 11
714 2376 746 2408 p.
757 2367 837 2404 206,
862 2364 918 2398 ubi
934 2369 1069 2407 praeter
1093 2364 1182 2397 hunc
1215 2363 1324 2396 locum
1348 2364 1479 2397 excitat
1506 2365 1574 2397 He-

296 2409 438 2442 rodotea
462 2408 488 2446 I,
512 2410 569 2442 53.
595 2408 641 2449 Il,
669 2410 723 2443 52.
747 2429 792 2433 —-
824 2411 878 2442 Ad
894 2416 1100 2443 structuram
1124 2409 1220 2443 verbi
1243 2408 1343 2452 μέλει
1367 2411 1399 2443 in
1424 2410 1577 2454 proxime

299 2466 395 2498 seqq.
432 2453 559 2486 faciunt
592 2465 679 2497 quae
714 2454 852 2498 collegit
874 2455 1025 2499 Strange
1048 2456 1083 2489 in
1107 2455 1254 2491 Seebod.
1281 2462 1317 2490 et
1334 2456 1426 2490 [alm.
1455 2455 1576 2488 Annal.

298 2499 418 2544 Suppl.
445 2500 487 2538 11,
511 2501 533 2534 3
558 2510 590 2543 p.
614 2500 692 2533 400.

78 2558 129 2592 Ad
156 2558 214 2603 VI,
240 2559 307 2594 102
335 2568 412 2601 pag.
437 2557 504 2590 369
534 2555 590 2588 lin.
616 2557 649 2589 2.
675 2557 708 2590 3.
763 2556 880 2589 Verba
919 2554 1160 2600 κατέργοντές
1194 2568 1233 2591 τε
1265 2555 1405 2590 πολλὸν
1450 2555 1577 2598 Negris

298 2602 439 2646 exponit
470 2599 571 2634 πάνυ
603 2598 692 2640 τούς
723 2597 944 2645 Ἀθηναίους
986 2600 1206 2646 ἐγκείμενοι,
1250 2601 1575 2644 στενοχωροῦντες,

295 2645 476 2686 ultionis
499 2658 597 2685 τους.
621 2665 667 2672 —·
714 2647 770 2684 lis.
794 2658 883 2690 quae
907 2659 983 2692 pag.
1007 2650 1078 2683 370
1110 2650 1151 2682 de
1177 2649 1306 2690 campis
1342 2648 1575 2681 Marathoniis

296 2693 551 2733 adnotavimus,
584 2692 660 2725 add.
686 2692 853 2727 Dodwell.
875 2693 974 2730 class.
993 2694 1095 2728 Reise
1119 2695 1223 2728 durch
1248 2693 1445 2726 niriechenl.
1469 2693 1513 2733 Il,
1541 2696 1573 2727 l.

296 2751 372 2784 cap.
407 2741 452 2774 20
477 2749 554 2782 pag,
588 2739 656 2772 258
680 2749 776 2782 seqq.
802 2739 856 2772 ed.
881 2740 1054 2774 vernacul.
1103 2737 1260 2780 cognovi
1285 2750 1420 2783 quoque
1446 2738 1573 2778 Leake,

298 2785 438 2830 Anglum
461 2785 607 2825 doctum,
632 2782 690 2828 qui
713 2784 786 2829 ipse
810 2784 1040 2831 hasregiones
1071 2785 1189 2819 invisit
1204 2809 1213 2825 ,
1247 2783 1280 2816 in
1312 2783 1496 2829 scriptione
1531 2783 1572 2817 de

1175 2827 1270 2872 52*
