1897 3340
34 398 149 432 Quibus
165 396 295 425 devictis

57 437 188 459 osu-emo
200 432 274 458 Hel-

50 576 147 596 ainen,
167 566 294 593 adscitis

37 602 65 628 in
85 601 266 627 societatem

36 633 261 666 Chnlcednniis,

46 669 216 729 ›riuscluam
242 669 315 695 Per-

36 710 91 729 sae
101 710 130 729 at
143 710 178 727 ve

37 736 45 743 ‘
84 736 187 770 sugam
212 743 246 762 se

225 777 241 795 e
260 777 316 796 ora

236 704 314 737 rent,

35 745 66 763 ln

37 770 120 802 dant,
148 769 220 802 inqu

37 803 149 831 Euxini
181 803 200 830 λ

38 839 56 866 b
77 838 105 865 'a

183 705 232 727 uta

202 803 233 829 ie

75 847 83 865 ι
108 847 135 866 ιιι
148 836 225 865 cond

367 224 454 265 264
764 219 1232 258 HERODOTI

238 333 304 378 33
363 330 490 375 σέων.
542 326 647 372 Ἀπὸ
691 328 738 373 δὲ
763 326 927 385 Ἰωνίης
955 325 1343 383 ἀπαλλασσόμενος
1375 325 1400 369 ὁ
1429 325 1634 377 ναυτικὰς
1689 329 1773 373 452

299 418 308 432 ⁹
366 394 573 452 στρατὸς,
602 395 656 440 τοὶ
685 393 754 440 ἐπ’
790 394 993 452 ἀριστερά
1026 395 1247 440 ἐσπλέοντι
1276 397 1356 438 τοῦ
1381 392 1638 450 Ἑλλησπόν-
1651 400 1694 436 16

65 466 314 534 ξῑξξξζξζῑ,.ξῇζ,“,,ἓι,
371 481 452 509 του
491 465 607 519 αἵρεε
644 463 810 508 πάντα·
861 464 913 507 τοὶ
942 463 1024 520 γὰρ
1056 463 1124 509 ἐπὶ
1153 462 1270 515 δεξιοὶ
1311 459 1486 506 αὐτοῖσι
1523 466 1639 505 τοῖσι

33 535 126 562 latur.
151 531 295 566 Byzantii

340 541 362 574 2
375 532 570 589 Πέρσῃσι
581 531 811 588 ὑποχείρια
827 526 883 588 ἦν
902 530 1117 586 γεγονότα
1137 529 1227 574 κατ’
1255 529 1448 586 ἤπειρον.
1477 529 1579 572 Εἰσὶ
1591 528 1639 573 δὲ

370 601 419 645 ἐν
446 603 499 657 τῇ
530 599 727 657 Εὐρώπῃ
758 601 851 643 αἵδε
880 602 961 644 τοῦ
985 597 1330 656 Ἑλλησπόντου·
1362 596 1639 653 Χερσόνησός
1651 603 1697 638 20

371 684 440 723 τε,
473 668 521 712 ἐν
548 672 603 725 τῇ
623 666 770 718 πόλιες
789 667 943 723 συχναὶ
973 667 1115 719 ἔνεισι,
1137 667 1210 710 καὶ
1242 666 1474 720 Πέρινθος,
1492 665 1567 709 καὶ
1587 665 1642 709 τοὶ

371 737 512 792 τείχεα
529 735 584 778 τοὶ
597 735 665 779 ἐπὶ
681 737 886 791 Θρηΐκης,
903 734 1215 790 καὶΣηλυβρίη
1227 751 1284 789 τε,
1300 735 1372 778 καὶ
1382 732 1641 787 Βυζάντιον.

251 811 315 863 32¹·
343 805 615 857 3Βυζαντιοι
645 804 724 859 μέν
765 819 871 857 νυν,
913 802 987 846 καὶ
1025 803 1069 846 οἱ
1105 803 1296 858 πέρηθεν
1336 800 1643 858 Χαλκηδόνιοι,

374 870 476 916 οὐδ’
521 869 762 928 ὑπέμειναν
802 869 1083 922 ἐπιπλέοντας
1119 868 1224 921 τοὺς
1262 870 1493 923 Φοίνικας,
1543 867 1640 914 ἀλλ’

500 1068 594 1119 Cap.
614 1066 801 1104 XXXIII.

375 1121 425 1163 τά
451 1119 509 1164 ἐπ’
532 1119 747 1175 ἄριστεροῖ]
797 1121 904 1158 Haec
922 1133 984 1158 se-

318 1182 484 1219 iunctim
515 1179 739 1228 scribenda,
777 1185 821 1216 ut
849 1177 986 1214 monui

320 1236 369 1275 ad
389 1239 453 1285 IV,
469 1238 562 1279 157.
584 1233 806 1286 Schweigh.
822 1234 987 1271 conferri

320 1295 450 1342 iubet,
486 1307 584 1346 quae
611 1292 660 1330 ad
679 1293 846 1344 Appian.
866 1292 988 1327 Prae-

328 1352 396 1388 fat.
418 1364 502 1401 cap.
524 1354 551 1392 2
574 1351 642 1387 lin.
665 1353 718 1390 37
737 1355 868 1385 notata
884 1348 973 1384 sint.

335 1415 338 1419 ⁴
380 1406 476 1446 Εἰσὶ
498 1404 540 1446 δὲ
568 1405 611 1446 ἔν
634 1407 685 1460 τῇ
700 1401 882 1457 Εὐρώπῃ
905 1404 993 1443 αἵδε

320 1465 398 1503 τοῦ
415 1460 709 1514 Ἑλλησπόντου
731 1477 766 1500 κ.
782 1475 815 1500 τ.
837 1461 891 1509 λ.]
913 1462 993 1497 La-

322 1521 411 1558 tiori
453 1533 567 1557 sensu
606 1518 670 1556 hic
710 1519 831 1568 accipi
858 1518 993 1553 Helle-

323 1584 509 1628 spontum
528 1576 752 1613 monuimus
783 1573 831 1610 ad
850 1574 914 1620 IV,
936 1572 990 1613 85

323 1635 554 1685 monuitque
589 1634 777 1669 Gatterer.
805 1628 990 1666 Herodot.

324 1688 470 1727 Thrac.
499 1701 588 1741 pag.
619 1687 688 1728 47.
741 1689 800 1723 De
826 1685 993 1724 Perintho

325 1745 491 1783 diximus
525 1743 573 1782 ad
601 1744 668 1792 IV,
699 1745 754 1785 90
785 1739 834 1782 τὰ
866 1742 994 1791 τείχεα

323 1799 374 1842 τοὶ
400 1800 465 1842 ἐπὶ
500 1801 678 1853 Θρηΐκης
708 1812 785 1851 quo
805 1800 890 1836 loco
909 1799 998 1834 fue-

326 1860 426 1905 rint,
457 1859 637 1895 nonsatis
656 1858 799 1908 liquet3
830 1854 878 1892 ad
898 1856 998 1892 Pro-

325 1913 496 1967 pontidis
523 1927 632 1951 oram
651 1914 751 1950 intra
769 1909 999 1949 Perinthum

328 1979 367 2009 et
409 1971 627 2023 Selybriam
670 1976 860 2007 exstructa
884 1968 998 2005 fuisse

329 2029 524 2067 coniicias.
583 2027 696 2064 Conf.
717 2027 909 2063 Manuert.
928 2026 1000 2062 VH

331 2099 370 2136 p.
396 2087 490 2125 182.
547 2084 606 2121 Ac
636 2084 703 2121 vix
723 2082 884 2120 dubium
904 2082 999 2134 quin

331 2140 411 2178 huc
431 2141 547 2177 faciat
563 2140 709 2191 Scylax
726 2140 767 2176 iu
786 2139 929 2189 Peripl.
959 2139 998 2184 ς.

335 2199 391 2238 68
413 2210 452 2247 Ρ.
474 2198 526 2237 28
547 2195 683 2244 Huds.‚
709 2196 776 2233 ubi
792 2194 886 2231 haec
902 2195 1001 2244 legi-

334 2265 440 2290 mus:
473 2249 568 2303 μετοῖ
591 2250 633 2292 δὲ
651 2249 720 2291 τόν
739 2247 1001 2302 Χερῤόνησον

337 2308 420 2349 ἔστι
438 2305 592 2363 Θρᾴκια
611 2308 718 2359 τείχη
747 2304 857 2346 τάδε·
888 2308 1001 2358 πρῶ-

336 2380 406 2405 τον
425 2362 566 2416 Λευκή
596 2360 711 2414 ἀκτή,
747 2363 1003 2416 Τειρίστασις,

301 2417 573 2470 ΙἩράκλεια,
629 2422 778 2467 Γᾶνος,
850 2420 1004 2468 Γανίαι,

346 2477 454 2518 Νέον
473 2481 620 2528 τεῖχος,
655 2475 860 2528 Πέρινθος
889 2471 1005 2522 πόλις

341 2533 411 2574 καὶ
442 2531 591 2584 λιμήν,
640 2529 823 2584 Δαμινὸν
863 2536 1004 2582 τεῖχος,

344 2591 582 2642 Σηλυμβρία
623 2584 738 2636 πόλις
768 2587 836 2627 καὶ
870 2585 1005 2639 λιμήν.

341 2648 400 2684 Ac
425 2648 523 2684 bene
553 2652 686 2683 monet
716 2646 815 2682 Gail.
844 2645 1006 2696 (Geogr.

343 2706 466 2741 minn.
487 2704 505 2740 1
524 2717 562 2754 p.
576 2703 670 2744 572.
682 2702 797 2750 596),
819 2714 916 2753 quae
927 2708 1006 2738 tam

344 2762 525 2812 frequens
545 2757 646 2810 apud
658 2757 932 2810 Thucydidem
948 2766 1007 2795 at-

346 2830 423 2869 que
440 2814 742 2854 Demosthenem
753 2816 937 2866 reperitur
948 2816 1007 2852 lo-

1039 1064 1143 1102 cutio
1163 1061 1211 1104 τοῖ
1237 1062 1303 1103 ἐπὶ
1323 1065 1396 1115 τῆς
1415 1060 1597 1118 Θρᾴκης,
1624 1064 1701 1117 quii

1040 1119 1230 1158 Thraciae
1249 1121 1359 1157 litora
1379 1122 1533 1159 Graecis
1558 1121 1703 1159 colonis

1040 1178 1184 1228 repleta
1220 1184 1258 1214 et
1299 1176 1594 1215 Atheniensium
1628 1180 1705 1215 im-

1041 1235 1147 1285 perio
1175 1232 1326 1271 subdita
1353 1233 1513 1271 indicari
1543 1242 1704 1283 constat,

1044 1303 1132 1327 eam
1151 1289 1255 1342 apud
1276 1291 1480 1341 Scylacem
1494 1304 1573 1329 non
1593 1305 1707 1343 repe-

1048 1348 1125 1395 riri,
1144 1360 1218 1384 nec
1237 1348 1309 1384 nisi
1329 1359 1407 1384 uno
1426 1345 1501 1385 hoc
1521 1348 1708 1386 Herodoti

1046 1404 1147 1441 loco.
1195 1405 1254 1440 De
1271 1416 1345 1455 qua
1366 1403 1471 1442 idem
1491 1405 1590 1442 Gail.
1612 1418 1708 1442 cou-

1047 1461 1138 1498 ferri
1159 1461 1241 1498 vult
1262 1461 1375 1497 Gailii
1394 1462 1508 1512 patris
1536 1463 1710 1512 Geogra-

1047 1516 1138 1568 phie
1160 1516 1343 1554 d’Herod.
1364 1519 1415 1556 T.
1435 1520 1471 1555 II
1490 1531 1530 1570 p.
1553 1522 1572 1559 1
1587 1521 1711 1560 —72

1046 1586 1127 1625 seq.
1141 1581 1177 1610 et
1188 1576 1358 1624 Rapport
1373 1573 1438 1612 des
1454 1582 1549 1612 trav.
1559 1574 1606 1612 de
1616 1576 1711 1612 1’111-

1046 1632 1122 1668 stit.
1154 1632 1261 1671 1812
1288 1643 1376 1680 pag.
1412 1634 1461 1672 19
1482 1644 1589 1683 seqq.
1647 1632 1714 1668 Tu

1048 1685 1137 1724 vide
1175 1687 1416 1737 potissimum
1455 1686 1639 1739 Thucyd.
1679 1689 1710 1735 1,

1051 1743 1118 1784 59.
1143 1744 1191 1791 II,
1222 1745 1247 1783 9
1271 1744 1400 1796 ibique
1421 1744 1634 1796 interprett.

1111 1852 1180 1893 καὶ
1209 1854 1449 1907 Σηλυβρίη]
1503 1854 1714 1907 Mefficeus,

1055 1911 1318 1960 Florentium,
1363 1913 1427 1948 alii
1461 1914 1715 1965 Σηλυμβρίη.

1056 1967 1168 2012 Quod
1206 1981 1276 2005 nos
1316 1967 1514 2017 dedimus,
1551 1970 1717 2021 praefert

1054 2024 1288 2075 Wesseliug.
1346 2024 1396 2062 ad
1435 2024 1594 2064 Diodor.
1637 2027 1717 2065 Sic.

1054 2082 1161 2129 XIII,
1202 2083 1270 2122 66.
1301 2080 1405 2119 Add.
1438 2083 1648 2135 Goettling.
1668 2082 1719 2121 ad

1056 2138 1249 2174 Aristotel.
1290 2138 1433 2178 Oecon.
1481 2152 1571 2191 pag.
1622 2142 1717 2182 116.

1056 2195 1161 2230 Haec
1191 2194 1292 2241 urbs,
1314 2207 1413 2246 quae
1445 2203 1533 2232 ante
1561 2198 1719 2248 Byzan-

1055 2251 1154 2287 tium
1175 2250 1372 2287 conditum
1394 2264 1415 2287 a
1434 2253 1721 2302 Megarensibus

1058 2313 1248 2343 exstructa
1277 2315 1379 2355 erat,
1411 2315 1562 2345 mature
1590 2309 1719 2346 floruit

1061 2370 1175 2414 portu
1196 2371 1310 2415 atque
1331 2366 1576 2413 commercio,
1597 2378 1720 2418 usque

1063 2419 1157 2456 dum
1177 2432 1199 2456 a
1216 2419 1396 2471 Philippo
1415 2420 1629 2459 Macedone
1648 2435 1722 2460 ex-

1061 2484 1231 2527 pugnata
1248 2479 1389 2514 sensim
1409 2479 1630 2531 sensimque
1649 2478 1722 2516 de-

1062 2535 1193 2571 crevit.
1268 2536 1380 2571 Nunc
1430 2543 1589 2572 vocatur
1627 2535 1722 2573 Seli-

1061 2592 1154 2627 vria.
1210 2590 1298 2628 vid.
1326 2592 1516 2629 Mannert.
1546 2592 1615 2630 VII
1634 2604 1723 2643 pag.

1066 2649 1144 2686 172
1164 2659 1241 2699 seq.
1263 2654 1302 2685 et
1321 2647 1551 2685 Tzschucke
1566 2647 1614 2685 ad
1631 2649 1722 2688 Mel.

1062 2703 1109 2749 11,
1132 2705 1158 2743 2
1179 2704 1217 2749 §.
1245 2707 1270 2746 6
1300 2717 1389 2755 pag.
1421 2707 1496 2745 101
1529 2718 1609 2757 seq.
1665 2706 1726 2742 De

1062 2758 1245 2810 Byzantio
1274 2767 1388 2813 atque
1409 2760 1628 2801 Chalcedone
1644 2760 1723 2801 vid.

1063 2822 1160 2854 nott.
1180 2815 1229 2854 ad
1249 2818 1313 2866 IV,
1339 2816 1433 2858 144.
