1897 3340
411 239 494 280 672

806 239 1264 276 HERODOTI

412 346 589 403 γνώμην
623 347 722 401 περὶ
766 348 911 392 αὐτῶν
949 348 1252 403 ἀποφαίνομαι
1283 346 1417 402 ἄλλην
1455 363 1502 403 γε
1532 347 1560 403 ἢ
1589 346 1726 402 τήν95

387 422 498 470 Ξπερ
529 413 654 458 αὐτοὶ
676 413 861 471 Ἀργεῖοι
890 416 1075 472 λέγουσι.
1112 413 1366 471 Ἐπίσταμαι
1395 415 1441 458 δὲ
1474 418 1671 467 τοσοῦτο,

414 481 500 535 ὅτι,
537 483 574 525 εἰ
611 482 767 534 πάντες
796 482 1027 539 ἄνθρωποι
1065 483 1117 526 τά
1149 483 1293 538 οἰκήϊα
1322 480 1437 525 κακὰ
1471 482 1513 532 ἐς
1541 483 1676 537 μέσον

414 552 726 601 συνενείκαιεν,
757 546 1025 602 ἀλλάξασθαι
1055 550 1314 605 βουλόμενοι
1342 555 1456 593 τοῖσι
1484 552 1676 606 πλησίοι-

414 629 478 672 σι,
508 617 772 674 ἐγκύψαντες
802 616 858 659 ἂν
888 617 930 667 ἐς
949 619 1001 660 τὰ
1023 621 1112 660 τῶν
1140 619 1271 668 πέλας
1299 617 1424 670 κακοὶ,
1455 617 1676 669 ἀσπασίως

413 686 586 730 ἕκαστοι
626 683 773 727 αὐτῶν
818 682 1114 739 ἀποφεροίατο
1144 683 1281 728 ὀπίσω
1311 685 1363 727 τὰ
1391 685 1674 730 ἐσενείκαντο.

384 753 534 798 3οὕτω
575 751 629 807 δή
670 750 753 794 οὐκ
779 748 1006 806 Ἀργείοισι
1036 754 1230 807 αἴσχιστα
1266 755 1507 808 πεποίηται.
1560 753 1700 810 Ἐγώῑ

414 821 460 864 δὲ
490 819 651 875 ὀφείλω
679 817 820 874 λέγειν
839 818 892 861 τοὶ
922 817 1146 874 λεγόμενα,
1175 821 1405 863 πείθεσθαί
1426 838 1474 876 γε
1503 822 1582 876 μὲν
1613 816 1676 864 οἷν

413 884 467 931 οὐ
497 885 748 930 παντάπασι
777 885 964 942 ὀφείλω·
1009 888 1085 930 καί
1114 903 1190 942 μοι
1217 891 1349 930 τοῦτο
1378 888 1426 931 τό
1464 888 1565 940 ἔπος
1593 887 1676 944 ἐχέ-

384 958 477 998 4τω
506 954 550 1006 ἐς
589 953 735 998 πάντα
770 953 849 997 τὸν
878 952 1021 1010 λόγον.

1078 954 1191 997 Ἐπεὶ
1229 955 1302 997 καὶ
1330 959 1466 999 ταῦτα
1496 958 1674 1011 λέγεται,

414 1021 472 1075 ὣς
512 1022 599 1078 ἄρα
632 1020 816 1078 Ἀργεῖοι
852 1017 966 1078 ἦσαν
995 1024 1040 1066 οἱ
1074 1020 1430 1076 ἐπικαλεσάμενοι
1457 1021 1534 1066 τὸν
1563 1023 1700 1078 Περ-5

375 1112 378 1113 ’
411 1102 494 1146 σην
529 1089 599 1133 ἐπὶ
635 1090 715 1146 τὴν
751 1087 952 1142 Ἑλλάδα,
983 1088 1130 1145 ἐπειδή
1159 1101 1240 1145 σφι
1267 1089 1379 1143 πρὸς
1406 1089 1509 1141 τοὺς
1538 1094 1674 1134 Λακε-

413 1158 674 1213 δαιμονίους
702 1161 849 1208 κακῶς
878 1156 906 1213 ἡ
937 1157 1065 1214 αἰχμὴ
1091 1156 1276 1213 ἑστήκεε,
1305 1160 1394 1200 πᾶν
1433 1158 1486 1214 δὴ
1517 1158 1673 1213 βουλό-

411 1226 537 1282 μενοί
566 1237 646 1281 σφι
679 1223 792 1269 εἶναι
818 1224 906 1280 πρὸ
935 1229 1011 1283 τῆς
1040 1224 1288 1282 παρεούσης
1316 1225 1465 1282 λύπης.
1506 1223 1569 1268 To}
1599 1224 1678 1281 μὲν
1733 1231 1820 1282 575,

411 1294 511 1349 περὶ
537 1291 737 1349 Ἀργείων
764 1294 944 1351 εἴρηται.

356 1492 535 1546 nihilque,
566 1491 640 1530 hac
677 1493 720 1529 in
748 1505 790 1529 re
823 1490 1016 1530 admisisse

354 1551 544 1601 Argivos,
592 1547 697 1602 quod
733 1548 855 1587 videri
893 1556 1018 1600 posset

355 1608 629 1657 turpissimum.
686 1607 773 1643 Non
797 1607 926 1657 itaque
946 1605 1016 1642 de-

356 1664 490 1700 buerat
509 1661 724 1699 Herodotus
743 1669 897 1713 propter
919 1661 1015 1698 haec

357 1719 405 1756 de
442 1720 592 1770 Argivis
633 1718 732 1756 dicta
760 1719 800 1754 in
840 1719 1016 1755 acerbam

354 1778 547 1813 incurrere
568 1773 762 1812 Plutarchi
783 1774 835 1824 (Π
854 1789 893 1825 p.
914 1773 1013 1826 836)

355 1833 701 1870 criminationem.“
715 1829 1015 1883 Equidemhanc

355 1891 583 1927 senteutiam
617 1888 666 1925 ad
708 1901 770 1925 eas
808 1889 1014 1936 retulerim,

356 1959 455 1998 quae
483 1947 548 1982 illa
569 1952 699 1982 'aetate
723 1945 822 1982 iuter
851 1945 1016 1982 Graecos

356 2004 514 2040 omniuo
550 2002 769 2039 ferebantur
807 2002 1015 2053 qualesque

354 2061 481 2110 plures
520 2059 561 2094 iu
596 2057 655 2096 his
685 2059 881 2095 Musarum
912 2058 1016 2095 libris

356 2117 608 2167 reperiuntur.
646 2116 774 2167 Atque
795 2115 929 2151 Soloni
950 2127 1015 2151 au-

356 2174 450 2209 ctori
468 2171 567 2209 hauc
587 2173 731 2222 ipsam,
755 2184 870 2223 quam
890 2173 1017 2208 Hero-

357 2228 467 2266 dotus
495 2228 639 2279 profert
682 2229 911 2265 sententiam
945 2226 1016 2263 ad-

355 2286 467 2321 scribi
501 2297 523 2320 a
561 2284 682 2320 Valer.
725 2285 830 2318 Max.
859 2283 942 2327 VII,
972 2285 1012 2328 2,

357 2347 430 2378 ext.
442 2343 480 2386 2,
503 2346 715 2389 opportune
738 2339 911 2375 observat
921 2339 1012 2373 Lar-

355 2395 501 2435 cherus.
552 2396 698 2432 Socrati
717 2395 911 2444 geminam
922 2407 1012 2430 seu-

355 2453 513 2490 tentiam
541 2452 693 2498 tribuit,
738 2457 894 2486 notante
928 2450 1010 2498 Cr„

354 2506 579 2546 Plutarchus
601 2508 750 2544 Consol.
768 2506 815 2543 ad
830 2508 1010 2557 Apollou.

355 2580 394 2617 p.
417 2568 495 2606 106
511 2567 570 2609 Β.,
590 2562 1010 2614 1ὼίᾺ’)·ίῑει11)ε(;1ῑίιιιιι

357 2623 415 2674 (p.
435 2624 516 2663 718
537 2619 633 2672 seq.)
656 2633 731 2655 nou
755 2621 848 2669 sugit
872 2619 1011 2656 Valerii

355 2680 460 2717 locus
492 2685 527 2715 et
548 2678 613 2729 qui
637 2675 730 2713 haec
758 2678 923 2713 imitatus
944 2684 1010 2723 est,

358 2734 523 2773 Choricii
543 2732 743 2784 Sophistae
769 2734 807 2768 in
831 2734 931 2769 Orat.
948 2734 1011 2769 fu·-

356 2793 462 2831 nebr.
491 2793 532 2828 in
568 2792 729 2840 Procop.
764 2790 857 2826 Gaz.
889 2791 926 2833 ξ.
958 2790 1011 2830 35

357 2848 459 2901 apud
499 2848 643 2886 Fabric.
676 2848 722 2884 B.
752 2846 818 2884 Gr.
851 2847 934 2883 vul
972 2859 1011 2897 p.

1073 1492 1168 1534 859.
1189 1498 1303 1544 atque
1324 1492 1436 1528 etiam
1458 1489 1535 1528 huc
1561 1490 1731 1528 referunt

1071 1550 1219 1585 Horatii
1247 1550 1377 1586 locum
1405 1548 1532 1585 Serm.
1550 1548 1581 1594 I,
1604 1549 1640 1593 1,
1663 1544 1730 1586 15.

1073 1605 1184 1642 conf.
1213 1606 1262 1642 A.
1293 1603 1476 1642 Matthiae
1503 1600 1731 1641 Vermischt.

1072 1660 1228 1699 schrift.
1243 1676 1281 1712 p.
1303 1664 1370 1702 79.
1386 1683 1444 1688 —
1480 1659 1543 1697 Ad
1565 1660 1731 1696 formam

1073 1713 1344 1769 ἀποφεροίατο
1375 1717 1474 1754 conf.
1504 1715 1640 1753 Matth.
1661 1715 1727 1753 Gr.

1072 1776 1139 1812 Gr.
1162 1776 1199 1820 §.
1221 1773 1314 1821 204,
1335 1777 1361 1814 7
1382 1788 1419 1825 p.
1441 1775 1537 1814 378.
1575 1822 1592 1829 „

1127 1831 1348 1870 πείθεσθαί
1366 1847 1388 1881 γ
1401 1845 1418 1870 ε
1438 1827 1529 1880 μὲν
1559 1829 1642 1877 ὠν]
1671 1829 1730 1865 Ita

1073 1900 1162 1924 cum
1190 1885 1410 1937 Schweigh.
1439 1893 1475 1923 et
1501 1886 1619 1923 Gaisf.
1641 1883 1730 1922 dedi
1790 1890 1797 1899 ·’
1849 1937 1853 1945 ἱ

1071 1957 1140 1995 pro
1157 1961 1179 1996 γ
1191 1959 1207 1984 ε
1238 1938 1298 1994 μή
1312 1958 1348 1982 ν.
1379 1943 1463 1982 Vid.
1475 1941 1557 1989 VH,
1573 1940 1667 1982 234.
1682 1941 1727 1988 V,

1072 2002 1127 2042 92
1147 2002 1184 2046 ξ.
1208 2001 1233 2041 5
1253 2002 1345 2052 ibiq.
1375 2001 1499 2038 allata.
1529 1997 1728 2035 Bekkerus

1071 2056 1177 2114 iglem
1206 2056 1390 2094 exhibens
1426 2070 1470 2110 ys
1498 2053 1571 2107 μὲν
1603 2054 1728 2091 omisit

1073 2128 1144 2153 ων.

1127 2166 1226 2221 Ἐγώ
1249 2166 1292 2207 δὲ
1321 2165 1468 2216 ὀφείλω
1487 2165 1612 2218 λέγειν
1641 2181 1677 2205 κ.
1689 2181 1724 2205 τ.

1071 2227 1125 2274 λ.]
1147 2224 1210 2261 Ad
1231 2224 1382 2261 dicendi
1401 2224 1608 2260 formulam
1626 2221 1726 2260 hanc

1072 2288 1157 2331 apte
1179 2280 1331 2317 adhibet
1353 2279 1602 2317 Valckenaer.
1623 2281 1727 2316 Pau-

1067 2350 1148 2374 san.
1170 2337 1232 2385 Vl,
1251 2340 1273 2377 3
1297 2339 1333 2382 ξ.
1362 2337 1402 2377 4.
1437 2336 1499 2373 Ad
1519 2348 1727 2387 argumen-

1069 2400 1152 2430 tum
1173 2395 1220 2431 cs.
1242 2393 1436 2431 Plutarch.
1465 2395 1501 2430 Π
1519 2407 1558 2444 Ρ.
1581 2396 1660 2434 863
1675 2393 1725 2431 D·

1068 2472 1124 2478 —
1152 2452 1245 2487 Mox
1271 2444 1375 2503 ἦσαν
1408 2449 1496 2487 dedi
1525 2462 1594 2501 pro
1631 2448 1727 2489 ἔσαν

1069 2514 1109 2542 ut
1131 2508 1242 2558 paulo
1274 2515 1360 2545 aute
1388 2504 1522 2546 αὐτῶν
1551 2518 1620 2558 pro
1651 2500 1726 2545 αὕ-

1067 2562 1179 2603 τέων.

1123 2619 1151 2670 ἦ
1174 2617 1294 2671 αἰχμή
1317 2616 1496 2671 ἑστήκεε]
1515 2621 1600 2656 Duo
1611 2616 1725 2656 codd.

1069 2690 1158 2713 cum
1178 2677 1364 2725 Eustath„
1382 2677 1473 2714 haec
1484 2676 1663 2712 afferente
1675 2674 1724 2712 ad

1069 2735 1112 2772 ll·
1133 2747 1172 2784 p-
1194 2736 1287 2782 680,
1313 2738 1362 2775 16
1375 2748 1403 2772 s.
1419 2734 1510 2779 553,
1527 2732 1593 2777 47,
1611 2731 1725 2782 ἕστη-

1068 2804 1122 2829 κε.
1152 2789 1214 2827 Ad
1237 2803 1371 2828 vocem
1401 2786 1521 2839 αἰχμή
1552 2788 1600 2825 cf.
1629 2795 1725 2826 nott.

1070 2846 1117 2883 ad
1137 2847 1181 2895 V,
1203 2846 1268 2887 94.
1312 2847 1477 2898 Respicit
1496 2852 1624 2882 autem
1643 2847 1725 2883 No-
