1897 3340
44 315 154 352 ariges
163 316 245 344 dicti.
265 317 319 344 Ar-

45 349 149 384 menii,
161 350 319 388 Phrygum

45 384 173 413 colonia.

380 209 465 252 558
781 211 1246 250 HERODOTI

376 322 452 376 τῆς
482 322 826 376 Παφλαγονικῆς
846 320 1008 377 σκευήν
1040 320 1180 377 εἶχον,
1222 318 1374 376 ὀλίγον
1393 320 1642 377 παραλλάσ-

377 397 538 438 σοντες.
597 389 642 430 oz
670 387 716 431 δὲ
749 387 930 444 Φρύγες,
957 388 1016 440 ὧς
1045 387 1517 444 Μακεδόνεςλλέγουσι,
1545 388 1640 432 ἐκα-

378 455 694 510 λέοντοΒρίγες
724 456 888 511 χρόνον
918 456 1036 510 ὅσον,
1061 455 1317 512 Εύρωπήϊοι
1345 455 1512 508 ἐόντες,
1543 456 1698 501 σύν·10

377 540 494 568 οικοι
521 517 891 579 ἦσανΜακεδόσι·
948 522 1206 580 μεταβάντες
1235 524 1280 568 δὲ
1307 523 1349 575 ἐς
1378 524 1458 580 τήν
1486 526 1640 580 Ἀσίην,

378 591 469 647 ἅμα
498 595 552 649 τῇ
579 590 700 646 χώρῃ
730 591 803 634 καὶ
831 589 881 634 τό
912 590 1083 645 οὔνομα
1112 592 1349 648 μετέβαλον
1378 591 1421 643 ἐς
1446 591 1637 648 Φρύγας.

351 658 594 719 ΞἈρμένιοι
644 658 691 702 δὲ
729 658 840 702 κατά
881 673 962 712 περ
998 658 1168 715 Φρύγες
1196 659 1452 716 ἐσεσάχατο,
1501 657 1644 711 ἐόντες

322 841 404 888 VII,
438 843 530 883 185.
598 839 716 892 Apud
752 842 981 879 Strabonem

321 898 391 935 VII
409 911 447 947 p.
468 897 550 939 295
572 897 615 936 C.
636 911 666 935 s.
687 912 725 949 p.
737 896 816 940 453
828 899 876 940 A,
898 897 981 947 (ubi

321 955 438 1003 vulgo
472 949 652 1006 Βρύγες)
683 955 771 992 coll.
791 957 866 991 XII
893 967 983 1005 pag.

321 1010 403 1051 550
413 1023 443 1046 s.
464 1012 546 1051 827
561 1012 608 1048 A.
628 1024 732 1048 nunc
753 1010 876 1048 editur
892 1012 984 1062 Βρί-

319 1079 405 1119 γες;
426 1073 468 1103 tu
486 1065 565 1105 vid.
594 1066 642 1105 ad
659 1081 747 1104 eum
767 1069 793 1107 l.
806 1066 984 1105 Tzschu-

321 1121 395 1160 cke
429 1123 479 1162 T.
514 1124 548 1161 V
574 1137 663 1175 pag.
695 1126 750 1165 92
779 1139 859 1177 seq.
895 1124 984 1162 coll.

319 1181 498 1231 Ko’ppen.
527 1180 778 1231 Nordgestad.
800 1181 838 1219 d.
868 1182 982 1218 Pont.

320 1249 410 1288 pag.
439 1239 506 1277 72.
537 1237 579 1275 C.
608 1239 652 1275 Ο.
673 1238 821 1277 Muller.
843 1239 936 1274 Dor.
963 1238 982 1273 I

320 1306 360 1344 p.
390 1296 416 1333 7
458 1306 564 1346 seqq.
595 1301 631 1331 et
660 1295 786 1331 Ueber
817 1293 876 1331 die
896 1295 982 1329 Ma-

320 1348 413 1391 ked,
426 1362 512 1400 pag.
536 1350 590 1391 52
610 1358 646 1388 et
659 1351 800 1390 Osann.
820 1351 980 1398 inlibro,

320 1408 387 1458 qui
416 1408 631 1444 inscribitur
662 1407 785 1445 Midas
804 1420 892 1459 pag.
914 1405 982 1453 45,

320 1464 427 1512 (coll.
456 1464 597 1500 Annal.
623 1465 742 1502 critic.
763 1478 802 1515 p.
828 1467 896 1513 13)
917 1464 984 1500 ubi

319 1521 384 1557 ille
413 1519 515 1571 apud
554 1520 794 1558 Herodotum
831 1515 985 1572 Βρύγες

321 1576 458 1626 refingi
495 1578 590 1614 vult.
656 1578 740 1623 Quo
778 1578 881 1628 prior
907 1577 984 1612 iam

321 1632 471 1670 Hoeck.
489 1633 588 1672 Cret.
610 1635 627 1669 Ι
646 1647 684 1684 p.
710 1635 787 1674 113
803 1646 881 1684 seq.
903 1635 985 1668 He-

320 1689 444 1726 rodoti
462 1691 683 1727 auctoritate
694 1691 844 1737 reiecta,
856 1688 985 1740 Phry-

319 1759 385 1798 ges
407 1759 427 1782 e
447 1744 613 1783 Thracia
630 1745 768 1783 deduci
782 1759 890 1797 posse
910 1758 983 1781 ne-

319 1815 437 1853 gans,
486 1803 609 1840 nullas
652 1804 810 1839 omnino
850 1808 982 1852 gentes

319 1858 528 1897 Thracicas
560 1860 601 1896 in
634 1858 845 1911 Phrygiam
865 1870 983 1910 quam

321 1915 494 1963 dicimus,
506 1917 740 1967 immigratas
754 1929 831 1953 esse
843 1916 983 1964 statuit,

321 1985 443 2025 quum
463 1971 665 2024 Phrygum
685 1986 778 2023 gens
799 1973 986 2024 antiquis-

319 2031 416 2066 sima
445 2031 483 2066 in
505 2042 568 2067 eos
587 2031 700 2067 Asiae
727 2030 884 2066 minoris
902 2035 983 2065 tra-

320 2092 414 2133 ctus,
465 2099 559 2138 quos
598 2087 762 2123 tenuisse
791 2087 982 2132 novimus,

320 2155 397 2178 non
409 2156 458 2178 ex
467 2144 621 2193 Europa
634 2143 871 2192 immigrarit,
884 2140 951 2178 sed
962 2154 982 2177 e

320 2200 514 2235 montibus
533 2200 739 2235 Armeniae
761 2197 835 2234 huc
853 2197 984 2248 profe-

321 2261 380 2291 cta
396 2254 576 2305 indigena
596 2256 702 2306 quasi
731 2253 892 2290 haeserit
912 2265 983 2289 an-

319 2311 530 2362 tiquissimo
576 2324 624 2347 ex
654 2323 760 2347 aevo.
818 2311 875 2345 De
905 2321 982 2360 quo

320 2367 491 2418 pluribus
531 2365 710 2403 disserere
750 2379 853 2402 nunc
902 2378 980 2402 non

320 2430 444 2462 vacat.
501 2425 634 2474 Neque
664 2423 789 2470 enim,
837 2420 981 2473 siquid

320 2479 433 2519 video
449 2508 459 2528 ,
489 2479 699 2532 quidquam
721 2480 860 2525 obstat,
904 2490 980 2530 quo

319 2538 446 2574 minus
454 2537 596 2573 tribum
608 2535 840 2588 quandam,e
852 2533 982 2572 Thra-

321 2594 380 2630 cia
399 2594 492 2630 olim
512 2592 560 2629 ad
581 2594 768 2644 oppositas
789 2593 900 2628 Asiae
921 2605 983 2628 re-

321 2651 453 2701 giones
482 2650 716 2699 immigrasse
743 2650 871 2701 ibique
893 2661 982 2685 cum

321 2707 433 2744 Asiae
453 2713 566 2757 gente
595 2705 796 2757 indigena,
830 2706 982 2757 qualem

321 2762 523 2816 Phrygum
560 2764 673 2800 fuisse
703 2763 861 2807 volunt,
896 2774 983 2798 coa-

322 2821 434 2859 luisse
474 2827 698 2858 statuamus.
769 2820 826 2856 Ac
874 2819 982 2869 plura

1037 849 1240 893 supersunt
1249 843 1405 893 vestigia
1415 856 1611 881 connexus
1630 856 1701 881 cu-

1039 898 1190 935 iusdam
1229 906 1266 935 et
1305 901 1563 950 cognationis,
1603 913 1702 952 quae

1038 956 1131 991 olim
1160 957 1257 991 inter
1284 956 1396 992 Asiae
1426 958 1582 993 minoris
1603 969 1702 1007 gen-

1038 1018 1094 1049 tes
1107 1018 1143 1048 et
1151 1013 1328 1062 Europae
1346 1020 1478 1062 gentes
1495 1012 1702 1051 Thracicas

1038 1069 1301 1112 intercesserit,
1322 1070 1414 1120 quin
1438 1070 1606 1120 ipsarum
1625 1071 1702 1106 mi-

1038 1126 1269 1175 grationum,
1292 1137 1390 1176 quae
1418 1127 1511 1162 olim
1531 1127 1577 1163 ab
1599 1127 1703 1163 occi-

1039 1181 1153 1218 dente
1173 1182 1213 1217 in
1234 1182 1421 1218 orientem
1430 1183 1562 1219 Asiam
1581 1183 1702 1219 factae

1037 1239 1132 1286 sint,
1152 1238 1251 1274 bene
1272 1245 1429 1275 notante
1448 1240 1580 1276 Ritter.
1598 1238 1702 1276 Erd-

1037 1293 1171 1332 kunde
1188 1296 1224 1330 II
1252 1308 1291 1345 p.
1313 1296 1394 1336 782
1414 1296 1500 1334 coll.
1521 1294 1702 1333 Vorhalle

1038 1358 1110 1388 etc.
1136 1365 1174 1401 p.
1207 1349 1303 1392 254.
1360 1351 1444 1396 Quo
1465 1353 1598 1397 etiam,
1629 1353 1703 1389 alia

1039 1415 1082 1445 ut
1108 1415 1275 1455 taceam,
1296 1409 1488 1459 pertinent
1509 1408 1664 1460 Bithyni
1681 1422 1702 1446 e

1039 1463 1207 1502 Thracia
1233 1465 1272 1500 iu
1301 1465 1432 1502 Asiam
1451 1466 1620 1517 ingressi,
1641 1472 1702 1504 te-

1039 1529 1094 1559 ste
1114 1519 1309 1558 Herodoto
1330 1522 1410 1570 VII,
1432 1522 1500 1563 75.

1097 1573 1281 1616 σύνοικοι
1320 1571 1452 1629 ἦσαν]
1501 1571 1608 1629 ἦσαν
1638 1591 1704 1615 re·

1038 1634 1141 1670 stitui
1161 1646 1229 1684 pro
1251 1632 1359 1672 ἕσαν.
1408 1636 1453 1671 In
1482 1636 1702 1672 Florentino

1041 1696 1161 1727 exstat
1193 1691 1449 1741 συνοίκησαν,
1472 1704 1570 1743 quae
1589 1692 1702 1729 lectio

1040 1745 1145 1783 haud
1164 1747 1241 1783 scio
1272 1759 1320 1783 an
1337 1746 1427 1784 inde
1447 1749 1493 1785 sit
1523 1755 1702 1799 repeten-

1039 1803 1109 1851 da,
1159 1801 1263 1855 quod
1309 1804 1481 1841 librarius
1512 1803 1632 1841 haesit
1662 1805 1703 1841 iu

1038 1856 1169 1906 ἐόντες
1208 1856 1389 1900 σύνοικοι
1420 1855 1537 1912 ἦσαν.
1597 1863 1702 1898 Haec

1039 1929 1130 1953 vero
1151 1915 1403 1966 disiungenda
1424 1931 1516 1966 esse,
1536 1918 1634 1954 bene
1643 1918 1703 1955 vi-

1041 1972 1096 2010 dit
1116 1971 1470 2023 Schweighaeuser.
1489 1981 1526 2012 et
1557 1973 1675 2012 Gaisf.
1691 1986 1702 2022 ς

1043 2031 1204 2081 pertinet
1225 2031 1327 2066 enim
1362 2027 1494 2076 ἐόντες
1540 2029 1588 2067 ad
1617 2025 1702 2068 Εύ-

1040 2083 1226 2138 ρωπήϊοι,
1261 2099 1382 2137 eaque
1421 2086 1500 2122 fere
1538 2087 1613 2123 loci
1646 2092 1700 2122 est

1038 2143 1244 2179 sententia:
1277 2146 1445 2190 quantum
1467 2145 1643 2192 temporis,
1665 2143 1703 2179 in

1038 2198 1189 2247 Europa
1211 2197 1293 2234 dum
1310 2199 1551 2246 versabantur,
1576 2196 1703 2236 Mace·

1041 2253 1188 2290 donibus
1205 2254 1346 2291 accolae
1365 2258 1474 2293 erant.
1497 2256 1630 2306 ltaque
1642 2255 1702 2291 10-

1040 2311 1093 2357 ci,
1127 2321 1221 2360 quos
1251 2311 1374 2348 attuiit
1411 2311 1702 2361 VVesseiingius,

1037 2366 1154 2404 verbo
1194 2363 1274 2405 ἔστι
1307 2380 1337 2404 S.
1376 2360 1430 2418 ἦν
1460 2368 1704 2419 participium

1039 2421 1210 2459 eiusdem
1239 2424 1344 2460 verbi
1379 2423 1468 2461 addi
1497 2437 1702 2462 common-

1037 2486 1230 2527 straturus,
1258 2487 1301 2517 ut
1327 2481 1391 2529 1V,
1413 2480 1481 2522 47.
1506 2480 1599 2522 147.
1619 2481 1702 2531 Vll,

1041 2538 1133 2584 129,
1155 2537 1281 2574 minus
1301 2539 1378 2588 apti
1398 2536 1586 2577 videntur.

1095 2588 1291 2643 Ἀρμένιοι
1318 2592 1388 2644 δὲ]
1427 2595 1485 2630 De
1511 2592 1569 2631 his
1597 2593 1699 2633 conf.

1040 2648 1183 2688 Herod.
1221 2651 1265 2697 V,
1294 2651 1361 2690 49.
1400 2651 1465 2698 ΙΙΙ,
1498 2652 1567 2691 93.
1626 2650 1701 2696 Qui

1038 2705 1156 2742 iidem
1178 2705 1282 2758 qnod
1296 2719 1389 2744 mox
1408 2705 1608 2758 Phrygum
1628 2719 1701 2744 vo-

1041 2769 1176 2799 cantur
1211 2764 1361 2812 coloni,
1414 2762 1454 2800 id
1483 2775 1603 2815 quum
1631 2776 1700 2815 per

1038 2832 1077 2857 se
1098 2820 1234 2857 salsum
1260 2820 1326 2869 sit,
1348 2818 1619 2872 explicandum
1639 2821 1701 2858 vi-

1876 3299 1897 3340 ὶι
