1897 3340
419 193 1073 234 TERPSICHORE.
1134 194 1177 229 V.
1350 196 1432 236 187

172 305 296 356 ,,τινά
325 306 413 348 ἰ’δοι
441 307 530 347 τῶν
559 300 790 357 ἀσταχύων
816 301 1103 356 ὑπερέχοντα·
1135 299 1340 344 κολούων
1373 301 1432 352 δὲ,

171 373 394 427 ,,έ’ρῤιπτε’
439 372 480 421 ἐς
509 369 536 414 ὃ
563 373 643 413 τοῦ
676 372 803 425 λη’ίόυ
833 369 883 412 τὸ
913 368 1144 413 κάλλιστόν
1179 385 1223 412 τε
1254 369 1328 411 καὶ
1357 370 1432 423 βα-

173 440 395 492 ,,θύτατον
425 438 647 494 διέφθειρε
676 437 826 494 τρόπῳ
866 435 1075 495 τοιούτῳ·
1117 434 1352 488 διεξελθών
1389 435 1436 479 δὲ

174 507 250 560 ,,τό
278 508 439 564 χωρίον
467 507 540 550 καὶ
569 505 848 561 ὑποθέμενος
878 505 980 567 ἔπος
1012 503 1157 556 ου’δὲν,
1191 502 1434 560 ἀποπέμπει
1447 511 1492 544 80

116 575 274 627 526„v‹¹>v
301 573 486 630 κήρυκα.
544 570 856 628 Νοστήσαντος
887 572 932 616 δὲ
960 576 1041 616 τοῦ
1063 571 1254 627 κήρυκος
1284 571 1326 622 ἐς
1353 571 1436 626 τήν

173 641 449 696 ,,Κόρινθον,
480 635 536 697 ἦν
555 641 792 697 πρόθυμος
821 639 1128 684 πυνθάνεσθαι
1156 640 1236 696 τήν
1264 638 1436 695 ὑποθή-

171 727 281 767 ,ςκην
311 709 334 753 ὁ
367 710 653 763 Περίανδρος.
696 705 721 751 ὁ
758 708 804 751 δὲ
835 707 970 752 οὐδέν
994 711 1037 752 οἱ
1067 710 1150 765 ἔφη
1180 708 1436 764 Θρασύβου-

170 782 275 831 ,,λον
315 776 591 822 ὑποθέσθαι·
633 774 887 832 θωυμάζειν
922 793 967 820 τε
996 777 1156 827 αὐτοῦ,
1196 774 1302 832 παρ’
1339 773 1438 819 οἷόν

169 863 273 903 „mv
303 846 444 901 ἄνδρα
465 842 758 900 ἀποπέμψειε,
792 843 852 896 ὥς
880 843 1144 902 παραπλῆγά
1174 861 1219 889 τε
1247 844 1320 887 καὶ
1349 848 1439 887 τῶν
1451 849 1494 883 85

169 913 368 966 ,,ἒωυτοῦ
410 911 682 969 σινάμωρον·
743 911 1042 970 ἀπηγεόμενος
1093 912 1147 956 τά
1195 928 1278 968 περ
1326 911 1438 968 πρὸς

112 982 516 1039 27,,Θρασυβούλου
575 978 760 1024 ὀπώπεε.

833 983 1108 1037 Περίανδρος
1154 981 1223 1033 δὲ,
1277 981 1441 1031 συνιεὶς

169 1050 244 1103 „vo
273 1050 485 1109 ποιηθὲν,
515 1050 588 1094 καὶ
618 1048 709 1107 νόῳ
738 1051 874 1106 ἴσχων
903 1048 963 1100 ὤς
993 1051 1036 1093 οἱ
1063 1049 1294 1093 ὑπετίθετο
1329 1052 1440 1102 Θρα-

170 1119 420 1175 ,,σύβουλος
459 1119 565 1170 τοὺς
604 1115 870 1174 ὑπειρόχους
912 1121 1003 1161 τῶν
1032 1116 1179 1161 ἀστῶν
1219 1114 1439 1172 φονεύειν,

170 1187 392 1239 ,,ἐνθαῦτα
426 1184 478 1242 δή
506 1189 654 1229 πᾶσαν
674 1187 895 1243 κακότητα
923 1184 1123 1240 ἐξέφαινε
1154 1184 1198 1235 ές
1227 1183 1333 1235 τούς
1361 1192 1496 1226 sco-90

112 1254 358 1311 28,,λιήτας.
410 1253 494 1297 ὅσα
522 1254 609 1309 γὰρ
640 1252 842 1305 Κύψελος
873 1252 1049 1296 ἀπέλιπε
1079 1254 1263 1296 κτείνων
1291 1267 1336 1294 τε
1366 1252 1440 1294 καὶ

171 1322 394 1375 ,,διώκων,
426 1320 699 1376 Περίανδρός
729 1333 842 1377 σφεα
872 1320 1080 1380 ἀπετέλεε.
1138 1324 1240 1377 Μιῇ
1269 1320 1315 1364 δὲ
1343 1320 1443 1376 ἡμέ-

172 1401 255 1447 ,,ρ’ῃ
286 1389 472 1435 ἀπέδυσε
512 1389 654 1440 πάσας
685 1389 764 1440 τοὶς
793 1389 1050 1443 Κορινθίων
1090 1393 1330 1442 γυναῖκας,
1369 1389 1443 1431 διὰ

114 1459 282 1514 29,,τη“ν
312 1458 482 1502 ἑωυτοῦ
510 1462 700 1514 γυναῖκα
730 1456 968 1501 Μέλισσαν.
1025 1455 1246 1511 πέμψαντι
1281 1454 1367 1511 γάρ
1398 1458 1442 1499 οἱ

111 1607 375 1662 ’ὑπερέχοντας
393 1614 554 1646 utuntur
564 1608 776 1659 scriptores,

84 1702 87 1703 γ
112 1667 179 1718 qui
209 1667 418 1703 ostracismi
447 1665 687 1702 mentionem
716 1665 778 1701 sa·-

112 1725 241 1772 ciunt‚
270 1736 346 1775 quo
380 1724 468 1760 satis
501 1728 648 1759 constat
675 1723 777 1760 viros

114 1782 326 1825 eminentes
347 1793 390 1817 ac
410 1780 600 1831 principes
620 1780 660 1815 in
681 1780 779 1816 civi-

113 1845 190 1874 tate
218 1838 346 1874 Attica
381 1850 404 1874 a
435 1837 545 1887 plebe
575 1837 617 1871 in
644 1835 780 1873 decem

114 1907 306 1931 annorum
332 1894 509 1931 exsilium
535 1893 665 1944 pulsos
685 1906 778 1931 esse.

114 1953 265 1989 Monuit
283 1950 486 1999 valo-ken„
508 1963 627 2002 quem
647 1950 750 1988 vide.

170 2063 424 2116 ὑποθέμενος
453 2061 545 2110 ἔπος
581 2057 719 2112 ου’δὲν]
751 2065 778 2100 i.

116 2135 150 2159 e.
170 2122 306 2160 nullum
321 2134 464 2173 prorsus
477 2123 509 2158 ei
522 2121 779 2171 verbumprae-

114 2181 254 2229 cz'piens.
333 2180 429 2216 Mox
469 2177 576 2216 idem
615 2179 779 2216 verbum

114 2237 297 2285 monendi,
328 2235 504 2274 suadendi
529 2235 779 2286 significatio-

115 2306 187 2341 ne3
237 2300 281 2330 ut
307 2295 366 2342 V‚.
384 2295 453 2334 72.
483 2293 556 2340 VI,
591 2292 658 2334 52·
685 2295 778 2333 134-

116 2349 174 2386 cf.
193 2352 367 2402 Lennep.
389 2348 438 2386 ad
448 2348 641 2387 Phalarid.
658 2351 778 2400 Epist.

118 2419 205 2457 pag.
236 2410 303 2449 30.
362 2408 438 2444 Pro
469 2403 700 2457 θωμάζειν,
739 2413 781 2443 ut

119 2463 235 2500 Gaisf.
271 2463 400 2512 habet,
428 2464 574 2500 restitui
607 2460 781 2515 θωυμά-

121 2520 213 2566 ζειν.
232 2541 289 2549 --
317 2524 361 2558 In
382 2522 558 2573 proxime
579 2534 685 2573 seqq.
706 2536 785 2570 not-7

120 2579 302 2630 ραπλῆγα
324 2578 416 2615 dicit
442 2581 558 2615 virum
579 2581 691 2615 mente
717 2591 778 2615 ca-

115 2636 228 2682 ptum,
247 2647 427 2676 vesanum.
450 2633 637 2672 Parthen.
654 2635 779 2672 Erott.

123 2691 174 2745 1J
195 2689 260 2726 fin·
290 2686 371 2732 κάκ.
391 2686 538 2732 τούτου
565 2689 780 2745 παραπλὴξ

121 2745 174 2796 ἦν
199 2748 275 2785 νῦν
295 2763 334 2786 τε
364 2748 430 2786 καὶ
458 2751 635 2802 φρενοῖν.
666 2747 779 2794 Quod

119 2804 288 2855 sequitur
309 2802 399 2844 σινά
413 2820 440 2856 μ
451 2820 577 2858 ωρον,
594 2804 782 2843 exhibent

830 1607 1072 1642 Florentinus
1102 1618 1145 1642 ac
1174 1606 1367 1644 Sancrofti
1391 1607 1499 1655 liber,

833 1664 966 1701 Glossa
985 1661 1218 1710 Herodotea,
1239 1663 1377 1701 Suidas
1396 1666 1449 1700 111
1461 1678 1500 1715 p.

833 1721 915 1760 317
938 1721 1015 1757 alii.
1057 1720 1116 1757 Cf.
1138 1721 1267 1759 .etiam
1287 1720 1501 1773 Hesychius

832 1778 914 1827 IIp.
927 1780 947 1817 1
957 1779 1033 1818 189
1047 1778 1194 1828 (ibique
1205 1778 1387 1829 Albert.).
1416 1780 1501 1814 Ex-

834 1841 985 1884 ponunt
1034 1831 1295 1884 κακόσχολον.
1373 1836 1500 1886 Vulgo

837 1887 928 1930 σινά
941 1907 967 1940 μ
981 1905 1001 1930 ο
1014 1905 1100 1943 ρον.
1141 1892 1207 1928 Tu
1228 1891 1330 1929 conf,
1350 1893 1381 1940 Ι,
1406 1893 1500 1933 152.

834 1946 1007 1985 Lobeck.
1037 1947 1086 1985 ad
1118 1947 1329 2000 Phrynich.
1358 1963 1397 2000 p.
1419 1950 1501 1989 690

837 2005 996 2041 Siebelis
1028 2004 1078 2042 ad
1110 2006 1276 2043 Pausan.
1306 2007 1355 2054 ΙΙ,
1385 2008 1439 2046 32
1462 2007 1501 2051 ξ.

836 2064 876 2101 3.
916 2061 979 2098 Ad
1007 2061 1174 2099 formam
1205 2058 1367 2103 ὀπώπεε
1397 2063 1500 2100 conf.

834 2119 864 2167 1,
886 2121 953 2159 68.
971 2120 1039 2168 ΙΠ,
1060 2121 1128 2160 37.

893 2286 976 2345 νόῳ
1005 2290 1156 2341 ἴσχων]
1204 2292 1230 2330 i.
1265 2303 1300 2328 e.
1338 2292 1504 2328 memoria

840 2351 978 2395 tenens,
1009 2348 1211 2385 recordans.
1239 2368 1297 2376 ——-
1328 2350 1373 2385 In
1393 2361 1503 2399 seqq.

838 2403 927 2441 dedi
958 2401 1194 2457 ὑπειρόχους
1224 2418 1316 2442 cum
1349 2406 1503 2456 optimis

837 2463 1051 2514 quibusque
1078 2463 1196 2499 libris,
1256 2463 1357 2499 Olim
1385 2462 1503 2512 vulgo

835 2514 1069 2570 ὕπερὸχους.
1132 2519 1343 2556 Conferant
1364 2517 1504 2556 Clarke

837 2575 886 2613 ad
903 2578 1060 2613 Homer.
1081 2575 1190 2614 mad.
1211 2577 1265 2621 ΙΙ,
1290 2575 1387 2617 426.
1408 2577 1503 2611 Mox

836 2634 977 2670 retinui
998 2628 1178 2672 ἀπετέλεε
1191 2646 1260 2684 pro
1277 2634 1382 2683 vulg.
1407 2627 1502 2670 α’πε-

837 2689 963 2729 τέλεσε
976 2719 986 2738 ,
1008 2692 1114 2727 cuius
1134 2691 1220 2727 loco
1242 2689 1434 2727 Sancrofti
1454 2688 1503 2723 li-

837 2748 905 2784 ber
925 2746 1081 2784 exhibet
1101 2745 1376 2786 ἐπετέλεσε.-
1404 2741 1503 2782 ἀπέ-

839 2805 933 2844 δυσε
966 2812 1043 2842 est:
1086 2809 1195 2842 vestes
1231 2815 1353 2840 &were
1385 2802 1501 2838 iussit.

1885 2802 1897 2949 .-—.1⁹-3
1886 2729 1897 2771 ’8,
1887 2674 1897 2714 J
1888 2587 1891 2638 *'⁴⁴

1883 3081 1897 3237 *--.⁸.L
1885 3042 1890 3050 ν
