1897 3340
463 153 1128 194 TERPS101101‘2F..
1189 155 1233 190 v.
1409 158 1490 196 135

218 264 385 316 Ὑσιὰς,
416 264 582 319 δήμους
610 261 715 312 τούς
745 261 951 317 ἐσχάτους
979 263 1055 315 τῆς
1081 258 1293 316 Ἀττικῆς·
1330 266 1490 306 Χαλκι-

223 333 315 383 δέες
345 348 387 376 τε
416 332 483 375 ἐπὶ
511 331 563 373 τὰ
593 330 717 384 ἕτερα
747 330 943 373 ἐσίνοντο
983 327 1176 380 ἐπιόντες
1203 328 1375 385 χώρους
1416 335 1493 387 τῆς
1505 340 1548 373 75

165 516 256 554 agro
287 503 412 538 Attico
434 501 657 551 profecturis
689 501 827 536 transi-

165 567 245 596 tum
274 558 397 595 dabat.
454 559 512 593 De
543 569 586 593 ea
619 555 825 608 Thucydi-

161 616 226 653 des
244 616 290 661 H,
318 616 366 654 18
389 627 477 650 cum
498 621 587 650 nota
616 613 824 650 doctissimi

163 672 337 709 Wasse.“
364 670 592 708 Wesselin
607 683 646 719 g.
666 670 714 707 ad
729 672 821 707 Dio-

158 728 238 765 dor.
271 728 348 764 Sic.
380 728 443 776 IV,
473 731 526 769 60
556 726 622 764 fin.
690 728 819 779 Atque

156 786 293 822 Wasse
323 785 348 821 l.
371 786 395 822 l.
426 785 589 821 aliorum
616 785 739 821 attulit
759 786 819 822 lo-

155 854 230 889 cOS,
261 842 328 878 ubi
348 840 461 879 huius
483 841 643 878 demisit
658 843 816 889 mentio,

155 900 261 935 cuius
283 899 398 935 situm
419 899 449 935 si
476 911 656 950 quaeras,
689 897 817 935 diver*

152 954 299 992 simode
320 969 424 992 nunc
451 962 622 992 statuunt
641 957 815 1006 peregri-

152 1019 325 1059 natores,
362 1014 413 1049 ita
434 1019 476 1050 ut
498 1011 570 1049 hoc
592 1012 710 1049 modo
732 1026 818 1049 cer-

151 1076 235 1106 tum
263 1071 329 1116 sit,
366 1071 403 1105 111
435 1070 626 1116 faucibus,
679 1071 816 1121 quibus

150 1139 254 1162 nunc
273 1139 418 1163 nomen
449 1126 612 1164 Saranta
642 1125 813 1174 Potamoi,

150 1183 411 1234 quaerendam
432 1197 510 1220 esse
539 1190 713 1221 veterum
735 1184 812 1220 Oe-

149 1253 277 1286 noen‚·
331 1239 406 1278 hoc
440 1253 530 1278 vero
567 1239 810 1291 disceptatur,

150 1304 277 1333 utrum
299 1299 365 1349 qui
391 1311 495 1334 nunc
516 1304 675 1334 vocatur
705 1298 810 1335 locus

146 1353 249 1404 Gifto
277 1354 419 1399 Cast-ro,
442 1355 560 1390 ruinis
578 1353 809 1406 quibusdam

148 1411 317 1460 insignis,
353 1424 421 1462 pro
442 1413 522 1461 ipsa
543 1418 718 1448 veterum
742 1412 811 1449 Oe-

145 1471 212 1504 uoe'
225 1467 494 1518 haberipossit,
514 1481 562 1504 an
583 1469 621 1503 in
636 1469 808 1518 planitie,

146 1537 244 1575 quae
265 1523 354 1560 hinc
378 1524 626 1571 extendatur,
651 1526 808 1562 Oenoen

142 1581 254 1617 sitam
302 1582 416 1618 fuisse
462 1582 694 1632 probabilius
733 1583 806 1619 sit:

143 1637 248 1688 quod
282 1636 377 1674 mihi
407 1646 507 1676 certe
535 1646 725 1690 praestare
746 1640 808 1675 vi·—

143 1693 254 1731 detur
269 1723 282 1739 ‚
313 1697 378 1747 qui
408 1697 536 1733 ruinas
560 1709 679 1747 prope
701 1696 805 1733 Gifto

143 1752 273 1789 Castro
313 1752 362 1789 ad
399 1751 624 1790 Eleutheras
665 1753 804 1789 referre

140 1810 288 1845 malim.
339 1810 404 1846 Tu
423 1809 501 1847 vid.
523 1812 732 1860 interprett.
756 1809 804 1847 acl

141 1864 364 1917 Thucydid.
394 1880 482 1918 pag.
516 1870 598 1908 300
629 1880 709 1919 seq.
741 1866 802 1904 ed.

139 1923 309 1960 Gervini.

190 1976 328 2026 ΓΥσιοὶς
367 1980 407 2015 111
430 1978 656 2016 Herodoteis
697 1981 801 2017 libris

137 2037 275 2086 legitur
297 2038 488 2074 omnibus.
547 2035 664 2087 Apud
686 2036 802 2074 Thu-

135 2093 316 2145 cydidem
334 2095 400 2141 111,
423 2094 476 2134 24
508 2093 621 2130 codd.
640 2092 798 2141 ΓΤσιάςτ

136 2149 183 2187 de
198 2150 273 2202 q'ua
285 2158 464 2188 accentus
482 2150 697 2188 diversitate
710 2165 800 2189 mo-

138 2208 263 2245 nuisse
284 2207 396 2245 video
426 2209 576 2259 Poppo.
597 2209 636 2244 in
654 2207 798 2246 Schul-

138 2266 223 2301 zeit.
249 2267 356 2306 1832
376 2278 465 2316 pag.
484 2268 670 2306 1020—
692 2266 798 2311 Quae

138 2322 225 2358 urbs
256 2328 348 2358 teste
369 2323 669 2373 Harpocraticue
704 2322 798 2372 (ubi

134 2374 288 2428 Ὑσίαι)
308 2392 338 2416 s.
359 2393 397 2416 v.
427 2393 515 2430 pag.
538 2382 619 2421 338
650 2386 687 2416 et
708 2380 799 2417 Ste-

138 2432 253 2484 phan.
268 2437 364 2487 Byz.
376 2450 415 2487 p.
431 2439 456 2477 7
461 2440 514 2477 30
535 2438 630 2488 (quo
643 2444 798 2474 auctore

138 2497 174 2527 et
200 2489 325 2531 ‘Telon
357 2499 393 2529 et
421 2491 533 2531 ‘Tala
553 2495 593 2529 in
614 2495 797 2544 singulari

139 2545 291 2598 dicitur)
324 2556 360 2586 et
390 2548 500 2587 Suid.
521 2551 575 2586 111
604 2563 693 2601 pag.
715 2550 796 2591 567

138 2602 207 2640 fuit
228 2606 420 2653 Boeotiae,
442 2607 549 2643 cuius
572 2608 699 2643 ruinas
719 2620 797 2645 una

135 2672 221 2696 cum
239 2661 533 2700 Eleutherarum
560 2665 727 2716 reliquiis
753 2678 794 2701 se

135 2715 269 2753 viclisse
295 2725 452 2757 testatur
480 2722 644 2757 Pausan.
676 2722 745 2768 IX,
767 2724 796 2762 2

135 2773 172 2817 ξ.
200 2775 233 2813 l.
290 2776 368 2813 Nec
402 2777 516 2828 longe
538 2778 585 2815 ab
605 2776 793 2815 Eleuthe-

883 500 931 536 ris
953 501 1116 539 abfuisse
1147 502 1253 539 iuxta
1276 500 1546 540 Cithaeronem

883 558 1067 596 Herodoti
1087 554 1221 605 1’Τσιοῖς
1243 567 1546 598 conunonslrant

882 612 920 649 hi
953 616 1030 652 fere
1061 617 1156 652 loci:
1191 616 1334 654 Herod.
1366 618 1428 663 Vl,
1454 620 1544 657 108.

878 672 947 718 IX,
984 673 1047 713 15.
1078 675 1145 713 26.
1186 672 1361 724 Euripid.
1402 673 1544 712 Bacch.

879 729 974 769 750.
1000 727 1258 780 Thucyd.III,
1282 729 1347 777 24,
1364 731 1429 767 ubi
1442 731 1543 769 cons.

877 786 1015 823 Wasse
1036 794 1072 822 et
1091 785 1238 828 Duker,
1298 787 1411 832 Quod
1432 789 1544 838 oppi-

877 841 970 878 dum
1010 842 1058 879 ad
1086 845 1287 880 Boeotiam
1321 858 1410 880 cum
1453 858 1543 895 pro-

875 900 954 949 prie
975 901 1201 950 pertineret,
1234 902 1388 952 Olymp-
1420 901 1486 947 65,
1520 905 1536 941 1

875 957 924 992 ab
964 958 1097 994 Atticis
1139 965 1371 1008 occupatum
1421 957 1541 994 videri

876 1012 956 1061 (cf.
980 1013 1124 1051 Herod.
1138 1016 1201 1062 VI,
1223 1014 1318 1064 108)
1342 1015 1541 1067 demisque

872 1071 1006 1107 Atticis
1029 1070 1263 1122 adscriptum
1294 1073 1541 1123 probabiliter

871 1129 980 1178 ponit
1001 1129 1043 1165 C.
1067 1129 1111 1165 Ο.
1133 1129 1284 1166 Mtiller.
1306 1128 1540 1167 Orchomen.

870 1198 910 1234 p.
930 1182 1013 1225 410
1034 1198 1138 1237 seq.;
1168 1187 1220 1222 ita
1242 1192 1302 1233 ut,
1336 1199 1411 1238 quo
1437 1193 1539 1223 tem-

869 1254 961 1291 pore
991 1240 1086 1278 haec
1129 1243 1343 1293 agebantur
1382 1244 1536 1295 Olymp.

869 1299 936 1344 68,
967 1296 1116 1336 Atticae
1146 1306 1268 1336 terrae
1296 1313 1388 1336 sane
1424 1302 1538 1338 fuerit

868 1353 1016 1393 demus.
1075 1355 1170 1392 Inde
1200 1355 1329 1396 ΓΥσωιί
1356 1369 1378 1393 a
1399 1356 1538 1394 demo-

870 1424 959 1447 rum
997 1413 1215 1450 Atticorum
1255 1414 1428 1463 catalogo
1471 1415 1536 1452 vix

869 1468 1016 1505 alienae
1037 1476 1172 1514 erunt,
1203 1477 1245 1507 ut
1272 1472 1402 1507 statuit
1433 1472 1535 1508 Gro-

867 1524 1010 1562 tefend.
1068 1528 1126 1563 De
1157 1525 1259 1565 dem.
1283 1534 1320 1564 et
1350 1541 1439 1578 pag.
1461 1529 1535 1565 At-

864 1583 952 1619 ticc.
974 1595 1062 1633 pag.
1084 1582 1152 1630 41,
1195 1585 1260 1635 qui
1280 1585 1379 1620 inter
1400 1584 1534 1622 <lemos

864 1646 1056 1690 suspectos
1078 1641 1222 1678 retulit.
1260 1641 1449 1678 Videntur
1461 1655 1534 1678 au-

862 1701 942 1732 tem
957 1698 1094 1733 Boeoti
1109 1710 1195 1733 eam
1211 1698 1259 1734 ob
1276 1711 1431 1736 causam
1442 1698 1532 1736 huic

863 1752 1006 1804 oppido
1028 1754 1293 1805 recuperando
1315 1755 1428 1792 valde
1447 1763 1531 1793 stu-

863 1809 1009 1859 duisse,
1041 1811 1147 1863 quod
1168 1811 1217 1848 ad
1237 1813 1340 1849 viam
1361 1812 1456 1849 illud
1477 1814 1531 1850 si-

860 1873 943 1903 tum
966 1874 1056 1916 erat,
1095 1866 1241 1905 Thebis
1260 1868 1432 1906 Athenas
1454 1869 1530 1906 du-

860 1931 1032 1971 centem,
1062 1925 1341 1978 introitumque
1367 1927 1526 1977 parabat

858 1981 897 2016 in
929 1982 1126 2031 regionem
1158 1983 1346 2031 Atticam3
1379 1983 1426 2020 de
1447 1997 1526 2036 quo

858 2037 936 2075 vid.
953 2038 995 2074 C.
1008 2039 1051 2075 Ο.
1067 2039 1218 2076 Miiller.
1242 2041 1269 2076 1.
1295 2041 1320 2077 l.
1342 2053 1432 2092 pag.
1445 2040 1527 2081 488

857 2108 937 2146 seq.
968 2096 1085 2132 Plura
1117 2098 1238 2133 Kruse
1267 2098 1322 2144 H,
1379 2101 1397 2138 1
1435 2110 1525 2148 pag.

857 2151 938 2192 285
961 2166 1068 2205 seqq.
1128 2155 1227 2191 Hinc
1255 2155 1362 2203 nulla
1381 2155 1421 2190 111
1443 2156 1526 2190 He-

856 2207 983 2245 rodoti
996 2210 1117 2247 verbis
1131 2223 1226 2261 opus
1239 2210 1524 2259 emendatione,

856 2266 1011 2316 qualem
1042 2268 1080 2303 in
1111 2275 1243 2304 mente
1266 2266 1442 2306 habuisse
1464 2269 1525 2305 vi-

857 2321 968 2359 detur
988 2322 1286 2362 Valckenaerius
1303 2338 1313 2373 3
1344 2339 1416 2362 nec
1436 2338 1523 2362 lna-

854 2381 911 2430 gis
931 2393 1086 2418 necesse
1118 2395 1208 2418 cum
1228 2381 1422 2420 Larchero
1452 2396 1522 2433 pro

851 2432 988 2484 ‘Yoidg
998 2439 1224 2475 substituere
1237 2436 1371 2490 φυλήν
1383 2456 1394 2488 ,·
1417 2438 1521 2491 quod

853 2494 967 2531 nimis
988 2496 1203 2532 violentum
1219 2498 1357 2534 merito
1380 2495 1522 2533 iudicat

856 2549 1213 2602 Schweighaeuser.
1524 2554 1527 2559 ¹

911 2606 978 2647 ἐπὶ
998 2607 1045 2647 τὰ
1067 2608 1205 2661 ἕτερα]
1237 2610 1261 2649 1.
1282 2624 1315 2647 e.
1337 2610 1382 2646 ab
1405 2610 1520 2646 altera

848 2668 967 2714 parte,
984 2678 1074 2702 cum
1094 2668 1175 2703 scil.
1191 2667 1351 2703 Boeotia
1364 2673 1519 2715 septen—

851 2722 974 2758 trione
995 2729 1033 2759 et
1053 2723 1262 2770 occidente,
1285 2720 1515 2760 Chalciden-

851 2791 908 2815 ses
929 2779 974 2815 ab
992 2779 1109 2817 altera
1123 2783 1240 2831 parte,
1267 2780 1290 2816 i.
1313 2793 1347 2816 e.
1370 2778 1415 2814 ab
1438 2778 1515 2813 ori-
