1897 3340
83 889 148 936 68
204 894 387 940 ἐκάλεσε.

612 174 915 213 ERATO.
972 175 1050 212 VI.

1379 179 1463 219 319

203 287 275 331 ἐπὶ
319 285 468 342 γέλωτί
513 300 557 328 τε
596 284 668 328 καὶ
703 281 847 340 λάσθῃ
889 281 1043 337 εἰρώτα
1080 282 1159 328 τὸν
1195 283 1461 340 Δημάρητον
1476 294 1522 329 Ξὸ

206 355 386 406 ,,ὁκοῖόν
423 370 464 396 τι
502 354 589 408 εἴη,
626 350 675 394 τὸ
713 350 861 407 ἄρχειν
898 352 1003 406 μετὰ
1038 350 1087 394 τὸ
1117 351 1400 406 βασιλεύειν.“
1439 354 1462 397 ὁ

176 423 280 475 ὅδὲ,
320 420 507 477 ἀλγήσας
556 421 618 475 τῷ
658 417 990 475 ἐπειρωτήματι,
1041 416 1130 462 εἶπε
1179 419 1267 474 φας
1306 418 1466 473 ,,αύτὸς

203 490 309 546 ,μὲν
336 487 595 544 ἀμφοτέρων
626 485 711 542 ἤδη
740 490 1048 542 πεπειρῆσθαι,
1092 492 1240 530 κεῖνον
1272 488 1341 539 δὲ,
1386 489 1461 533 οὔ·

203 557 310 613 ,,τήν
339 556 485 612 μέντοι
513 554 795 610 ἐπειρώτησιν
823 553 988 610 ταύτην
1019 553 1166 609 ἄρξειν
1197 559 1522 612 Λακεδαιμο-ΒΟ

173 626 366 676 4,,νίοισι
392 621 420 678 ἢ
449 623 604 678 μυρίης
633 622 881 678 κακότητος,
910 622 1114 680 ἢμυρίης
1143 622 1463 681 εὐδαιμονίης.“

207 695 353 735 Ταῦτα
386 691 430 734 δὲ
459 692 602 742 εἴπας,
632 690 706 733 καὶ
734 691 1174 746 κατακαλυψάμενος,
1214 693 1277 749 ἤϊε
1305 693 1352 736 ἐκ
1381 696 1463 736 τοῦ

203 758 393 815 θεήτρου
423 759 463 809 ἐς
492 775 544 801 τα
575 757 744 801 εωυτοῦ
774 761 908 802 οἰκία·
941 758 1096 802 αὐτίκα
1127 760 1171 803 δὲ
1193 773 1466 815 παρασκευα·

203 827 407 883 σαμενος,
439 827 541 870 ἔθυε
570 830 630 886 τῷ
659 831 736 871 Διῒ
765 830 894 883 βοῦν·
923 829 1066 879 θύσας
1098 828 1164 880 δὲ,
1195 829 1275 884 τὴν
1303 832 1465 886 μητέρα

143 1025 244 1074 poris
263 1023 404 1060 viribus
424 1029 575 1060 tantum
595 1024 801 1072 certabant,

142 1079 210 1117 sed
230 1081 459 1117 carminibus
483 1093 636 1132 quoque
652 1080 803 1130 publice

143 1135 368 1184 recitandis,
390 1138 588 1174 saltatione
611 1137 803 1174 adiuncta.

145 1195 245 1239 Quin
265 1193 360 1230 adeo
376 1195 478 1231 iocos
500 1193 675 1245 dictaque
686 1195 805 1230 cavil-

143 1251 260 1286 lantia
289 1251 329 1286 in
358 1248 415 1287 his
441 1250 538 1287 ludis
574 1251 703 1287 locum
732 1249 805 1286 ha-

142 1307 267 1343 buisse
287 1305 461 1344 tradunt:
498 1306 535 1343 id
557 1307 661 1359 quod
681 1309 806 1344 Hero-

144 1362 257 1400 doteo
286 1364 392 1412 1000,
433 1365 498 1400 ubi
526 1362 806 1415 Leutychidem

142 1420 316 1457 mordaci
337 1419 491 1457 dicterio
506 1428 678 1457 utentem
694 1420 804 1458 vide-

142 1490 229 1513 mus
268 1478 308 1513 in
349 1478 618 1526 Demaratum,
660 1478 802 1514 confir-

142 1535 241 1570 mari
259 1532 421 1571 videtur.
472 1535 604 1571 Glossa
623 1533 802 1571 Herodo-

142 1597 203 1626 tea
236 1589 284 1626 ad
313 1588 352 1628 11.
384 1591 410 1629 1.
431 1588 525 1627 haec
545 1589 683 1627 habet:
724 1592 801 1629 Γυ-

143 1647 381 1697 μνοπαιδία·
414 1643 529 1698 ἒορτη
554 1646 596 1686 ἐν
618 1642 798 1702 Σπάρτῃ,

141 1703 185 1742 ἐν
209 1719 234 1757 η
256 1718 401 1754 γυμνοι
419 1700 562 1755 χορούς
583 1704 749 1743 ἱστᾶσιν.

198 1759 263 1798 ἐπὶ
285 1759 420 1811 γέλωτί
439 1775 477 1798 τε
500 1759 566 1798 καὶ
587 1755 783 1813 λάσθῃ]
771 1773 799 1797 1.

142 1828 176 1852 e.
197 1829 289 1852 rzsus
308 1819 339 1852 et
356 1817 580 1853 contumeliae
599 1830 720 1854 causa.
743 1817 800 1853 Cf.

140 1871 276 1909 matth.
298 1873 363 1909 Gr.
385 1873 450 1911 Gr.
472 1886 559 1923 pag.
579 1874 699 1914 1165-
720 1874 802 1909 He-

141 1928 266 1966 rodot.
294 1930 363 1976 IX,
396 1931 461 1970 82.
500 1927 633 1980 λάσθη
667 1930 799 1967 Glossa

141 1985 283 2023 Herod.
310 1985 434 2022 reddit
456 1982 636 2037 αἰσχύνη.
695 1985 798 2024 Add.

142 2041 250 2079 Suid.
272 2044 307 2078 Π
326 2055 412 2093 pag.
426 2041 520 2090 417,
542 2042 607 2080 ubi
623 2042 698 2080 duo
719 2044 800 2079 Ae—

141 2098 233 2135 liani
252 2098 461 2136 afferuntur
487 2099 581 2136 tloci.
640 2101 801 2137 Utrum-

145 2168 220 2207 que
239 2156 469 2192 vocabulum
489 2157 539 2192 ita
553 2157 800 2194 coniunctum

142 2213 325 2262 reperitur
353 2211 454 2264 apud
483 2211 627 2251 Athen.
652 2215 752 2264 VIII,
775 2217 800 2257 3

141 2281 230 2318 pag.
251 2268 331 2310 335
353 2269 396 2306 C.

198 2321 332 2364 ὁκοῖόν
347 2340 383 2364 τι
404 2324 463 2376 εἰή
485 2322 529 2365 to*
547 2322 683 2377 ἄρχειν
702 2323 797 2377 μετοέ

142 2377 188 2419 τὸ
212 2377 462 2431 βασιλεύειν]
494 2383 629 2432 Attigit
658 2385 798 2420 Eusta-

143 2434 245 2474 thius
265 2437 349 2473 1000
365 2450 474 2488 supra
486 2438 589 2475 laud.
601 2438 694 2477 haec
710 2454 799 2478 ver-

142 2492 216 2540 ba,
265 2494 491 2544 quibuscum
522 2495 799 2546 Wesselingius

146 2556 340 2600 comparat
353 2549 606 2597 Herodoteal
621 2554 711 2600 129,
715 2527 799 2590 0ubi

146 2604 343 2669 Harpagus
373 2619 421 2642 ex
452 2607 619 2658 Astyage
657 2610 803 2672 quaeiit

147 2654 171 2698 ὅ
190 2674 225 2697 τι
242 2675 301 2711 ειη
332 2660 360 2712 ἦ
390 2661 544 2702 ἐκείνου
575 2660 802 2716 δουλοσύνη

149 2710 238 2754 οῗντὶ
268 2719 337 2767 τῆς
353 2719 570 2770 βασιληίης.
625 2721 704 2757 Nec
731 2722 804 2757 ali-

148 2777 205 2811 ter
240 2771 342 2824 apud
372 2774 524 2813 Sallust.
552 2777 600 2814 B.
619 2777 704 2828 lug.
724 2778 801 2819 66.

444 875 700 951 Ἀπικομένῃ
722 894 768 938 δὲ
796 899 849 953 τῇ
878 895 1008 952 μητρὶ
1031 896 1173 948 ἐσθεὶς
1205 897 1247 949 ἐς
1277 893 1353 944 τὰς
1381 897 1464 948 χεῖ-

860 1052 884 1071 „
899 1037 1002 1073 quam
1018 1027 1142 1074 gravis·
1164 1040 1264 1064 casus
1283 1029 1320 1064 in
1343 1028 1524 1064 servitium

860 1094 903 1117 ex
920 1094 1028 1130 regno
1041 1082 1149 1132 soret.
1164 1085 1186 1103 “
1234 1085 1291 1120 Ac
1319 1097 1442 1135 nuper
1463 1090 1524 1120 et-

859 1138 936 1174 iam
969 1138 1023 1176 W
1026 1139 1240 1177 achsmuth.
1267 1142 1418 1178 Hellen.
1451 1141 1524 1176 Al-

860 1193 1090 1232 tertliumsk.
1111 1199 1141 1244 Ι,
1164 1200 1181 1236 1
1205 1210 1294 1248 pag.
1326 1201 1403 1238 221
1428 1195 1524 1233 haeo

861 1253 975 1288 veiha
998 1254 1201 1301 excitavit,
1225 1268 1244 1290 e
1266 1255 1401 1306 quibus
1423 1255 1522 1290 clam

863 1310 1043 1358 cognosci
1068 1312 1203 1360 possit,
1245 1311 1428 1362 quidnam
1451 1310 1523 1347 dif-

861 1365 956 1402 ferat
974 1362 1017 1404 τὸ
1048 1363 1296 1416 βασιλεύειν,
1328 1367 1431 1420 quod
1458 1380 1522 1403 re—

860 1434 954 1471 gum
975 1429 1049 1470 est,
1081 1429 1118 1460 et
1146 1420 1190 1462 το“
1220 1421 1376 1475 ἄρχειν,
1417 1421 1523 1476 quod

858 1480 1151 1528 magistratuum
1173 1487 1239 1516 est.
1261 1502 1313 1507 -—
1352 1480 1414 1517 Ad
1437 1477 1522 1519 εἷπε

859 1549 940 1582 φας
966 1536 1007 1570 111
1035 1550 1141 1589 seqq.
1173 1538 1274 1576 conf.
1295 1538 1340 1586 V,
1363 1540 1430 1578 36-
1452 1537 1521 1578 50·

857 1591 919 1638 VI,
942 1593 1008 1631 82-

912 1643 941 1698 ἢ
974 1647 1120 1714 μυρίης
1154 1645 1374 1700 κακότητος
1399 1645 1426 1699 ’ἦ
1450 1664 1521 1699 μυ·
1528 1677 1533 1683 ›

857 1703 947 1755 ρίης
976 1700 1312 1756 εύόαιμονίης],
1317 1707 1522 1754 ‚Homeri-

859 1773 948 1796 cum
961 1768 1027 1798 est.
1057 1761 1143 1799 vid.
1154 1764 1197 1799 Il.
1214 1765 1281 1811 XI,
1304 1762 1519 1809 382‚unde

857 1825 1076 1855 sumserunt
1103 1818 1279 1869 01911101,
1308 1827 1350 1856 ut
1371 1822 1518 1870 Hymn-

855 1874 980 1910 LXIV
1004 1874 1107 1924 (63),
1134 1879 1198 1915 11.
1216 1877 1448 1923 LXXXVII,
1466 1879 1519 1917 12

858 1930 993 1980 (vulgo
1024 1932 1123 1968 inter
1150 1930 1316 1984 hymnos
1337 1934 1520 1969 Homeri-

855 1991 959 2033 cos).
1020 1988 1160 2025 Confer
1191 1991 1306 2026 etiam
1337 1991 1518 2027 Proclum

855 2045 894 2080 in
906 2045 1056 2081 Platon.
1070 2047 1173 2084 Tim.
1186 2060 1224 2097 p.
1238 2047 1358 2087 350.“
1378 2047 1437 2084 Cr
1447 2060 1516 2084 eu·-

856 2114 943 2137 zer.
965 2102 1004 2138 111
1034 2102 1266 2140 Connnentt.
1288 2103 1456 2141 Herodd.
1477 2117 1518 2154 p.

857 2160 952 2198 231.
1011 2159 1155 2196 Vocem
1185 2155 1382 2211 κακότητα
1409 2168 1518 2198 vete-

858 2227 916 2251 res
930 2215 1179 2254 Grammatici
1200 2225 1399 2268 exponunt
1420 2218 1517 2258 δυσ-

856 2271 1032 2321 τυχίαν..
1079 2269 1114 2317 ἢ

912 2327 1008 2366 ἔθυε
1056 2328 1186 2379 βοῦν]
1245 2331 1406 2367 Restitui
1442 2329 1516 2368 hoo

855 2398 944 2421 cum
964 2393 1122 2421 recentt.
1145 2385 1244 2432 edd„
1266 2387 1369 2424 libris
1382 2388 1432 2424 ita
1453 2389 1514 2424 iu·-

854 2442 1042 2480 bentibus.
1074 2443 1173 2478 Male
1195 2443 1395 2495 01101βῶν,
1411 2443 1515 2497 quod

854 2500 975 2534 tenuit
995 2498 1149 2536 Schaef.
1179 2499 1265 2539 Vid.
1283 2500 1420 2539 Matth.
1448 2502 1515 2540 Gr.

855 2555 921 2591 Gr.
941 2567 1028 2606 pag.
1053 2557 1145 2596 188.

1046 2612 1139 2663 Cap.
1157 2612 1328 2649 LXVIII.

914 2666 1048 2714 ἐσθεὶς
1069 2667 1108 2714 ἐς
1126 2666 1195 2714 τοὶς
1217 2664 1350 2719 χεῖράς
1371 2667 1413 2707 οἷ
1430 2669 1515 2706 τοῖν

860 2719 1114 2775 σπλάγχνων]
1133 2727 1380 2773 „Notissimus
1393 2725 1430 2760 in
1445 2722 1515 2760 ad-

857 2779 1104 2819 iurationibus
1159 2781 1515 2833 supplicationibus-

1520 889 1649 927 matrcm
1664 888 1793 917 solemn!

1520 926 1582 950 ritu
1599 925 1779 957 obtestatur,
