1897 3340
487 205 1245 244 TERPS1cnoRE.v.
1426 209 1507 247 149

209 317 465 369 Ξδαυρίοισι
496 315 523 369 ἡ
551 317 607 369 γῆ
625 312 797 366 καρπόν
820 311 982 356 οὐδένα
1011 312 1230 356 ἀνεδίδου.
1276 315 1374 368 περὶ
1404 314 1503 357 ταύ-
1562 328 1721 394 ὲῗωᾞῑῶ
1716 331 1808 390 ⁰¹⁵5]st

1747 372 1761 388 ὃ

237 399 311 437 της
345 398 408 424 ων
436 385 511 436 τῆς
542 384 776 435 συμφορῆς
814 382 859 423 οἱ
897 379 1171 435 Ἐπιδαύριοι
1201 379 1411 436 ἐχρέωντο
1454 382 1502 424 ἐν
1561 397 1702 420 ten-amn
1691 396 1833 423 titt-rina

235 454 466 504 Δελφοῖσι·
515 447 541 504 ἡ
586 447 632 490 δὲ
678 449 829 504 Πυθίη
870 447 1008 503 σφέας
1046 447 1213 490 ἐκέλευε
1242 450 1415 505 Δαμίης
1453 465 1497 492 τε
1557 453 1639 493 413

232 518 305 560 καὶ
335 514 552 572 Αὐξησίης
581 513 809 571 ἀγάλματα
837 515 1132 571 ἱδρύσασθαι,
1163 519 1237 559 καί
1268 528 1347 570 σφι
1378 518 1497 572 ἷδρυ-
1558 516 1834 545 ‘⁰¹⁰“³”d⁸m⁰³·

1558 548 1641 588 miae
1658 554 1689 577 et
1706 553 1802 578 Auxe-

1555 591 1635 617 ωηο,
1663 586 1803 620 (quarum

174 722 395 770 collidebat,
426 721 687 759 consideretur
715 729 753 758 ut
766 734 835 758 ve-

171 788 230 818 tus
261 779 446 817 debitum.
469 801 519 806 -—-
565 778 609 813 In
632 791 738 830 seqq.
764 790 833 828 pro

170 837 329 887 τοιῆσδε
369 837 408 872 in
450 834 679 886 quibusdam
719 833 832 872 codd.

171 889 326 944 τοιήδε;
358 894 425 945 qui
443 890 562 928 iidem
582 905 676 929 mox
697 890 831 931 ἐδίδου

169 963 237 1002 pro
259 947 329 989 οἷνε
334 949 464 989 δίδου.

226 1006 384 1058 Δαμίης
402 1019 443 1045 τε
463 1004 530 1044 καὶ
553 1000 757 1054 Αὐξησίης
789 1001 830 1042 ἆ-

168 1060 346 1115 γαλματα
384 1058 653 1115 ἷδρύσασθαι]
706 1062 832 1098 Perti-

169 1128 261 1157 nent
293 1119 368 1157 huc
419 1118 561 1156 scholia
598 1117 771 1155 Aristidis
810 1131 831 1154 a

168 1175 352 1215 Valckeu.
387 1190 437 1213 ex
469 1183 575 1226 parte
611 1176 764 1224 vulgata
794 1182 831 1212 et

167 1235 315 1284 plenius
333 1232 432 1270 edita
455 1232 720 1269 aFrommelio
742 1244 830 1282 pag.

167 1293 234 1331 73.
255 1293 338 1331 230
352 1290 437 1338 (ubi
455 1302 524 1340 pro
535 1288 696 1338 Δαμίης
712 1301 828 1338 prave

167 1348 350 1397 scriptum
370 1346 532 1396 Ταμίας,
563 1358 606 1381 ac
627 1346 657 1382 si
677 1343 747 1381 dea
770 1358 830 1381 es-

165 1410 221 1440 set
264 1403 513 1450 distributrix,
562 1402 827 1451 dispensatrix)

166 1460 254 1497 coll.
277 1460 423 1496 Zenob.
445 1460 497 1495 IV
499 1488 509 1506 ,
531 1461 584 1498 20
607 1465 643 1495 et
676 1458 828 1509 potissi-

164 1529 273 1553 mum
294 1518 456 1552 Pausan.
477 1516 524 1562 II,
546 1517 600 1555 30
623 1515 659 1560 ξ.
677 1514 700 1556 5
723 1522 760 1551 et
779 1516 827 1562 ΙΙ,

164 1575 219 1613 32
240 1574 276 1618 §.
298 1576 336 1620 2,
368 1572 750 1609 ubiTroezeniorum
765 1571 825 1607 as-

161 1629 280 1665 sertur
300 1629 415 1675 fama,
427 1629 606 1665 Damiam
616 1635 729 1680 atque
740 1629 825 1664 Au-

160 1686 308 1723 xesiam
330 1687 494 1736 virgines
516 1698 536 1721 e
566 1685 675 1721 Creta
698 1685 824 1721 Troe-

163 1756 300 1779 zeuem
330 1744 478 1780 venisse
510 1743 640 1794 ibique
662 1743 701 1778 in
721 1740 825 1778 sedi-

163 1801 265 1836 tione
286 1812 329 1836 ac
350 1800 518 1837 tumultu
547 1800 700 1849 periisse
726 1799 826 1849 lapi-

164 1854 337 1903 datione3
388 1855 493 1893 unde
523 1856 664 1892 festum
693 1856 825 1906 peragi

163 1913 430 1964 Λιθοβολίαν.
479 1914 606 1961 „Hinc
634 1912 826 1960 discimus,

162 1971 213 2007 ait
242 1970 470 2017 Valcken„
500 1970 569 2007 sub
599 1970 676 2006 istis
708 1969 821 2006 fuisse

161 2027 379 2064 nominibus
402 2027 555 2065 Cererem
576 2033 612 2063 et
637 2025 821 2075 Proserpi-

159 2097 240 2121 nam
271 2084 389 2121 cultas
409 2085 487 2121 sive
507 2082 663 2120 Matrem
692 2090 729 2120 et
750 2082 823 2120 Li-

158 2141 293 2178 beram:
319 2143 369 2195 τῇ
383 2139 522 2192 Μητρὶ
541 2137 609 2179 καὶ
628 2141 681 2194 τῇ
694 2134 820 2194 Κόρῃ,

158 2204 214 2234 est
233 2196 334 2248 apud
354 2196 497 2238 Herod,
519 2198 626 2244 vm,
661 2195 728 2244 65,
751 2210 821 2233 cu—

159 2254 216 2290 ius
237 2253 330 2291 haec
350 2255 430 2305 ipsa
449 2254 615 2291 narratio
635 2252 741 2290 idem
760 2253 820 2289 fa—

158 2311 230 2347 cile
287 2312 528 2362 persuasisset
586 2309 819 2358 attendenti3

158 2379 249 2403 nam
278 2380 399 2419 quum
434 2375 533 2405 terra
569 2368 697 2418 fruges
737 2380 818 2404 non

161 2422 266 2461 daret
285 2423 519 2474 Epidauriis,
548 2425 639 2461 iussi
657 2431 744 2461 sunt
758 2422 818 2461 di-

161 2481 297 2518 vinitus
322 2482 479 2518 istarum
508 2482 615 2532 signa
648 2483 818 2517 Dearum

163 2535 355 2586 dedicare,
391 2539 508 2575 veluti
540 2539 651 2576 θεοῖν
672 2553 817 2587 καρπο-

163 2589 324 2643 φόρων,
357 2607 434 2646 qua
463 2594 715 2644 appellatione
735 2595 818 2631 Te—

162 2656 292 2699 geatae
304 2651 480 2687 Cererem
490 2651 665 2688 colebant
675 2658 711 2687 et
719 2652 817 2687 Pro-

161 2706 368 2755 serpinam,
398 2714 491 2744 teste
521 2708 687 2744 Pausan.
715 2708 815 2753 V111,

161 2762 214 2802 53
237 2763 274 2807 §-
295 2765 333 2802 3.
365 2763 500 2814 [Apud
519 2765 725 2814 Aeginetas
746 2764 815 2800 Ce-

162 2831 219 2855 res
240 2817 500 2871 θεσμοφόρος
512 2826 606 2858 teste
619 2819 815 2858 Herodoto

892 722 954 769 vl,
986 722 1082 770 91.]
1142 720 1222 758 Sed
1251 735 1335 758 rem
1362 723 1476 772 plane
1498 724 1556 759 af-

891 778 1017 815 firmat
1036 779 1202 814 Pausan.
1226 779 1273 825 11,
1287 781 1340 819 30
1358 779 1394 824 ξ.
1417 780 1455 820 5.
1476 780 1557 815 Eo-

891 834 981 872 dem
1010 836 1083 872 ritu
1116 835 1268 871 Deabus
1299 836 1398 881 istis,
1438 836 1556 872 veluti

888 895 1006 939 θεαῖς
1036 888 1224 944 μεγάλαις
1253 891 1364 928 variis
1394 893 1433 928 in
1464 894 1555 930 locis

888 961 993 986 sacra
1014 948 1169 985 fiebant.
1229 949 1357 984 Cereri
1378 962 1454 985 nou
1477 948 1556 986 dis—

890 1006 1068 1042 convenit
1089 1018 1231 1041 nomen
1254 1005 1431 1055 Δαμίης;
1455 1019 1555 1057 quae

889 1062 1185 1113 Epidauriorum
1197 1062 1340 1112 populo
1361 1064 1417 1116 τῷ
1438 1058 1554 1130 δαμῳ

888 1121 966 1156 sive
989 1115 1104 1172 δήμῳ
1124 1119 1253 1169 fruges
1273 1117 1381 1155 daret
1401 1126 1437 1155 et
1458 1115 1553 1158 Av'-

888 1176 1005 1227 ξησίη
1026 1177 1263 1226 alimentaque
1288 1177 1391 1213 mitia
1410 1178 1551 1214 terrisf‘

887 1235 992 1270 Haec
1042 1232 1122 1270 Val
1134 1246 1152 1269 c
1163 1232 1185 1268 l.-
1197 1245 1243 1270 en
1255 1245 1304 1269 ae
1315 1246 1340 1270 r.
1393 1233 1549 1269 Festum

887 1303 1042 1342 quoque
1082 1290 1200 1325 citans
1241 1301 1271 1324 s.
1306 1302 1342 1325 v.
1384 1288 1553 1326 Dumium

887 1347 995 1397 [pag.
1018 1346 1072 1387 52
1093 1343 1154 1382 ed.
1175 1343 1378 1392 Lindem.]
1402 1353 1439 1382 et
1464 1346 1553 1382 Ma-

886 1404 990 1440 crob.
1013 1402 1094 1442 Sat.
1115 1403 1144 1449 1,
1167 1405 1230 1449 12,
1252 1400 1354 1438 unde
1365 1403 1551 1452 Magnam

884 1461 1008 1496 Deam
1022 1490 1031 1507 ‚
1082 1471 1199 1510 quam
1239 1459 1406 1494 Romani
1444 1459 1551 1495 cole-

883 1517 996 1563 bant,
1027 1515 1196 1552 Damiam
1224 1514 1339 1552 fuisse
1373 1523 1550 1553 vocatam

883 1571 1076 1619 discimus,
1106 1572 1277 1622 itemque
1297 1570 1467 1609 Damium
1487 1585 1549 1609 sa—

881 1629 1069 1667 crificium
1088 1629 1127 1664 in
1148 1629 1281 1664 Bonae
1295 1629 1400 1665 Deae
1420 1627 1549 1666 hono-

880 1700 963 1724 rem
1004 1685 1177 1723 oblatum
1219 1684 1550 1736 Damz'atrz'cemque

881 1745 962 1780 eius
995 1742 1089 1779 deae
1116 1740 1367 1779 sacerdotem.
1435 1741 1547 1779 Unde

881 1798 995 1867 apud
1005 1800 1236 1836 Tarentinos
1260 1799 1398 1835 siiuilia
1428 1812 1545 1847 sacra,

882 1859 914 1895 si
935 1855 1104 1921 qmdem
1121 1854 1214 1892 fides
1243 1853 1437 1906 Hesychio
1468 1856 1486 1891 1
1504 1869 1543 1907 p.

883 1916 987 1956 883:
1041 1907 1219 1963 Δαμεια·
1274 1908 1390 1963 ἓορτη
1435 1927 1546 1961 παρα

889 1968 1172 2022 Ταραντίνους.
1194 1969 1323 2019 Atque
1341 1966 1447 2005 haud
1467 1970 1544 2006 scio

878 2041 927 2064 an
939 2025 1077 2064 eodem
1089 2027 1291 2076 respiciant
1303 2027 1543 2061 Damname-

877 2097 972 2121 neus
1002 2082 1113 2120 Ideus
1142 2089 1178 2119 et
1205 2082 1432 2132 Proserpina
1465 2082 1543 2134 Cy—

878 2142 1009 2178 zicena
1021 2153 1119 2192 quae
1131 2145 1290 2177 vocatur
1300 2135 1438 2188 Δόμνα
1453 2135 1543 2177 Σαί-

876 2213 998 2249 τειρα.
1034 2197 1140 2242 Quae
1161 2209 1251 2233 cum
1266 2197 1318 2232 ita
1338 2197 1425 2242 sint,
1446 2194 1542 2232 mihi

878 2253 1035 2307 quidem
1055 2255 1121 2291 vix
1143 2252 1316 2300 dubium,
1346 2254 1440 2304 quin
1461 2256 1541 2291 Δα-

876 2312 970 2363 μίας
990 2324 1134 2348 nomen
1157 2309 1205 2347 ad
1223 2310 1402 2346 Cererem
1421 2311 1540 2360 perti—

874 2376 963 2405 neat
975 2397 988 2415 ,
1009 2381 1108 2420 quae
1127 2363 1320 2418 Δαμάτηρ
1338 2379 1360 2402 a
1376 2366 1541 2403 Doribus

873 2426 1015 2477 passim
1054 2431 1187 2462 vocata
1228 2424 1386 2475 aliisque
1427 2424 1542 2459 etiam

874 2482 1059 2520 similibus
1108 2480 1195 2517 hinc-
1246 2480 1542 2531 cognominibus

875 2546 1007 2577 ornata
1030 2545 1106 2585 est,
1137 2539 1176 2573 in
1206 2537 1343 2589 quibus
1364 2537 1542 2573 omuibus

874 2597 936 2633 vel
958 2595 1074 2634 dandi
1096 2594 1292 2632 donandae
1321 2595 1428 2630 notio
1447 2593 1541 2630 sub*

873 2654 920 2690 sit
940 2653 1001 2690 vel
1022 2651 1070 2689 ad
1090 2651 1280 2702 populun}
1299 2663 1455 2686 omnem
1477 2663 1539 2685 re-

873 2710 1073 2760 spiciatur,
1109 2710 1160 2745 ita
1191 2714 1234 2744 ut
1267 2707 1378 2743 Ceres
1399 2708 1535 2742 Daulia

875 2768 1033 2803 civitatis
1054 2766 1161 2817 quasi
1193 2762 1437 2815 perhibeatur
1458 2762 1539 2806 dea,

875 2835 973 2874 quae
995 2823 1101 2859 omni
1123 2821 1266 2872 populo
1296 2820 1458 2856 salutem
1480 2817 1537 2853 af-
