<?xml version="1.0" encoding="UTF-8"?>
<!DOCTYPE html PUBLIC "-//W3C//DTD XHTML 1.0 Transitional//EN"
    "http://www.w3.org/TR/xhtml1/DTD/xhtml1-transitional.dtd">
<html xmlns="http://www.w3.org/1999/xhtml" xml:lang="en" lang="en">
 <head>
  <title>
</title>
<meta http-equiv="Content-Type" content="text/html;charset=utf-8" />
  <meta name='ocr-system' content='tesseract 3.04.00' />
  <meta name='ocr-capabilities' content='ocr_page ocr_carea ocr_par ocr_line ocrx_word'/>
</head>
<body>
  <div class='ocr_page' id='page_1' title='image "./musaeher03hero/musaeher03hero_0756.png"; bbox 0 0 1897 3340; ppageno 0'>
   <div class='ocr_carea' id='block_1_1' title="bbox 222 302 321 347">
    <p class='ocr_par' dir='ltr' id='par_1_1' title="bbox 222 302 321 347">
     <span class='ocr_line' id='line_1_1' title="bbox 222 302 321 347; baseline 0.01 -1"><span class='ocrx_word' id='word_1_1' title='bbox 222 302 321 347; x_wconf 71' lang='lat'>194</span> 
     </span>
    </p>
   </div>
   <div class='ocr_carea' id='block_1_2' title="bbox 52 366 309 433">
    <p class='ocr_par' dir='ltr' id='par_1_2' title="bbox 52 366 295 426">
     <span class='ocr_line' id='line_1_2' title="bbox 52 366 294 401; baseline 0 -9"><span class='ocrx_word' id='word_1_2' title='bbox 52 374 153 393; x_wconf 79' lang='lat' dir='ltr'>carum</span> <span class='ocrx_word' id='word_1_3' title='bbox 173 366 294 401; x_wconf 77' lang='lat' dir='ltr'>qundo</span> 
     </span>
     <span class='ocr_line' id='line_1_3' title="bbox 52 399 309 433; baseline 0 -7"><span class='ocrx_word' id='word_1_4' title='bbox 52 401 77 426; x_wconf 88' lang='lat' dir='ltr'>ci</span> <span class='ocrx_word' id='word_1_5' title='bbox 71 408 119 433; x_wconf 84' lang='grc' dir='ltr'><strong>ιιιι,</strong></span> <span class='ocrx_word' id='word_1_6' title='bbox 140 399 214 426; x_wconf 69' lang='lat' dir='ltr'>duc(</span> <span class='ocrx_word' id='word_1_7' title='bbox 233 400 309 426; x_wconf 72' lang='lat' dir='ltr'>Sar-1</span> 
     </span>
    </p>
   </div>
   <div class='ocr_carea' id='block_1_3' title="bbox 53 434 324 494">
    <p class='ocr_par' dir='ltr' id='par_1_3' title="bbox 53 434 324 494">
     <span class='ocr_line' id='line_1_4' title="bbox 53 434 324 472; baseline 0.008 -13.077"><span class='ocrx_word' id='word_1_8' title='bbox 53 434 79 459; x_wconf 73' lang='grc' dir='ltr'>ιιΙ</span> <span class='ocrx_word' id='word_1_9' title='bbox 83 441 136 466; x_wconf 65' lang='lat' dir='ltr'>vce,</span> <span class='ocrx_word' id='word_1_10' title='bbox 158 442 184 472; x_wconf 74' lang='lat' dir='ltr'>q·</span> <span class='ocrx_word' id='word_1_11' title='bbox 188 441 245 460; x_wconf 76' lang='lat' dir='ltr'>iem</span> <span class='ocrx_word' id='word_1_12' title='bbox 264 434 324 461; x_wconf 76' lang='lat' dir='ltr'>Da-</span> 
     </span>
     <span class='ocr_line' id='line_1_5' title="bbox 53 467 323 494; baseline 0.004 -1"><span class='ocrx_word' id='word_1_13' title='bbox 53 467 89 493; x_wconf 66' lang='lat' dir='ltr'>rin</span> <span class='ocrx_word' id='word_1_14' title='bbox 92 475 141 493; x_wconf 74' lang='lat' dir='ltr'>nso</span> <span class='ocrx_word' id='word_1_15' title='bbox 126 467 163 492; x_wconf 89' lang='lat' dir='ltr'>oli</span> <span class='ocrx_word' id='word_1_16' title='bbox 158 476 194 493; x_wconf 90' lang='grc' dir='ltr'>ιιι</span> <span class='ocrx_word' id='word_1_17' title='bbox 205 467 323 494; x_wconf 82' lang='lat' dir='ltr'>obcau-</span> 
     </span>
    </p>
   </div>
   <div class='ocr_carea' id='block_1_4' title="bbox 51 500 320 662">
    <p class='ocr_par' dir='ltr' id='par_1_4' title="bbox 51 500 320 662">
     <span class='ocr_line' id='line_1_6' title="bbox 52 500 309 527; baseline 0 -1"><span class='ocrx_word' id='word_1_18' title='bbox 52 509 115 526; x_wconf 76' lang='lat' dir='ltr'>sam</span> <span class='ocrx_word' id='word_1_19' title='bbox 135 501 246 527; x_wconf 74' lang='lat' dir='ltr'>iniuste</span> <span class='ocrx_word' id='word_1_20' title='bbox 263 500 309 526; x_wconf 85' lang='lat' dir='ltr'>iu-</span> 
     </span>
     <span class='ocr_line' id='line_1_7' title="bbox 52 533 308 568; baseline 0.004 -8"><span class='ocrx_word' id='word_1_21' title='bbox 52 533 179 560; x_wconf 75' lang='lat' dir='ltr'>dicatam</span> <span class='ocrx_word' id='word_1_22' title='bbox 198 533 308 568; x_wconf 75' lang='lat' dir='ltr'>capitis</span> 
     </span>
     <span class='ocr_line' id='line_1_8' title="bbox 51 567 259 601; baseline 0 -8"><span class='ocrx_word' id='word_1_23' title='bbox 51 567 138 593; x_wconf 80' lang='lat' dir='ltr'>damn</span> <span class='ocrx_word' id='word_1_24' title='bbox 122 576 172 593; x_wconf 66' lang='lat' dir='ltr'>nai</span> <span class='ocrx_word' id='word_1_25' title='bbox 163 572 259 601; x_wconf 68' lang='lat' dir='ltr'>verat,</span> 
     </span>
     <span class='ocr_line' id='line_1_9' title="bbox 52 601 287 627; baseline 0.004 -1"><span class='ocrx_word' id='word_1_26' title='bbox 52 601 238 627; x_wconf 73' lang='lat' dir='ltr'>Graecorum</span> <span class='ocrx_word' id='word_1_27' title='bbox 257 601 287 627; x_wconf 89' lang='lat' dir='ltr'>in</span> 
     </span>
     <span class='ocr_line' id='line_1_10' title="bbox 51 633 320 662; baseline -0.007 0"><span class='ocrx_word' id='word_1_28' title='bbox 51 642 156 662; x_wconf 81' lang='lat' dir='ltr'>manus</span> <span class='ocrx_word' id='word_1_29' title='bbox 177 633 320 662; x_wconf 85' lang='lat' dir='ltr'>incidunt.</span> 
     </span>
    </p>
   </div>
   <div class='ocr_carea' id='block_1_5' title="bbox 382 193 465 233">
    <p class='ocr_par' dir='ltr' id='par_1_5' title="bbox 382 193 465 233">
     <span class='ocr_line' id='line_1_11' title="bbox 382 193 465 233; baseline -0.012 0"><span class='ocrx_word' id='word_1_30' title='bbox 382 193 465 233; x_wconf 77' lang='lat'>742</span> 
     </span>
    </p>
   </div>
   <div class='ocr_carea' id='block_1_6' title="bbox 379 293 1259 355">
    <p class='ocr_par' dir='ltr' id='par_1_6' title="bbox 379 293 1259 355">
     <span class='ocr_line' id='line_1_12' title="bbox 379 293 1259 355; baseline -0.001 -12"><span class='ocrx_word' id='word_1_31' title='bbox 379 314 439 355; x_wconf 83' lang='grc' dir='ltr'><strong><em>τῳ</em></strong></span> <span class='ocrx_word' id='word_1_32' title='bbox 478 293 540 342; x_wconf 77' lang='grc' dir='ltr'><strong><em>ὦν</em></strong></span> <span class='ocrx_word' id='word_1_33' title='bbox 568 297 708 354; x_wconf 83' lang='grc' dir='ltr'><strong><em>ὅρμον</em></strong></span> <span class='ocrx_word' id='word_1_34' title='bbox 739 301 782 343; x_wconf 84' lang='grc' dir='ltr'>οἱ</span> <span class='ocrx_word' id='word_1_35' title='bbox 825 299 992 354; x_wconf 80' lang='grc' dir='ltr'><strong><em>Ξέρξεω</em></strong></span> <span class='ocrx_word' id='word_1_36' title='bbox 1021 300 1259 343; x_wconf 80' lang='grc' dir='ltr'><strong>ἐποιεῦντο.</strong></span> 
     </span>
    </p>
   </div>
   <div class='ocr_carea' id='block_1_7' title="bbox 778 191 1231 230">
    <p class='ocr_par' dir='ltr' id='par_1_7' title="bbox 778 191 1231 230">
     <span class='ocr_line' id='line_1_13' title="bbox 778 191 1231 230; baseline 0 -2"><span class='ocrx_word' id='word_1_37' title='bbox 778 191 1231 230; x_wconf 82' lang='lat' dir='ltr'>HERODOTI</span> 
     </span>
    </p>
   </div>
   <div class='ocr_carea' id='block_1_8' title="bbox 1320 301 1634 345">
    <p class='ocr_par' dir='ltr' id='par_1_8' title="bbox 1320 301 1634 345">
     <span class='ocr_line' id='line_1_14' title="bbox 1320 301 1634 345; baseline 0.01 -3"><span class='ocrx_word' id='word_1_38' title='bbox 1320 301 1634 345; x_wconf 84' lang='grc' dir='ltr'><strong><em>Πεντεκαίδεκα</em></strong></span> 
     </span>
    </p>
   </div>
   <div class='ocr_carea' id='block_1_9' title="bbox 386 366 1636 423">
    <p class='ocr_par' dir='ltr' id='par_1_9' title="bbox 386 366 1636 423">
     <span class='ocr_line' id='line_1_15' title="bbox 386 366 1636 423; baseline 0.002 -13"><span class='ocrx_word' id='word_1_39' title='bbox 386 367 432 410; x_wconf 80' lang='grc' dir='ltr'>δὲ</span> <span class='ocrx_word' id='word_1_40' title='bbox 469 370 556 410; x_wconf 78' lang='grc' dir='ltr'>τῶν</span> <span class='ocrx_word' id='word_1_41' title='bbox 592 367 712 423; x_wconf 84' lang='grc' dir='ltr'>νηῶν</span> <span class='ocrx_word' id='word_1_42' title='bbox 749 369 939 411; x_wconf 80' lang='grc' dir='ltr'><strong><em>τουτέων</em></strong></span> <span class='ocrx_word' id='word_1_43' title='bbox 979 366 1132 423; x_wconf 77' lang='grc' dir='ltr'><strong><em>ἔτυχόν</em></strong></span> <span class='ocrx_word' id='word_1_44' title='bbox 1159 383 1203 410; x_wconf 90' lang='grc' dir='ltr'>τε</span> <span class='ocrx_word' id='word_1_45' title='bbox 1248 366 1428 410; x_wconf 80' lang='grc' dir='ltr'><em>ὕσταται</em></span> <span class='ocrx_word' id='word_1_46' title='bbox 1471 369 1636 412; x_wconf 80' lang='grc' dir='ltr'><strong><em>πολλόν</em></strong></span> 
     </span>
    </p>
   </div>
   <div class='ocr_carea' id='block_1_10' title="bbox 381 433 1634 494">
    <p class='ocr_par' dir='ltr' id='par_1_10' title="bbox 381 433 1634 494">
     <span class='ocr_line' id='line_1_16' title="bbox 381 433 1634 494; baseline 0 -15"><span class='ocrx_word' id='word_1_47' title='bbox 381 435 702 491; x_wconf 81' lang='grc' dir='ltr'><strong><em>ἐξαναχθεῖσαι,</em></strong></span> <span class='ocrx_word' id='word_1_48' title='bbox 743 435 817 478; x_wconf 73' lang='grc' dir='ltr'><strong><em>καί</em></strong></span> <span class='ocrx_word' id='word_1_49' title='bbox 851 451 939 486; x_wconf 82' lang='grc' dir='ltr'>κως</span> <span class='ocrx_word' id='word_1_50' title='bbox 966 437 1165 479; x_wconf 81' lang='grc' dir='ltr'><strong><em>κατεῖδον</em></strong></span> <span class='ocrx_word' id='word_1_51' title='bbox 1199 433 1274 485; x_wconf 85' lang='grc' dir='ltr'><strong><em>τὰς</em></strong></span> <span class='ocrx_word' id='word_1_52' title='bbox 1300 433 1361 478; x_wconf 84' lang='grc' dir='ltr'>ἐπ’</span> <span class='ocrx_word' id='word_1_53' title='bbox 1389 433 1634 494; x_wconf 81' lang='grc' dir='ltr'><strong><em>Ἀρτεμισίῳ</em></strong></span> 
     </span>
    </p>
   </div>
   <div class='ocr_carea' id='block_1_11' title="bbox 379 501 1691 827">
    <p class='ocr_par' dir='ltr' id='par_1_11' title="bbox 379 501 1691 827">
     <span class='ocr_line' id='line_1_17' title="bbox 379 501 1636 558; baseline -0.002 -10"><span class='ocrx_word' id='word_1_54' title='bbox 379 507 466 548; x_wconf 80' lang='grc' dir='ltr'>τῶν</span> <span class='ocrx_word' id='word_1_55' title='bbox 495 501 713 558; x_wconf 83' lang='grc' dir='ltr'><strong><em>Ἑλλήνων</em></strong></span> <span class='ocrx_word' id='word_1_56' title='bbox 740 505 861 558; x_wconf 82' lang='grc' dir='ltr'><strong><em>νῆας,</em></strong></span> <span class='ocrx_word' id='word_1_57' title='bbox 893 502 1048 554; x_wconf 78' lang='grc' dir='ltr'><strong><em>ἔδοξάν</em></strong></span> <span class='ocrx_word' id='word_1_58' title='bbox 1076 519 1121 546; x_wconf 88' lang='grc' dir='ltr'>τε</span> <span class='ocrx_word' id='word_1_59' title='bbox 1151 502 1203 558; x_wconf 78' lang='grc' dir='ltr'>δή</span> <span class='ocrx_word' id='word_1_60' title='bbox 1234 502 1309 553; x_wconf 78' lang='grc' dir='ltr'><strong><em>τὰς</em></strong></span> <span class='ocrx_word' id='word_1_61' title='bbox 1339 502 1546 557; x_wconf 79' lang='grc' dir='ltr'><strong><em>σφετέρας</em></strong></span> <span class='ocrx_word' id='word_1_62' title='bbox 1575 501 1636 546; x_wconf 84' lang='grc' dir='ltr'>εἶ-</span> 
     </span>
     <span class='ocr_line' id='line_1_18' title="bbox 379 568 1636 627; baseline -0.002 -11"><span class='ocrx_word' id='word_1_63' title='bbox 379 588 453 616; x_wconf 90' lang='grc' dir='ltr'>ναι</span> <span class='ocrx_word' id='word_1_64' title='bbox 474 573 517 615; x_wconf 76' lang='grc' dir='ltr'>οἱ</span> <span class='ocrx_word' id='word_1_65' title='bbox 546 568 782 627; x_wconf 78' lang='grc' dir='ltr'><strong><em>βάρβαροι,</em></strong></span> <span class='ocrx_word' id='word_1_66' title='bbox 809 569 883 612; x_wconf 82' lang='grc' dir='ltr'><strong><em>καὶ</em></strong></span> <span class='ocrx_word' id='word_1_67' title='bbox 913 569 1114 621; x_wconf 83' lang='grc' dir='ltr'><strong><em>πλέοντες</em></strong></span> <span class='ocrx_word' id='word_1_68' title='bbox 1143 570 1342 614; x_wconf 80' lang='grc' dir='ltr'><strong><em>ἐσέπεσον</em></strong></span> <span class='ocrx_word' id='word_1_69' title='bbox 1370 570 1411 621; x_wconf 85' lang='grc' dir='ltr'>ἐς</span> <span class='ocrx_word' id='word_1_70' title='bbox 1425 570 1530 621; x_wconf 80' lang='grc' dir='ltr'>τούς</span> <span class='ocrx_word' id='word_1_71' title='bbox 1558 585 1636 614; x_wconf 92' lang='grc' dir='ltr'>πο-</span> 
     </span>
     <span class='ocr_line' id='line_1_19' title="bbox 379 634 1691 716; baseline -0.003 -34"><span class='ocrx_word' id='word_1_72' title='bbox 379 639 569 693; x_wconf 82' lang='grc' dir='ltr'><strong><em>λεμίους·</em></strong></span> <span class='ocrx_word' id='word_1_73' title='bbox 598 639 687 679; x_wconf 78' lang='grc' dir='ltr'>τῶν</span> <span class='ocrx_word' id='word_1_74' title='bbox 706 635 954 692; x_wconf 78' lang='grc' dir='ltr'><strong><em>ἐστρατήγεε</em></strong></span> <span class='ocrx_word' id='word_1_75' title='bbox 984 635 1007 680; x_wconf 91' lang='grc' dir='ltr'>ὁ</span> <span class='ocrx_word' id='word_1_76' title='bbox 1035 634 1120 680; x_wconf 74' lang='grc' dir='ltr'>ἀπὸ</span> <span class='ocrx_word' id='word_1_77' title='bbox 1152 636 1305 716; x_wconf 83' lang='grc' dir='ltr'><strong><em>Κύμης</em></strong></span> <span class='ocrx_word' id='word_1_78' title='bbox 1333 640 1407 692; x_wconf 83' lang='grc' dir='ltr'><strong><em>τῆς</em></strong></span> <span class='ocrx_word' id='word_1_79' title='bbox 1436 639 1636 689; x_wconf 82' lang='grc' dir='ltr'><strong><em>Αἰολίδος</em></strong></span> <span class='ocrx_word' id='word_1_80' title='bbox 1647 646 1691 680; x_wconf 86' lang='grc'>80</span> 
     </span>
     <span class='ocr_line' id='line_1_20' title="bbox 379 701 1636 759; baseline 0 -11"><span class='ocrx_word' id='word_1_81' title='bbox 379 706 574 759; x_wconf 79' lang='grc' dir='ltr'><strong><em>ὕπαρχος</em></strong></span> <span class='ocrx_word' id='word_1_82' title='bbox 616 703 856 758; x_wconf 77' lang='grc' dir='ltr'><strong><em>Σανδώκης</em></strong></span> <span class='ocrx_word' id='word_1_83' title='bbox 893 701 917 746; x_wconf 89' lang='grc' dir='ltr'>ὁ</span> <span class='ocrx_word' id='word_1_84' title='bbox 949 704 1200 758; x_wconf 83' lang='grc' dir='ltr'><strong><em>Θαμασίου·</em></strong></span> <span class='ocrx_word' id='word_1_85' title='bbox 1236 703 1314 746; x_wconf 90' lang='grc' dir='ltr'>τὸν</span> <span class='ocrx_word' id='word_1_86' title='bbox 1343 704 1396 758; x_wconf 86' lang='grc' dir='ltr'>δὴ</span> <span class='ocrx_word' id='word_1_87' title='bbox 1425 706 1636 759; x_wconf 88' lang='grc' dir='ltr'><strong><em>πρότερον</em></strong></span> 
     </span>
     <span class='ocr_line' id='line_1_21' title="bbox 379 768 1635 827; baseline 0 -12"><span class='ocrx_word' id='word_1_88' title='bbox 379 772 549 815; x_wconf 79' lang='grc' dir='ltr'><strong><em>τούτων</em></strong></span> <span class='ocrx_word' id='word_1_89' title='bbox 588 770 793 825; x_wconf 83' lang='grc' dir='ltr'><strong><em>βασιλεὺς</em></strong></span> <span class='ocrx_word' id='word_1_90' title='bbox 821 774 1030 824; x_wconf 82' lang='grc' dir='ltr'><strong><em>Δαρεῖος,</em></strong></span> <span class='ocrx_word' id='word_1_91' title='bbox 1061 768 1124 813; x_wconf 84' lang='grc' dir='ltr'>ἐπ’</span> <span class='ocrx_word' id='word_1_92' title='bbox 1154 771 1267 826; x_wconf 80' lang='grc' dir='ltr'><strong><em>αἰτίῃ</em></strong></span> <span class='ocrx_word' id='word_1_93' title='bbox 1297 773 1443 827; x_wconf 80' lang='grc' dir='ltr'><strong><em>τοιῇδε</em></strong></span> <span class='ocrx_word' id='word_1_94' title='bbox 1473 771 1635 827; x_wconf 76' lang='grc' dir='ltr'><strong><em>λαβών,</em></strong></span> 
     </span>
    </p>
   </div>
   <div class='ocr_carea' id='block_1_12' title="bbox 379 836 1560 894">
    <p class='ocr_par' dir='ltr' id='par_1_12' title="bbox 379 836 1560 894">
     <span class='ocr_line' id='line_1_22' title="bbox 379 836 1560 894; baseline -0.001 -12"><span class='ocrx_word' id='word_1_95' title='bbox 379 836 682 893; x_wconf 86' lang='grc' dir='ltr'><strong><em>ανεσταύρωσε</em></strong></span> <span class='ocrx_word' id='word_1_96' title='bbox 730 836 858 882; x_wconf 81' lang='grc' dir='ltr'><strong><em>ἐόντα</em></strong></span> <span class='ocrx_word' id='word_1_97' title='bbox 896 842 984 881; x_wconf 75' lang='grc' dir='ltr'>τῶν</span> <span class='ocrx_word' id='word_1_98' title='bbox 1024 838 1262 894; x_wconf 79' lang='grc' dir='ltr'><strong><em>βασιληΐων</em></strong></span> <span class='ocrx_word' id='word_1_99' title='bbox 1301 838 1560 881; x_wconf 83' lang='grc' dir='ltr'><strong><em>δικαστέων·</em></strong></span> 
     </span>
    </p>
   </div>
   <div class='ocr_carea' id='block_1_13' title="bbox 1612 855 1637 882">
    <p class='ocr_par' dir='ltr' id='par_1_13' title="bbox 1612 855 1637 882">
     <span class='ocr_line' id='line_1_23' title="bbox 1612 855 1637 882; baseline 0 0"><span class='ocrx_word' id='word_1_100' title='bbox 1612 855 1637 882; x_wconf 87' lang='grc'><strong>0</strong></span> 
     </span>
    </p>
   </div>
   <div class='ocr_carea' id='block_1_14' title="bbox 351 902 1693 1164">
    <p class='ocr_par' dir='ltr' id='par_1_14' title="bbox 351 902 1693 1164">
     <span class='ocr_line' id='line_1_24' title="bbox 351 902 1693 961; baseline 0 -13"><span class='ocrx_word' id='word_1_101' title='bbox 351 905 624 961; x_wconf 72' lang='grc' dir='ltr'><strong><em>ΞΣανδωκης</em></strong></span> <span class='ocrx_word' id='word_1_102' title='bbox 652 905 721 948; x_wconf 86' lang='grc' dir='ltr'>ἐπὶ</span> <span class='ocrx_word' id='word_1_103' title='bbox 750 903 936 960; x_wconf 86' lang='grc' dir='ltr'><strong><em>χρήμασι</em></strong></span> <span class='ocrx_word' id='word_1_104' title='bbox 966 902 1119 947; x_wconf 76' lang='grc' dir='ltr'><strong><em>ἄδικον</em></strong></span> <span class='ocrx_word' id='word_1_105' title='bbox 1148 905 1274 958; x_wconf 86' lang='grc' dir='ltr'><strong><em>δίκην</em></strong></span> <span class='ocrx_word' id='word_1_106' title='bbox 1303 903 1487 947; x_wconf 77' lang='grc' dir='ltr'><strong><em>ἐδίκασε.</em></strong></span> <span class='ocrx_word' id='word_1_107' title='bbox 1525 904 1635 948; x_wconf 81' lang='grc' dir='ltr'><strong><em>ἀνα-</em></strong></span> <span class='ocrx_word' id='word_1_108' title='bbox 1648 913 1693 948; x_wconf 88' lang='grc'>85</span> 
     </span>
     <span class='ocr_line' id='line_1_25' title="bbox 378 968 1636 1030; baseline -0.002 -12"><span class='ocrx_word' id='word_1_109' title='bbox 378 972 698 1030; x_wconf 80' lang='grc' dir='ltr'><strong><em>κρεμασθέντος</em></strong></span> <span class='ocrx_word' id='word_1_110' title='bbox 728 973 790 1015; x_wconf 80' lang='grc' dir='ltr'><strong><em>ὠν</em></strong></span> <span class='ocrx_word' id='word_1_111' title='bbox 819 970 971 1024; x_wconf 81' lang='grc' dir='ltr'><strong><em>αὐτοῦ,</em></strong></span> <span class='ocrx_word' id='word_1_112' title='bbox 1000 971 1275 1027; x_wconf 81' lang='grc' dir='ltr'><strong><em>λογιζόμενος</em></strong></span> <span class='ocrx_word' id='word_1_113' title='bbox 1305 969 1542 1026; x_wconf 86' lang='grc' dir='ltr'><strong><em>ὁΔαρεῖος,</em></strong></span> <span class='ocrx_word' id='word_1_114' title='bbox 1570 968 1636 1016; x_wconf 80' lang='grc' dir='ltr'>εὗ-</span> 
     </span>
     <span class='ocr_line' id='line_1_26' title="bbox 379 1038 1640 1095; baseline -0.002 -11"><span class='ocrx_word' id='word_1_115' title='bbox 379 1042 429 1094; x_wconf 80' lang='grc' dir='ltr'>ρέ</span> <span class='ocrx_word' id='word_1_116' title='bbox 459 1042 503 1083; x_wconf 78' lang='grc' dir='ltr'>οἵ</span> <span class='ocrx_word' id='word_1_117' title='bbox 528 1039 642 1083; x_wconf 88' lang='grc' dir='ltr'><strong><em>πλέω</em></strong></span> <span class='ocrx_word' id='word_1_118' title='bbox 664 1038 810 1095; x_wconf 80' lang='grc' dir='ltr'><strong><em>οἷγαθα</em></strong></span> <span class='ocrx_word' id='word_1_119' title='bbox 841 1055 929 1083; x_wconf 89' lang='grc' dir='ltr'>των</span> <span class='ocrx_word' id='word_1_120' title='bbox 959 1038 1276 1095; x_wconf 82' lang='grc' dir='ltr'><strong><em>ἁμαρτημάτων</em></strong></span> <span class='ocrx_word' id='word_1_121' title='bbox 1305 1039 1570 1094; x_wconf 83' lang='grc' dir='ltr'><strong><em>πεποιημένα</em></strong></span> <span class='ocrx_word' id='word_1_122' title='bbox 1596 1039 1640 1090; x_wconf 85' lang='grc' dir='ltr'>ἐς</span> 
     </span>
     <span class='ocr_line' id='line_1_27' title="bbox 379 1104 1639 1164; baseline -0.001 -13"><span class='ocrx_word' id='word_1_123' title='bbox 379 1106 506 1152; x_wconf 81' lang='grc' dir='ltr'><strong><em>οἶκον</em></strong></span> <span class='ocrx_word' id='word_1_124' title='bbox 545 1106 625 1151; x_wconf 80' lang='grc' dir='ltr'>τόν</span> <span class='ocrx_word' id='word_1_125' title='bbox 662 1106 912 1164; x_wconf 84' lang='grc' dir='ltr'><strong><em>βασιλήϊον·</em></strong></span> <span class='ocrx_word' id='word_1_126' title='bbox 953 1105 1097 1163; x_wconf 76' lang='grc' dir='ltr'><strong><em>εὑρών</em></strong></span> <span class='ocrx_word' id='word_1_127' title='bbox 1133 1105 1179 1150; x_wconf 82' lang='grc' dir='ltr'>δὲ</span> <span class='ocrx_word' id='word_1_128' title='bbox 1215 1108 1348 1148; x_wconf 82' lang='grc' dir='ltr'><strong><em>τοῦτο</em></strong></span> <span class='ocrx_word' id='word_1_129' title='bbox 1384 1104 1407 1148; x_wconf 87' lang='grc' dir='ltr'>ὁ</span> <span class='ocrx_word' id='word_1_130' title='bbox 1436 1111 1639 1162; x_wconf 83' lang='grc' dir='ltr'><strong><em>Δαρεῖος,</em></strong></span> 
     </span>
    </p>
   </div>
   <div class='ocr_carea' id='block_1_15' title="bbox 328 1204 602 1212">
    <p class='ocr_par' dir='ltr' id='par_1_15' title="bbox 328 1204 602 1212">
     <span class='ocr_line' id='line_1_28' title="bbox 328 1204 602 1212; baseline 0 0"><span class='ocrx_word' id='word_1_131' title='bbox 328 1204 602 1212; x_wconf 95' lang='lat' dir='ltr'> </span> 
     </span>
    </p>
   </div>
   <div class='ocr_carea' id='block_1_16' title="bbox 321 1263 983 1597">
    <p class='ocr_par' dir='ltr' id='par_1_16' title="bbox 321 1263 983 1597">
     <span class='ocr_line' id='line_1_29' title="bbox 323 1263 983 1322; baseline -0.005 -15"><span class='ocrx_word' id='word_1_132' title='bbox 323 1282 427 1319; x_wconf 87' lang='grc' dir='ltr'><strong><em>νομα</em></strong></span> <span class='ocrx_word' id='word_1_133' title='bbox 450 1265 586 1322; x_wconf 83' lang='grc' dir='ltr'><strong><em>γέγονε</em></strong></span> <span class='ocrx_word' id='word_1_134' title='bbox 609 1263 803 1318; x_wconf 81' lang='grc' dir='ltr'><strong><em>Ἀφέται]</em></strong></span> <span class='ocrx_word' id='word_1_135' title='bbox 833 1269 892 1305; x_wconf 89' lang='lat' dir='ltr'>De</span> <span class='ocrx_word' id='word_1_136' title='bbox 911 1281 983 1305; x_wconf 92' lang='lat' dir='ltr'>usu</span> 
     </span>
     <span class='ocr_line' id='line_1_30' title="bbox 322 1323 983 1375; baseline 0.002 -15"><span class='ocrx_word' id='word_1_137' title='bbox 322 1325 608 1375; x_wconf 83' lang='lat' dir='ltr'>praepositionis</span> <span class='ocrx_word' id='word_1_138' title='bbox 643 1323 707 1364; x_wconf 85' lang='grc' dir='ltr'>ἐπὶ</span> <span class='ocrx_word' id='word_1_139' title='bbox 738 1324 787 1362; x_wconf 86' lang='lat' dir='ltr'><strong>cf.</strong></span> <span class='ocrx_word' id='word_1_140' title='bbox 815 1331 910 1363; x_wconf 82' lang='lat' dir='ltr'><strong>nott.</strong></span> <span class='ocrx_word' id='word_1_141' title='bbox 933 1323 983 1361; x_wconf 82' lang='lat' dir='ltr'>acl</span> 
     </span>
     <span class='ocr_line' id='line_1_31' title="bbox 321 1377 982 1431; baseline 0.003 -14"><span class='ocrx_word' id='word_1_142' title='bbox 321 1381 386 1429; x_wconf 83' lang='lat' dir='ltr'>IV,</span> <span class='ocrx_word' id='word_1_143' title='bbox 420 1380 487 1420; x_wconf 90' lang='lat'>45.</span> <span class='ocrx_word' id='word_1_144' title='bbox 514 1377 681 1431; x_wconf 80' lang='grc' dir='ltr'><strong><em>Ἀφέται</em></strong></span> <span class='ocrx_word' id='word_1_145' title='bbox 708 1379 760 1430; x_wconf 88' lang='lat' dir='ltr'><strong>(i.</strong></span> <span class='ocrx_word' id='word_1_146' title='bbox 781 1394 815 1417; x_wconf 90' lang='lat' dir='ltr'>e.</span> <span class='ocrx_word' id='word_1_147' title='bbox 842 1381 982 1431; x_wconf 72' lang='lat' dir='ltr'>Rheae)</span> 
     </span>
     <span class='ocr_line' id='line_1_32' title="bbox 321 1438 983 1488; baseline 0 -14"><span class='ocrx_word' id='word_1_148' title='bbox 321 1438 407 1474; x_wconf 89' lang='lat' dir='ltr'>loco</span> <span class='ocrx_word' id='word_1_149' title='bbox 438 1450 604 1485; x_wconf 82' lang='lat' dir='ltr'>nomen,</span> <span class='ocrx_word' id='word_1_150' title='bbox 634 1444 677 1474; x_wconf 89' lang='lat' dir='ltr'>ut</span> <span class='ocrx_word' id='word_1_151' title='bbox 707 1450 757 1473; x_wconf 84' lang='lat' dir='ltr'>ex</span> <span class='ocrx_word' id='word_1_152' title='bbox 782 1450 858 1488; x_wconf 91' lang='lat' dir='ltr'>quo</span> <span class='ocrx_word' id='word_1_153' title='bbox 878 1439 983 1475; x_wconf 81' lang='lat' dir='ltr'>emis-</span> 
     </span>
     <span class='ocr_line' id='line_1_33' title="bbox 322 1493 982 1540; baseline 0 -11"><span class='ocrx_word' id='word_1_154' title='bbox 322 1495 410 1540; x_wconf 81' lang='lat' dir='ltr'>suri,</span> <span class='ocrx_word' id='word_1_155' title='bbox 451 1493 602 1530; x_wconf 76' lang='lat' dir='ltr'>soluturi</span> <span class='ocrx_word' id='word_1_156' title='bbox 639 1500 746 1530; x_wconf 83' lang='lat' dir='ltr'>erant</span> <span class='ocrx_word' id='word_1_157' title='bbox 776 1493 817 1529; x_wconf 87' lang='lat' dir='ltr'>iu</span> <span class='ocrx_word' id='word_1_158' title='bbox 847 1494 982 1531; x_wconf 89' lang='lat' dir='ltr'><strong>altum.</strong></span> 
     </span>
     <span class='ocr_line' id='line_1_34' title="bbox 321 1548 983 1597; baseline 0.002 -12"><span class='ocrx_word' id='word_1_159' title='bbox 321 1549 388 1586; x_wconf 90' lang='lat' dir='ltr'>Tu</span> <span class='ocrx_word' id='word_1_160' title='bbox 399 1549 516 1586; x_wconf 90' lang='lat' dir='ltr'>modo</span> <span class='ocrx_word' id='word_1_161' title='bbox 534 1556 663 1586; x_wconf 87' lang='lat' dir='ltr'>mente</span> <span class='ocrx_word' id='word_1_162' title='bbox 684 1548 799 1586; x_wconf 85' lang='lat' dir='ltr'>addas</span> <span class='ocrx_word' id='word_1_163' title='bbox 819 1548 912 1597; x_wconf 82' lang='grc' dir='ltr'><strong><em>νέας</em></strong></span> <span class='ocrx_word' id='word_1_164' title='bbox 933 1548 983 1586; x_wconf 82' lang='lat' dir='ltr'>ad</span> 
     </span>
    </p>
   </div>
   <div class='ocr_carea' id='block_1_17' title="bbox 327 1600 982 1656">
    <p class='ocr_par' dir='ltr' id='par_1_17' title="bbox 327 1600 982 1656">
     <span class='ocr_line' id='line_1_35' title="bbox 327 1600 982 1656; baseline 0.003 -15"><span class='ocrx_word' id='word_1_165' title='bbox 327 1605 556 1642; x_wconf 83' lang='lat' dir='ltr'><strong>antecedens</strong></span> <span class='ocrx_word' id='word_1_166' title='bbox 578 1600 766 1656; x_wconf 69' lang='grc' dir='ltr'><strong><em>ἀφήσειν.</em></strong></span> <span class='ocrx_word' id='word_1_167' title='bbox 823 1607 881 1642; x_wconf 89' lang='lat' dir='ltr'>De</span> <span class='ocrx_word' id='word_1_168' title='bbox 900 1607 982 1656; x_wconf 89' lang='lat' dir='ltr'>ipso</span> 
     </span>
    </p>
   </div>
   <div class='ocr_carea' id='block_1_18' title="bbox 319 1660 984 2440">
    <p class='ocr_par' dir='ltr' id='par_1_18' title="bbox 319 1660 984 2440">
     <span class='ocr_line' id='line_1_36' title="bbox 323 1660 980 1710; baseline 0.005 -12"><span class='ocrx_word' id='word_1_169' title='bbox 323 1660 398 1698; x_wconf 88' lang='lat' dir='ltr'>hoc</span> <span class='ocrx_word' id='word_1_170' title='bbox 418 1662 502 1699; x_wconf 91' lang='lat' dir='ltr'>loco</span> <span class='ocrx_word' id='word_1_171' title='bbox 532 1661 635 1699; x_wconf 84' lang='lat' dir='ltr'><strong>conf.</strong></span> <span class='ocrx_word' id='word_1_172' title='bbox 656 1660 798 1698; x_wconf 81' lang='lat' dir='ltr'><strong>Herod.</strong></span> <span class='ocrx_word' id='word_1_173' title='bbox 818 1663 918 1710; x_wconf 90' lang='lat' dir='ltr'>VIII,</span> <span class='ocrx_word' id='word_1_174' title='bbox 942 1661 980 1701; x_wconf 93' lang='lat'>4.</span> 
     </span>
     <span class='ocr_line' id='line_1_37' title="bbox 325 1715 981 1758; baseline -0.005 -1"><span class='ocrx_word' id='word_1_175' title='bbox 325 1720 392 1757; x_wconf 81' lang='lat'>12</span> <span class='ocrx_word' id='word_1_176' title='bbox 421 1720 459 1758; x_wconf 88' lang='lat'><strong>7.</strong></span> <span class='ocrx_word' id='word_1_177' title='bbox 481 1720 519 1758; x_wconf 85' lang='lat'>8·</span> <span class='ocrx_word' id='word_1_178' title='bbox 548 1715 616 1758; x_wconf 85' lang='lat'>74.</span> <span class='ocrx_word' id='word_1_179' title='bbox 646 1716 840 1754; x_wconf 83' lang='lat' dir='ltr'><strong>Plutarch.</strong></span> <span class='ocrx_word' id='word_1_180' title='bbox 873 1717 981 1755; x_wconf 83' lang='lat' dir='ltr'>The-</span> 
     </span>
     <span class='ocr_line' id='line_1_38' title="bbox 321 1773 980 1825; baseline 0.003 -15"><span class='ocrx_word' id='word_1_181' title='bbox 321 1774 422 1810; x_wconf 86' lang='lat' dir='ltr'>mist.</span> <span class='ocrx_word' id='word_1_182' title='bbox 443 1776 469 1813; x_wconf 87' lang='lat'>7</span> <span class='ocrx_word' id='word_1_183' title='bbox 488 1787 527 1824; x_wconf 88' lang='lat' dir='ltr'>p.</span> <span class='ocrx_word' id='word_1_184' title='bbox 552 1773 645 1814; x_wconf 87' lang='lat'><strong>115.</strong></span> <span class='ocrx_word' id='word_1_185' title='bbox 680 1773 814 1823; x_wconf 79' lang='lat' dir='ltr'><strong>steph.</strong></span> <span class='ocrx_word' id='word_1_186' title='bbox 835 1776 930 1825; x_wconf 90' lang='lat' dir='ltr'><strong>Byz.</strong></span> <span class='ocrx_word' id='word_1_187' title='bbox 951 1787 980 1813; x_wconf 91' lang='lat' dir='ltr'><strong>s.</strong></span> 
     </span>
     <span class='ocr_line' id='line_1_39' title="bbox 323 1824 984 1881; baseline -0.002 -14"><span class='ocrx_word' id='word_1_188' title='bbox 323 1843 361 1867; x_wconf 84' lang='lat' dir='ltr'>v.</span> <span class='ocrx_word' id='word_1_189' title='bbox 382 1842 470 1880; x_wconf 82' lang='lat' dir='ltr'><strong>pag.</strong></span> <span class='ocrx_word' id='word_1_190' title='bbox 485 1831 563 1870; x_wconf 82' lang='lat'>199</span> <span class='ocrx_word' id='word_1_191' title='bbox 584 1828 669 1878; x_wconf 87' lang='lat' dir='ltr'>(ubi</span> <span class='ocrx_word' id='word_1_192' title='bbox 684 1824 866 1881; x_wconf 86' lang='grc' dir='ltr'><strong><em>Ἀφεταί)</em></strong></span> <span class='ocrx_word' id='word_1_193' title='bbox 887 1832 984 1867; x_wconf 89' lang='lat' dir='ltr'>Dio-</span> 
     </span>
     <span class='ocr_line' id='line_1_40' title="bbox 323 1885 983 1937; baseline 0.002 -15"><span class='ocrx_word' id='word_1_194' title='bbox 323 1885 404 1922; x_wconf 86' lang='lat' dir='ltr'>dor.</span> <span class='ocrx_word' id='word_1_195' title='bbox 427 1887 513 1923; x_wconf 83' lang='lat' dir='ltr'><strong>Sic.</strong></span> <span class='ocrx_word' id='word_1_196' title='bbox 515 1886 595 1933; x_wconf 85' lang='lat' dir='ltr'>XI,</span> <span class='ocrx_word' id='word_1_197' title='bbox 629 1889 695 1926; x_wconf 80' lang='lat'>12.</span> <span class='ocrx_word' id='word_1_198' title='bbox 718 1887 845 1923; x_wconf 82' lang='lat' dir='ltr'><strong>Strab.</strong></span> <span class='ocrx_word' id='word_1_199' title='bbox 865 1888 923 1923; x_wconf 93' lang='lat' dir='ltr'>IX</span> <span class='ocrx_word' id='word_1_200' title='bbox 943 1901 983 1937; x_wconf 91' lang='lat' dir='ltr'>p.</span> 
     </span>
     <span class='ocr_line' id='line_1_41' title="bbox 323 1937 982 1994; baseline 0 -12"><span class='ocrx_word' id='word_1_201' title='bbox 323 1944 405 1982; x_wconf 88' lang='grc'>666</span> <span class='ocrx_word' id='word_1_202' title='bbox 427 1943 474 1978; x_wconf 92' lang='lat' dir='ltr'>A.</span> <span class='ocrx_word' id='word_1_203' title='bbox 495 1955 524 1978; x_wconf 93' lang='lat' dir='ltr'><strong>s.</strong></span> <span class='ocrx_word' id='word_1_204' title='bbox 544 1955 584 1992; x_wconf 89' lang='lat' dir='ltr'><strong>p.</strong></span> <span class='ocrx_word' id='word_1_205' title='bbox 614 1940 710 1989; x_wconf 84' lang='lat'>436,</span> <span class='ocrx_word' id='word_1_206' title='bbox 734 1944 799 1994; x_wconf 84' lang='lat' dir='ltr'>qui</span> <span class='ocrx_word' id='word_1_207' title='bbox 831 1937 982 1993; x_wconf 81' lang='grc' dir='ltr'><strong><em>αφετή-</em></strong></span> 
     </span>
     <span class='ocr_line' id='line_1_42' title="bbox 323 1998 984 2048; baseline -0.002 -11"><span class='ocrx_word' id='word_1_208' title='bbox 323 2012 412 2048; x_wconf 83' lang='grc' dir='ltr'><strong><em>ριον</em></strong></span> <span class='ocrx_word' id='word_1_209' title='bbox 438 1999 751 2048; x_wconf 83' lang='lat' dir='ltr'>Argonautarum</span> <span class='ocrx_word' id='word_1_210' title='bbox 778 2000 892 2035; x_wconf 89' lang='lat' dir='ltr'>fuisse</span> <span class='ocrx_word' id='word_1_211' title='bbox 913 1998 984 2036; x_wconf 79' lang='lat' dir='ltr'>ad-</span> 
     </span>
     <span class='ocr_line' id='line_1_43' title="bbox 323 2053 389 2092; baseline 0.03 -2"><span class='ocrx_word' id='word_1_212' title='bbox 323 2053 389 2092; x_wconf 85' lang='lat' dir='ltr'><strong>dit.</strong></span> 
     </span>
     <span class='ocr_line' id='line_1_44' title="bbox 322 2109 981 2160; baseline 0.003 -14"><span class='ocrx_word' id='word_1_213' title='bbox 322 2111 451 2147; x_wconf 85' lang='lat' dir='ltr'>vicum</span> <span class='ocrx_word' id='word_1_214' title='bbox 474 2111 587 2146; x_wconf 84' lang='lat' dir='ltr'>fuisse</span> <span class='ocrx_word' id='word_1_215' title='bbox 608 2109 746 2148; x_wconf 85' lang='lat' dir='ltr'>dixeris</span> <span class='ocrx_word' id='word_1_216' title='bbox 763 2110 829 2148; x_wconf 89' lang='lat' dir='ltr'>sed</span> <span class='ocrx_word' id='word_1_217' title='bbox 841 2112 981 2160; x_wconf 86' lang='lat' dir='ltr'>locum,</span> 
     </span>
     <span class='ocr_line' id='line_1_45' title="bbox 322 2166 982 2217; baseline 0.005 -16"><span class='ocrx_word' id='word_1_218' title='bbox 322 2166 362 2201; x_wconf 89' lang='lat' dir='ltr'>in</span> <span class='ocrx_word' id='word_1_219' title='bbox 384 2179 460 2217; x_wconf 92' lang='lat' dir='ltr'>quo</span> <span class='ocrx_word' id='word_1_220' title='bbox 481 2167 590 2203; x_wconf 75' lang='lat' dir='ltr'>statio</span> <span class='ocrx_word' id='word_1_221' title='bbox 611 2166 723 2204; x_wconf 83' lang='lat' dir='ltr'>fuerit</span> <span class='ocrx_word' id='word_1_222' title='bbox 741 2169 910 2215; x_wconf 81' lang='lat' dir='ltr'>navium,</span> <span class='ocrx_word' id='word_1_223' title='bbox 933 2167 982 2204; x_wconf 81' lang='lat' dir='ltr'>ad</span> 
     </span>
     <span class='ocr_line' id='line_1_46' title="bbox 322 2223 982 2271; baseline 0.006 -15"><span class='ocrx_word' id='word_1_224' title='bbox 322 2223 425 2258; x_wconf 87' lang='lat' dir='ltr'>sinus</span> <span class='ocrx_word' id='word_1_225' title='bbox 464 2224 670 2271; x_wconf 79' lang='lat' dir='ltr'>Pagasaei,</span> <span class='ocrx_word' id='word_1_226' title='bbox 711 2230 753 2259; x_wconf 88' lang='lat' dir='ltr'>ut</span> <span class='ocrx_word' id='word_1_227' title='bbox 792 2224 982 2260; x_wconf 81' lang='lat' dir='ltr'>Mannert.</span> 
     </span>
     <span class='ocr_line' id='line_1_47' title="bbox 322 2278 983 2327; baseline 0.002 -13"><span class='ocrx_word' id='word_1_228' title='bbox 322 2278 390 2314; x_wconf 81' lang='lat' dir='ltr'>VII</span> <span class='ocrx_word' id='word_1_229' title='bbox 406 2291 441 2327; x_wconf 91' lang='lat' dir='ltr'><strong>p.</strong></span> <span class='ocrx_word' id='word_1_230' title='bbox 464 2281 545 2318; x_wconf 88' lang='grc'>607</span> <span class='ocrx_word' id='word_1_231' title='bbox 566 2279 658 2325; x_wconf 84' lang='lat' dir='ltr'>vult,</span> <span class='ocrx_word' id='word_1_232' title='bbox 680 2280 890 2327; x_wconf 77' lang='lat' dir='ltr'>introitum,</span> <span class='ocrx_word' id='word_1_233' title='bbox 910 2292 983 2315; x_wconf 88' lang='lat' dir='ltr'>ne-</span> 
     </span>
     <span class='ocr_line' id='line_1_48' title="bbox 323 2334 982 2384; baseline 0.005 -16"><span class='ocrx_word' id='word_1_234' title='bbox 323 2335 453 2384; x_wconf 86' lang='lat' dir='ltr'>quein</span> <span class='ocrx_word' id='word_1_235' title='bbox 486 2334 568 2382; x_wconf 87' lang='lat' dir='ltr'>ipso</span> <span class='ocrx_word' id='word_1_236' title='bbox 589 2335 692 2370; x_wconf 89' lang='lat' dir='ltr'>sinus</span> <span class='ocrx_word' id='word_1_237' title='bbox 713 2347 882 2383; x_wconf 75' lang='lat' dir='ltr'>recessu,</span> <span class='ocrx_word' id='word_1_238' title='bbox 916 2335 982 2371; x_wconf 86' lang='lat' dir='ltr'>ubi</span> 
     </span>
     <span class='ocr_line' id='line_1_49' title="bbox 319 2390 678 2440; baseline 0 -14"><span class='ocrx_word' id='word_1_239' title='bbox 319 2391 554 2440; x_wconf 78' lang='lat' dir='ltr'>Pagasaruin</span> <span class='ocrx_word' id='word_1_240' title='bbox 576 2390 678 2426; x_wconf 88' lang='lat' dir='ltr'><strong>urbs.</strong></span> 
     </span>
    </p>
   </div>
   <div class='ocr_carea' id='block_1_19' title="bbox 509 2478 793 2529">
    <p class='ocr_par' dir='ltr' id='par_1_19' title="bbox 509 2478 793 2529">
     <span class='ocr_line' id='line_1_50' title="bbox 509 2478 793 2529; baseline 0.007 -14"><span class='ocrx_word' id='word_1_241' title='bbox 509 2478 601 2529; x_wconf 81' lang='lat' dir='ltr'><strong>Cap.</strong></span> <span class='ocrx_word' id='word_1_242' title='bbox 628 2478 793 2517; x_wconf 87' lang='lat' dir='ltr'><strong>CXCIV.</strong></span> 
     </span>
    </p>
   </div>
   <div class='ocr_carea' id='block_1_20' title="bbox 323 2556 981 2834">
    <p class='ocr_par' dir='ltr' id='par_1_20' title="bbox 323 2556 981 2834">
     <span class='ocr_line' id='line_1_51' title="bbox 379 2556 980 2607; baseline -0.002 -12"><span class='ocrx_word' id='word_1_243' title='bbox 379 2556 674 2607; x_wconf 76' lang='grc' dir='ltr'><strong><em>ἐξαναχθεῖσαι]</em></strong></span> <span class='ocrx_word' id='word_1_244' title='bbox 696 2557 805 2593; x_wconf 67' lang='lat' dir='ltr'>Idem</span> <span class='ocrx_word' id='word_1_245' title='bbox 819 2558 980 2594; x_wconf 76' lang='lat' dir='ltr'>verbnm</span> 
     </span>
     <span class='ocr_line' id='line_1_52' title="bbox 324 2613 981 2662; baseline 0.003 -13"><span class='ocrx_word' id='word_1_246' title='bbox 324 2613 372 2650; x_wconf 87' lang='lat' dir='ltr'>de</span> <span class='ocrx_word' id='word_1_247' title='bbox 401 2614 558 2650; x_wconf 80' lang='lat' dir='ltr'>navibus</span> <span class='ocrx_word' id='word_1_248' title='bbox 580 2613 720 2662; x_wconf 76' lang='lat' dir='ltr'>longius</span> <span class='ocrx_word' id='word_1_249' title='bbox 749 2615 788 2649; x_wconf 72' lang='lat' dir='ltr'>in</span> <span class='ocrx_word' id='word_1_250' title='bbox 810 2614 921 2650; x_wconf 69' lang='lat' dir='ltr'>altum</span> <span class='ocrx_word' id='word_1_251' title='bbox 947 2629 981 2651; x_wconf 83' lang='lat' dir='ltr'>e-</span> 
     </span>
     <span class='ocr_line' id='line_1_53' title="bbox 324 2669 980 2718; baseline 0.002 -13"><span class='ocrx_word' id='word_1_252' title='bbox 324 2672 432 2707; x_wconf 73' lang='lat' dir='ltr'>vectis</span> <span class='ocrx_word' id='word_1_253' title='bbox 453 2671 530 2707; x_wconf 83' lang='lat' dir='ltr'>sive</span> <span class='ocrx_word' id='word_1_254' title='bbox 555 2670 682 2706; x_wconf 74' lang='lat' dir='ltr'>delatis</span> <span class='ocrx_word' id='word_1_255' title='bbox 707 2669 771 2717; x_wconf 82' lang='lat' dir='ltr'>Vl,</span> <span class='ocrx_word' id='word_1_256' title='bbox 795 2672 858 2709; x_wconf 72' lang='lat'><strong>98.</strong></span> <span class='ocrx_word' id='word_1_257' title='bbox 881 2671 980 2718; x_wconf 84' lang='lat' dir='ltr'>vm,</span> 
     </span>
     <span class='ocr_line' id='line_1_54' title="bbox 323 2725 978 2775; baseline -0.002 -11"><span class='ocrx_word' id='word_1_258' title='bbox 323 2725 389 2765; x_wconf 67' lang='lat'><strong>54.</strong></span> <span class='ocrx_word' id='word_1_259' title='bbox 420 2729 512 2763; x_wconf 83' lang='lat' dir='ltr'>Mox</span> <span class='ocrx_word' id='word_1_260' title='bbox 538 2739 628 2762; x_wconf 87' lang='lat' dir='ltr'>cum</span> <span class='ocrx_word' id='word_1_261' title='bbox 648 2725 978 2775; x_wconf 58' lang='lat' dir='ltr'>Schweighaeus„</span> 
     </span>
     <span class='ocr_line' id='line_1_55' title="bbox 325 2782 979 2834; baseline 0.006 -16"><span class='ocrx_word' id='word_1_262' title='bbox 325 2783 442 2820; x_wconf 84' lang='lat' dir='ltr'>Gaisf.</span> <span class='ocrx_word' id='word_1_263' title='bbox 464 2789 500 2820; x_wconf 87' lang='lat' dir='ltr'>et</span> <span class='ocrx_word' id='word_1_264' title='bbox 521 2782 689 2820; x_wconf 76' lang='lat' dir='ltr'>Bekker.</span> <span class='ocrx_word' id='word_1_265' title='bbox 720 2783 870 2834; x_wconf 88' lang='lat' dir='ltr'>reposui</span> <span class='ocrx_word' id='word_1_266' title='bbox 899 2782 979 2822; x_wconf 80' lang='grc' dir='ltr'><strong><em>ἐσέ-</em></strong></span> 
     </span>
    </p>
   </div>
   <div class='ocr_carea' id='block_1_21' title="bbox 447 2054 1003 2106">
    <p class='ocr_par' dir='ltr' id='par_1_21' title="bbox 447 2054 1003 2106">
     <span class='ocr_line' id='line_1_56' title="bbox 447 2054 1003 2106; baseline 0.002 -15"><span class='ocrx_word' id='word_1_267' title='bbox 447 2056 527 2091; x_wconf 86' lang='lat' dir='ltr'>Nec</span> <span class='ocrx_word' id='word_1_268' title='bbox 566 2067 656 2090; x_wconf 86' lang='lat' dir='ltr'>sane</span> <span class='ocrx_word' id='word_1_269' title='bbox 696 2054 881 2106; x_wconf 89' lang='lat' dir='ltr'>oppidum</span> <span class='ocrx_word' id='word_1_270' title='bbox 918 2058 1003 2092; x_wconf 74' lang='lat' dir='ltr'>aut&#39;</span> 
     </span>
    </p>
   </div>
   <div class='ocr_carea' id='block_1_22' title="bbox 1028 1267 1699 2832">
    <p class='ocr_par' dir='ltr' id='par_1_22' title="bbox 1028 1267 1699 2609">
     <span class='ocr_line' id='line_1_57' title="bbox 1039 1267 1696 1307; baseline -0.003 0"><span class='ocrx_word' id='word_1_271' title='bbox 1039 1278 1162 1307; x_wconf 85' lang='grc' dir='ltr'><strong><em>πεσον</em></strong></span> <span class='ocrx_word' id='word_1_272' title='bbox 1193 1281 1213 1304; x_wconf 87' lang='lat' dir='ltr'>e</span> <span class='ocrx_word' id='word_1_273' title='bbox 1234 1267 1454 1304; x_wconf 87' lang='lat' dir='ltr'>Florentino</span> <span class='ocrx_word' id='word_1_274' title='bbox 1482 1267 1579 1305; x_wconf 91' lang='lat' dir='ltr'>libro</span> <span class='ocrx_word' id='word_1_275' title='bbox 1600 1267 1696 1305; x_wconf 89' lang='lat' dir='ltr'>alio-</span> 
     </span>
     <span class='ocr_line' id='line_1_58' title="bbox 1039 1322 1697 1376; baseline 0.006 -16"><span class='ocrx_word' id='word_1_276' title='bbox 1039 1337 1134 1376; x_wconf 89' lang='lat' dir='ltr'>que,</span> <span class='ocrx_word' id='word_1_277' title='bbox 1177 1337 1268 1361; x_wconf 89' lang='lat' dir='ltr'>cum</span> <span class='ocrx_word' id='word_1_278' title='bbox 1297 1324 1411 1374; x_wconf 83' lang='lat' dir='ltr'>vulgo</span> <span class='ocrx_word' id='word_1_279' title='bbox 1440 1331 1535 1361; x_wconf 85' lang='lat' dir='ltr'>esset</span> <span class='ocrx_word' id='word_1_280' title='bbox 1555 1322 1697 1364; x_wconf 73' lang='grc' dir='ltr'><strong><em>ἔπεσον</em></strong></span> 
     </span>
     <span class='ocr_line' id='line_1_59' title="bbox 1038 1378 1696 1446; baseline 0.002 -30"><span class='ocrx_word' id='word_1_281' title='bbox 1038 1386 1103 1417; x_wconf 82' lang='lat' dir='ltr'>aut</span> <span class='ocrx_word' id='word_1_282' title='bbox 1156 1378 1359 1420; x_wconf 82' lang='grc' dir='ltr'><strong><em>ἐπέπεσον.</em></strong></span> <span class='ocrx_word' id='word_1_283' title='bbox 1438 1380 1503 1418; x_wconf 86' lang='lat' dir='ltr'>Sic</span> <span class='ocrx_word' id='word_1_284' title='bbox 1543 1393 1696 1446; x_wconf 88' lang='lat' dir='ltr'>quoque</span> 
     </span>
     <span class='ocr_line' id='line_1_60' title="bbox 1038 1432 1697 1487; baseline 0 -11"><span class='ocrx_word' id='word_1_285' title='bbox 1038 1451 1192 1476; x_wconf 87' lang='grc' dir='ltr'><strong><em>τουτων</em></strong></span> <span class='ocrx_word' id='word_1_286' title='bbox 1214 1443 1250 1473; x_wconf 88' lang='lat' dir='ltr'>et</span> <span class='ocrx_word' id='word_1_287' title='bbox 1263 1451 1396 1475; x_wconf 86' lang='grc' dir='ltr'><strong><em>αυτων</em></strong></span> <span class='ocrx_word' id='word_1_288' title='bbox 1417 1435 1505 1473; x_wconf 82' lang='lat' dir='ltr'>dedi</span> <span class='ocrx_word' id='word_1_289' title='bbox 1524 1449 1593 1487; x_wconf 87' lang='lat' dir='ltr'>pro</span> <span class='ocrx_word' id='word_1_290' title='bbox 1603 1432 1697 1476; x_wconf 78' lang='grc' dir='ltr'><strong><em>τού-</em></strong></span> 
     </span>
     <span class='ocr_line' id='line_1_61' title="bbox 1038 1487 1697 1533; baseline -0.002 -2"><span class='ocrx_word' id='word_1_291' title='bbox 1038 1491 1136 1531; x_wconf 86' lang='grc' dir='ltr'><strong><em>τέων</em></strong></span> <span class='ocrx_word' id='word_1_292' title='bbox 1176 1498 1213 1529; x_wconf 85' lang='lat' dir='ltr'>et</span> <span class='ocrx_word' id='word_1_293' title='bbox 1253 1487 1416 1533; x_wconf 84' lang='grc' dir='ltr'><strong><em>αυτέων.</em></strong></span> <span class='ocrx_word' id='word_1_294' title='bbox 1475 1492 1538 1529; x_wconf 88' lang='lat' dir='ltr'>Ad</span> <span class='ocrx_word' id='word_1_295' title='bbox 1559 1505 1697 1530; x_wconf 81' lang='lat' dir='ltr'>vocem</span> 
     </span>
     <span class='ocr_line' id='line_1_62' title="bbox 1038 1545 1698 1599; baseline 0.002 -13"><span class='ocrx_word' id='word_1_296' title='bbox 1038 1545 1215 1599; x_wconf 73' lang='grc' dir='ltr'><strong><em>’ὕπαρχος</em></strong></span> <span class='ocrx_word' id='word_1_297' title='bbox 1248 1547 1325 1587; x_wconf 82' lang='lat' dir='ltr'><strong>vid.</strong></span> <span class='ocrx_word' id='word_1_298' title='bbox 1355 1555 1452 1586; x_wconf 88' lang='lat' dir='ltr'><strong>nott.</strong></span> <span class='ocrx_word' id='word_1_299' title='bbox 1486 1548 1533 1586; x_wconf 86' lang='lat' dir='ltr'>ad</span> <span class='ocrx_word' id='word_1_300' title='bbox 1565 1550 1609 1597; x_wconf 88' lang='lat' dir='ltr'>V,</span> <span class='ocrx_word' id='word_1_301' title='bbox 1631 1548 1698 1590; x_wconf 83' lang='lat'>35.</span> 
     </span>
     <span class='ocr_line' id='line_1_63' title="bbox 1038 1604 1697 1654; baseline 0.002 -13"><span class='ocrx_word' id='word_1_302' title='bbox 1038 1606 1097 1641; x_wconf 88' lang='lat' dir='ltr'>De</span> <span class='ocrx_word' id='word_1_303' title='bbox 1127 1606 1237 1654; x_wconf 78' lang='lat' dir='ltr'>regiis</span> <span class='ocrx_word' id='word_1_304' title='bbox 1263 1605 1441 1642; x_wconf 73' lang='lat' dir='ltr'>iudicibus</span> <span class='ocrx_word' id='word_1_305' title='bbox 1459 1604 1624 1643; x_wconf 83' lang='lat' dir='ltr'>diximus</span> <span class='ocrx_word' id='word_1_306' title='bbox 1648 1605 1697 1642; x_wconf 89' lang='lat' dir='ltr'>ad</span> 
     </span>
     <span class='ocr_line' id='line_1_64' title="bbox 1038 1660 1698 1709; baseline 0.005 -13"><span class='ocrx_word' id='word_1_307' title='bbox 1038 1663 1104 1709; x_wconf 79' lang='grc' dir='ltr'>ΙΙΙ,</span> <span class='ocrx_word' id='word_1_308' title='bbox 1122 1664 1170 1701; x_wconf 82' lang='grc'>31</span> <span class='ocrx_word' id='word_1_309' title='bbox 1196 1667 1233 1697; x_wconf 88' lang='lat' dir='ltr'>et</span> <span class='ocrx_word' id='word_1_310' title='bbox 1251 1662 1296 1709; x_wconf 89' lang='lat' dir='ltr'>V,</span> <span class='ocrx_word' id='word_1_311' title='bbox 1308 1660 1376 1708; x_wconf 77' lang='lat'>25,</span> <span class='ocrx_word' id='word_1_312' title='bbox 1396 1662 1463 1698; x_wconf 85' lang='lat' dir='ltr'>ubi</span> <span class='ocrx_word' id='word_1_313' title='bbox 1483 1661 1618 1699; x_wconf 83' lang='lat' dir='ltr'>eadem</span> <span class='ocrx_word' id='word_1_314' title='bbox 1636 1662 1698 1699; x_wconf 89' lang='lat' dir='ltr'>lo-</span> 
     </span>
     <span class='ocr_line' id='line_1_65' title="bbox 1039 1712 1698 1769; baseline 0.006 -16"><span class='ocrx_word' id='word_1_315' title='bbox 1039 1718 1140 1754; x_wconf 88' lang='lat' dir='ltr'>cutio</span> <span class='ocrx_word' id='word_1_316' title='bbox 1170 1712 1237 1756; x_wconf 79' lang='grc' dir='ltr'>ἐπὶ</span> <span class='ocrx_word' id='word_1_317' title='bbox 1269 1714 1444 1769; x_wconf 84' lang='grc' dir='ltr'><strong><em>χρήμασι</em></strong></span> <span class='ocrx_word' id='word_1_318' title='bbox 1473 1714 1614 1757; x_wconf 65' lang='grc' dir='ltr'><strong><em>ἄδικον</em></strong></span> <span class='ocrx_word' id='word_1_319' title='bbox 1635 1718 1698 1757; x_wconf 85' lang='grc' dir='ltr'>δι’·</span> 
     </span>
     <span class='ocr_line' id='line_1_66' title="bbox 1038 1771 1698 1823; baseline 0 -11"><span class='ocrx_word' id='word_1_320' title='bbox 1038 1788 1115 1823; x_wconf 86' lang='grc' dir='ltr'><strong><em>κην</em></strong></span> <span class='ocrx_word' id='word_1_321' title='bbox 1136 1772 1306 1812; x_wconf 80' lang='grc' dir='ltr'><strong><em>ἐδίκασε.</em></strong></span> <span class='ocrx_word' id='word_1_322' title='bbox 1362 1775 1548 1811; x_wconf 87' lang='lat' dir='ltr'>Voculam</span> <span class='ocrx_word' id='word_1_323' title='bbox 1569 1771 1629 1814; x_wconf 81' lang='grc' dir='ltr'><strong><em>’ὅτι</em></strong></span> <span class='ocrx_word' id='word_1_324' title='bbox 1647 1775 1698 1811; x_wconf 91' lang='lat' dir='ltr'>li-</span> 
     </span>
     <span class='ocr_line' id='line_1_67' title="bbox 1038 1827 1698 1880; baseline 0.003 -15"><span class='ocrx_word' id='word_1_325' title='bbox 1038 1830 1113 1866; x_wconf 90' lang='lat' dir='ltr'>bris</span> <span class='ocrx_word' id='word_1_326' title='bbox 1131 1830 1257 1867; x_wconf 85' lang='lat' dir='ltr'>invitis</span> <span class='ocrx_word' id='word_1_327' title='bbox 1278 1837 1365 1866; x_wconf 75' lang='lat' dir='ltr'>ante</span> <span class='ocrx_word' id='word_1_328' title='bbox 1386 1828 1409 1869; x_wconf 87' lang='lat' dir='ltr'>o‘</span> <span class='ocrx_word' id='word_1_329' title='bbox 1434 1827 1655 1880; x_wconf 76' lang='grc' dir='ltr'><strong><em>Σανδώκης</em></strong></span> <span class='ocrx_word' id='word_1_330' title='bbox 1676 1843 1698 1867; x_wconf 87' lang='lat' dir='ltr'>a</span> 
     </span>
     <span class='ocr_line' id='line_1_68' title="bbox 1040 1884 1696 1937; baseline -0.002 -13"><span class='ocrx_word' id='word_1_331' title='bbox 1040 1884 1235 1924; x_wconf 86' lang='lat' dir='ltr'>Schaefer.</span> <span class='ocrx_word' id='word_1_332' title='bbox 1267 1893 1304 1923; x_wconf 85' lang='lat' dir='ltr'>et</span> <span class='ocrx_word' id='word_1_333' title='bbox 1334 1885 1470 1923; x_wconf 82' lang='lat' dir='ltr'><strong>Matth.</strong></span> <span class='ocrx_word' id='word_1_334' title='bbox 1491 1894 1696 1937; x_wconf 84' lang='lat' dir='ltr'><strong>receptam,</strong></span> 
     </span>
     <span class='ocr_line' id='line_1_69' title="bbox 1039 1941 1699 1993; baseline 0.002 -14"><span class='ocrx_word' id='word_1_335' title='bbox 1039 1955 1108 1979; x_wconf 89' lang='lat' dir='ltr'>nos</span> <span class='ocrx_word' id='word_1_336' title='bbox 1138 1955 1228 1978; x_wconf 87' lang='lat' dir='ltr'>cum</span> <span class='ocrx_word' id='word_1_337' title='bbox 1248 1941 1483 1993; x_wconf 62' lang='lat' dir='ltr'>Schweigh„</span> <span class='ocrx_word' id='word_1_338' title='bbox 1512 1943 1629 1980; x_wconf 67' lang='lat' dir='ltr'><strong>Gdsf.</strong></span> <span class='ocrx_word' id='word_1_339' title='bbox 1661 1949 1699 1980; x_wconf 84' lang='lat' dir='ltr'>et</span> 
     </span>
     <span class='ocr_line' id='line_1_70' title="bbox 1039 1997 1697 2050; baseline -0.002 -15"><span class='ocrx_word' id='word_1_340' title='bbox 1039 1997 1220 2035; x_wconf 86' lang='lat' dir='ltr'>Bekkero</span> <span class='ocrx_word' id='word_1_341' title='bbox 1256 1997 1491 2048; x_wconf 85' lang='lat' dir='ltr'>delevimus,</span> <span class='ocrx_word' id='word_1_342' title='bbox 1527 2001 1697 2050; x_wconf 86' lang='lat' dir='ltr'>itemque</span> 
     </span>
     <span class='ocr_line' id='line_1_71' title="bbox 1038 2052 1696 2122; baseline 0.008 -31"><span class='ocrx_word' id='word_1_343' title='bbox 1038 2056 1263 2106; x_wconf 86' lang='lat' dir='ltr'>reliquimus</span> <span class='ocrx_word' id='word_1_344' title='bbox 1284 2052 1561 2122; x_wconf 79' lang='grc' dir='ltr'><strong><em>λογιζόμενος,</em></strong></span> <span class='ocrx_word' id='word_1_345' title='bbox 1589 2056 1696 2092; x_wconf 80' lang='lat' dir='ltr'>cuius</span> 
     </span>
     <span class='ocr_line' id='line_1_72' title="bbox 1038 2107 1696 2161; baseline 0.002 -13"><span class='ocrx_word' id='word_1_346' title='bbox 1038 2112 1124 2148; x_wconf 90' lang='lat' dir='ltr'>loco</span> <span class='ocrx_word' id='word_1_347' title='bbox 1164 2110 1306 2147; x_wconf 73' lang='lat' dir='ltr'>Aldina</span> <span class='ocrx_word' id='word_1_348' title='bbox 1353 2107 1696 2161; x_wconf 66' lang='grc' dir='ltr'><strong><em>ἀναλογιζόμενος.</em></strong></span> 
     </span>
     <span class='ocr_line' id='line_1_73' title="bbox 1038 2166 1697 2212; baseline 0 -9"><span class='ocrx_word' id='word_1_349' title='bbox 1038 2166 1150 2212; x_wconf 81' lang='lat' dir='ltr'>Quod</span> <span class='ocrx_word' id='word_1_350' title='bbox 1179 2166 1227 2203; x_wconf 85' lang='lat' dir='ltr'>ad</span> <span class='ocrx_word' id='word_1_351' title='bbox 1253 2179 1395 2202; x_wconf 85' lang='lat' dir='ltr'>nomen</span> <span class='ocrx_word' id='word_1_352' title='bbox 1428 2166 1602 2203; x_wconf 74' lang='lat' dir='ltr'>Sandoczs</span> <span class='ocrx_word' id='word_1_353' title='bbox 1637 2173 1697 2203; x_wconf 82' lang='lat' dir='ltr'>at-</span> 
     </span>
     <span class='ocr_line' id='line_1_74' title="bbox 1038 2221 1697 2273; baseline 0.002 -14"><span class='ocrx_word' id='word_1_354' title='bbox 1038 2225 1145 2269; x_wconf 84' lang='lat' dir='ltr'>tinet,</span> <span class='ocrx_word' id='word_1_355' title='bbox 1168 2223 1340 2258; x_wconf 82' lang='lat' dir='ltr'>observat</span> <span class='ocrx_word' id='word_1_356' title='bbox 1349 2221 1542 2259; x_wconf 82' lang='lat' dir='ltr'><strong>Boeckh.&#39;</strong></span> <span class='ocrx_word' id='word_1_357' title='bbox 1532 2236 1570 2258; x_wconf 84' lang='lat' dir='ltr'>m</span> <span class='ocrx_word' id='word_1_358' title='bbox 1581 2223 1697 2273; x_wconf 73' lang='lat' dir='ltr'>Corp-</span> 
     </span>
     <span class='ocr_line' id='line_1_75' title="bbox 1037 2279 1696 2328; baseline 0.002 -14"><span class='ocrx_word' id='word_1_359' title='bbox 1037 2280 1153 2316; x_wconf 86' lang='lat' dir='ltr'>Inscr.</span> <span class='ocrx_word' id='word_1_360' title='bbox 1174 2279 1307 2314; x_wconf 80' lang='lat' dir='ltr'><strong>Graec.</strong></span> <span class='ocrx_word' id='word_1_361' title='bbox 1329 2280 1375 2326; x_wconf 89' lang='lat'>11,</span> <span class='ocrx_word' id='word_1_362' title='bbox 1400 2285 1418 2317; x_wconf 89' lang='lat'>1</span> <span class='ocrx_word' id='word_1_363' title='bbox 1443 2291 1481 2328; x_wconf 89' lang='lat' dir='ltr'><strong>p.</strong></span> <span class='ocrx_word' id='word_1_364' title='bbox 1507 2279 1598 2326; x_wconf 87' lang='lat'>158,</span> <span class='ocrx_word' id='word_1_365' title='bbox 1622 2280 1696 2315; x_wconf 84' lang='lat' dir='ltr'>alia</span> 
     </span>
     <span class='ocr_line' id='line_1_76' title="bbox 1037 2333 1698 2386; baseline 0.002 -16"><span class='ocrx_word' id='word_1_366' title='bbox 1037 2335 1172 2371; x_wconf 83' lang='lat' dir='ltr'>similia</span> <span class='ocrx_word' id='word_1_367' title='bbox 1193 2333 1353 2371; x_wconf 80' lang='lat' dir='ltr'>afferens</span> <span class='ocrx_word' id='word_1_368' title='bbox 1373 2335 1543 2381; x_wconf 88' lang='lat' dir='ltr'>nomina,</span> <span class='ocrx_word' id='word_1_369' title='bbox 1579 2336 1698 2386; x_wconf 84' lang='lat' dir='ltr'>sylla-</span> 
     </span>
     <span class='ocr_line' id='line_1_77' title="bbox 1037 2390 1697 2441; baseline 0.002 -15"><span class='ocrx_word' id='word_1_370' title='bbox 1037 2391 1085 2426; x_wconf 87' lang='lat' dir='ltr'>ba</span> <span class='ocrx_word' id='word_1_371' title='bbox 1118 2390 1196 2427; x_wconf 83' lang='lat' dir='ltr'>San</span> <span class='ocrx_word' id='word_1_372' title='bbox 1224 2391 1330 2426; x_wconf 86' lang='lat' dir='ltr'>initio</span> <span class='ocrx_word' id='word_1_373' title='bbox 1352 2391 1473 2441; x_wconf 85' lang='lat' dir='ltr'>posita</span> <span class='ocrx_word' id='word_1_374' title='bbox 1499 2391 1539 2426; x_wconf 89' lang='lat' dir='ltr'>in</span> <span class='ocrx_word' id='word_1_375' title='bbox 1567 2391 1697 2427; x_wconf 88' lang='lat' dir='ltr'>nomi-</span> 
     </span>
     <span class='ocr_line' id='line_1_78' title="bbox 1037 2447 1695 2498; baseline 0.003 -17"><span class='ocrx_word' id='word_1_376' title='bbox 1037 2447 1148 2483; x_wconf 85' lang='lat' dir='ltr'>nibus</span> <span class='ocrx_word' id='word_1_377' title='bbox 1185 2447 1357 2493; x_wconf 75' lang='lat' dir='ltr'>Persicis,</span> <span class='ocrx_word' id='word_1_378' title='bbox 1396 2447 1570 2498; x_wconf 88' lang='lat' dir='ltr'>Assyriis,</span> <span class='ocrx_word' id='word_1_379' title='bbox 1602 2448 1695 2494; x_wconf 84' lang='lat' dir='ltr'>aliis,</span> 
     </span>
     <span class='ocr_line' id='line_1_79' title="bbox 1040 2502 1696 2553; baseline 0.003 -15"><span class='ocrx_word' id='word_1_380' title='bbox 1040 2502 1229 2552; x_wconf 78' lang='lat' dir='ltr'>designari</span> <span class='ocrx_word' id='word_1_381' title='bbox 1256 2502 1469 2553; x_wconf 82' lang='lat' dir='ltr'>splendorem</span> <span class='ocrx_word' id='word_1_382' title='bbox 1497 2510 1534 2540; x_wconf 87' lang='lat' dir='ltr'>et</span> <span class='ocrx_word' id='word_1_383' title='bbox 1554 2506 1696 2552; x_wconf 76' lang='lat' dir='ltr'>magni-</span> 
     </span>
     <span class='ocr_line' id='line_1_80' title="bbox 1028 2560 1230 2609; baseline -0.005 -13"><span class='ocrx_word' id='word_1_384' title='bbox 1028 2560 1230 2609; x_wconf 79' lang='lat' dir='ltr'>ficentz‘am.</span> 
     </span>
    </p>

    <p class='ocr_par' dir='ltr' id='par_1_23' title="bbox 1035 2610 1696 2832">
     <span class='ocr_line' id='line_1_81' title="bbox 1094 2610 1695 2666; baseline 0.002 -13"><span class='ocrx_word' id='word_1_385' title='bbox 1094 2614 1133 2662; x_wconf 85' lang='grc' dir='ltr'>ἐς</span> <span class='ocrx_word' id='word_1_386' title='bbox 1175 2611 1288 2654; x_wconf 82' lang='grc' dir='ltr'><strong><em>οἶκον</em></strong></span> <span class='ocrx_word' id='word_1_387' title='bbox 1329 2611 1400 2654; x_wconf 72' lang='grc' dir='ltr'>τόν</span> <span class='ocrx_word' id='word_1_388' title='bbox 1454 2610 1695 2666; x_wconf 86' lang='grc' dir='ltr'><strong><em>βασιλήϊον]</em></strong></span> 
     </span>
     <span class='ocr_line' id='line_1_82' title="bbox 1036 2670 1696 2717; baseline -0.002 -9"><span class='ocrx_word' id='word_1_389' title='bbox 1036 2670 1122 2708; x_wconf 77' lang='lat' dir='ltr'><strong>vid.</strong></span> <span class='ocrx_word' id='word_1_390' title='bbox 1141 2678 1237 2707; x_wconf 87' lang='lat' dir='ltr'><strong>nott.</strong></span> <span class='ocrx_word' id='word_1_391' title='bbox 1270 2670 1318 2707; x_wconf 84' lang='lat' dir='ltr'>ad</span> <span class='ocrx_word' id='word_1_392' title='bbox 1338 2672 1382 2717; x_wconf 89' lang='lat' dir='ltr'>V,</span> <span class='ocrx_word' id='word_1_393' title='bbox 1404 2674 1452 2711; x_wconf 85' lang='lat'>31</span> <span class='ocrx_word' id='word_1_394' title='bbox 1489 2678 1526 2707; x_wconf 83' lang='lat' dir='ltr'>et</span> <span class='ocrx_word' id='word_1_395' title='bbox 1547 2670 1594 2708; x_wconf 89' lang='lat' dir='ltr'>de</span> <span class='ocrx_word' id='word_1_396' title='bbox 1615 2673 1696 2707; x_wconf 83' lang='lat' dir='ltr'>Da-</span> 
     </span>
     <span class='ocr_line' id='line_1_83' title="bbox 1036 2727 1695 2777; baseline 0 -14"><span class='ocrx_word' id='word_1_397' title='bbox 1036 2728 1091 2764; x_wconf 85' lang='lat' dir='ltr'>rio</span> <span class='ocrx_word' id='word_1_398' title='bbox 1131 2727 1403 2764; x_wconf 86' lang='lat' dir='ltr'>beneficiorum</span> <span class='ocrx_word' id='word_1_399' title='bbox 1452 2734 1695 2777; x_wconf 80' lang='lat' dir='ltr'>acceptorum</span> 
     </span>
     <span class='ocr_line' id='line_1_84' title="bbox 1035 2783 1693 2832; baseline 0.002 -11"><span class='ocrx_word' id='word_1_400' title='bbox 1035 2785 1133 2821; x_wconf 85' lang='lat' dir='ltr'>bene</span> <span class='ocrx_word' id='word_1_401' title='bbox 1154 2797 1323 2822; x_wconf 87' lang='lat' dir='ltr'>memore</span> <span class='ocrx_word' id='word_1_402' title='bbox 1343 2789 1438 2821; x_wconf 84' lang='lat' dir='ltr'><strong>nott.</strong></span> <span class='ocrx_word' id='word_1_403' title='bbox 1465 2783 1514 2820; x_wconf 84' lang='lat' dir='ltr'>ad</span> <span class='ocrx_word' id='word_1_404' title='bbox 1544 2785 1606 2832; x_wconf 86' lang='lat' dir='ltr'>vl,</span> <span class='ocrx_word' id='word_1_405' title='bbox 1627 2786 1693 2825; x_wconf 87' lang='grc'>30.</span> 
     </span>
    </p>
   </div>
   <div class='ocr_carea' id='block_1_23' title="bbox 1843 0 1897 2659">
    <p class='ocr_par' dir='ltr' id='par_1_24' title="bbox 1843 0 1897 2659">
     <span class='ocr_line' id='line_1_85' title="bbox 1843 0 1897 2659; baseline 0 0"><span class='ocrx_word' id='word_1_406' title='bbox 1843 0 1897 2659; x_wconf 95' lang='lat' dir='ltr'> </span> 
     </span>
    </p>
   </div>
  </div>
 </body>
</html>
