1897 3340
0 183 19 222 d,
0 24 21 169 2...βὴῗὲ

0 441 16 462 γ

0 1027 16 1141 *Ur*

430 244 516 284 506
833 246 1302 284 HERODOTI

429 351 622 408 ,,θυμός·
653 353 702 406 ὃς
729 355 891 412 χρηστὰ
926 355 1005 409 μὲν
1033 353 1238 407 ἀκούσας,
1280 355 1456 409 τέρψιος
1477 355 1694 411 έμπιπλέει

401 419 510 472 3,,τό
552 424 697 478 σῶμα·
736 424 978 468 ὑπεναντία
1019 423 1065 466 δὲ
1085 422 1283 466 τούτοισι
1322 422 1534 476 ἀκούσας,
1567 422 1694 468 ἄνοι-

431 488 556 541 ,,δέει.
615 490 686 534 ὅτε
717 492 798 548 μέν
827 508 911 534 νυν
939 490 1098 546 χρηστὰ
1126 489 1330 546 ποιήσας,
1361 490 1484 545 ἕτερα
1513 495 1694 535 τοιαῦτα

430 555 737 613 ,,έπηγγέλλεο,
788 557 1054 614 εὐεργεσίῃσι
1084 559 1260 613 βασιλέα
1291 557 1345 602 οὐ
1382 558 1617 614 καυχήσεαι
1645 558 1748 602 ‘ti-75

429 625 774 682 υσιτερβαλέσθαι·
805 627 894 669 έπεί
922 642 965 669 τε
995 626 1041 668 δὲ
1072 626 1114 675 ἐς
1144 625 1192 669 τὸ
1224 624 1531 682 ἀναιδέστερον
1560 624 1692 681 ἐτρά-

429 709 560 745 ,,πευ,
580 693 660 749 τήν
689 694 768 749 μὲν
797 692 923 750 ἀξίην
953 691 1008 736 ου’
1038 692 1250 748 λάμψεαι,
1279 693 1444 737 ἐλάσσω
1475 694 1520 737 δὲ
1540 697 1616 749 τῆς
1645 690 1692 736 ἆ-

401 762 567 816 4,,ξίης.
625 760 672 804 σὲ
710 760 788 816 μὲν
820 760 903 816 γὰρ
938 761 1010 805 καὶ
1050 760 1157 812 τούς
1184 761 1385 815 τέσσερας
1404 765 1493 804 τῶν
1522 761 1693 803 παίδων

430 826 605 882 ,ῥύεται
645 827 698 871 τά
729 829 885 879 ξείνια·
925 833 1007 873 τοῦ
1037 829 1084 872 δὲ
1113 829 1227 882 ἑνὸς,
1258 833 1337 872 τοῦ
1368 829 1580 885 περιέχεαι
1611 826 1690 882 μα’-
1702 833 1748 868 80

400 899 584 948 5,,λιστα
611 900 665 952 τῇ
696 901 812 953 ψυχῇ
842 897 1112 952 ζημιώσεαι.“
1165 895 1241 947 Ὡς
1270 896 1316 940 δὲ
1346 900 1481 940 ταῦτα
1519 896 1691 949 ὑπεκρί-

426 979 552 1015 νατο,
584 963 741 1008 αὐτίκα
759 963 921 1008 ἐκέλευε
933 970 1046 1009 τοῖσι
1061 963 1371 1020 προσετέτακτο
1394 968 1530 1007 ταῦτα
1550 963 1691 1020 πρήσ-
1756 996 1758 998 ψ

429 1043 542 1083 σειν,
582 1035 672 1075 τῶν
712 1034 890 1076 Πυθίου
920 1035 1090 1076 παίδων
1119 1031 1377 1085 ἐξευρόντας
1396 1030 1474 1074 τόν
1502 1029 1690 1088 πρεσβύ-

427 1115 578 1151 τατον,
609 1101 743 1154 μέσον
773 1103 1018 1155 διαταμεῖν·
1051 1098 1341 1154 διαταμόντας
1371 1099 1438 1151 δὲ,
1468 1099 1522 1141 τὰ
1545 1098 1689 1154 ἡμίτο-

426 1183 488 1222 μα
518 1168 750 1219 διαθεῖναι,
780 1166 828 1210 τό
858 1167 936 1222 μὲν
965 1168 1036 1211 ἐπὶ
1064 1167 1182 1219 δεξιὰ
1213 1171 1287 1223 τῆς
1316 1167 1450 1220 ὁδοῦ,
1479 1165 1528 1210 τὸ
1551 1167 1597 1210 δὲ
1626 1165 1688 1209 ἐπ’

425 1231 653 1290 ἀριστερά·
677 1236 752 1279 καὶ
780 1235 918 1293 ταύτῃ
951 1236 1152 1289 διεξιέναι
1181 1234 1258 1280 τὸν
1287 1235 1488 1291 στρατόν.
1701 1240 1744 1275 85

366 1427 561 1480 Aristoph.
599 1430 674 1468 Av.
696 1433 818 1473 1310.
846 1455 896 1460 ——
950 1432 1025 1468 Pro

365 1484 559 1526 τουτέοισι
579 1487 759 1539 equidem
779 1502 868 1526 cum
891 1487 1025 1525 Matri».

366 1541 525 1580 exhibui
542 1542 714 1584 τούτοισι
737 1574 747 1593 ,
777 1553 820 1583 ut
849 1546 936 1583 libri
963 1547 1026 1581 iu-

366 1599 508 1636 bebant
529 1601 750 1639 Herodotei.

424 1662 618 1717 α’νοιδέει]
632 1670 658 1707 ἰ.
681 1683 714 1706 e.
726 1671 934 1716 intumescit,
951 1671 1025 1707 ira-

363 1725 488 1761 scitur.
547 1725 673 1762 Citant
693 1726 943 1762 Homericum
964 1725 1025 1777 03ss

366 1777 503 1821 δοὲνειν
520 1782 565 1818 Il.
593 1783 662 1829 IX,
685 1782 787 1830 5503
828 1781 930 1819 unde
950 1781 1024 1819 hoc

364 1838 447 1888 ipso
491 1838 675 1876 Herodoti
715 1839 798 1875 loco
839 1839 1025 1876 Stobaeus

366 1893 521 1931 exhibet
544 1891 780 1934 ἀνοιδαίνει.
822 1896 924 1932 Alibi
943 1898 1026 1932 No-

363 1958 440 1988 ster
459 1950 554 1989 dixit
585 1951 729 1991 οἰδὲειν
755 1953 821 1998 ΙΠ,
841 1954 909 1993 76.
933 1954 1026 1997 127,

364 2008 431 2044 ubi
458 2007 535 2046 vid.
557 2016 658 2050 nott.
687 2030 742 2036 —
784 2010 828 2044 In
848 2021 954 2061 seqq.
976 2007 1025 2045 ad

363 2064 599 2101 locutionem
629 2062 704 2116 τὴν
734 2062 807 2116 μὲν
834 2060 953 2114 οἷξίην
974 2066 1023 2102 cf.

364 2121 428 2168 IV,
450 2123 526 2161 201
552 2123 680 2173 ibique
702 2129 797 2158 nott.
815 2128 851 2157 et
876 2122 923 2158 ad
944 2122 1024 2158 for-

364 2189 470 2212 mam
501 2175 679 2228 λάμψεαι
708 2177 842 2214 matth.
867 2180 933 2215 Gr.
955 2179 1021 2215 Gr.

363 2245 450 2283 pag.
464 2230 557 2274 472.
578 2232 763 2281 τοῖξείνια
782 2241 869 2270 sunt
888 2234 1022 2283 epulae,

363 2301 506 2326 munera
537 2291 747 2341 hospitalia,
789 2297 830 2326 ut
859 2289 1025 2326 diximus

364 2343 413 2381 ad
432 2346 513 2393 vll,
535 2349 603 2387 27.
660 2347 717 2382 De
749 2346 1024 2395 significatione

363 2402 467 2438 verbi
497 2400 752 2453 περιέχεσθαι
771 2402 847 2440 vid.
868 2410 964 2439 nott.
977 2401 1025 2438 ad

362 2459 427 2504 111,
451 2458 516 2498 53.

417 2516 492 2553 τοῦ
517 2510 560 2552 δὲ
582 2510 793 2569 ἑνὸς-τῇ
811 2516 926 2568 ψυχῇ
956 2516 1021 2565 ζη-

362 2565 546 2622 μιώσεαι]
571 2565 783 2619 ζημιώσεαι
798 2572 942 2621 passivo
960 2572 1022 2607 fu-

363 2627 437 2664 turi
457 2640 567 2664 sensu
588 2628 654 2675 (cs.
675 2634 771 2664 nott.
801 2627 849 2663 ad
877 2627 922 2674 V,
949 2627 1020 2675 34)

363 2684 463 2734 cepit
482 2682 745 2729 Valckenaer„
766 2685 816 2720 ita
847 2690 887 2720 ut
907 2696 1023 2720 accu-

361 2741 501 2778 sativus
520 2737 593 2791 τήν
604 2736 754 2790 ψυχὴν,
769 2739 1022 2792 quemadmo-

364 2795 459 2833 dum
491 2796 554 2833 ille
583 2795 779 2841 exhibuit,
818 2798 1022 2847 accipiatur

364 2865 434 2904 pro
472 2854 684 2892 accusativo
722 2854 776 2890 rei
803 2867 832 2891 s.
863 2866 1021 2904 poenae,

1084 1431 1149 1483 qui
1170 1439 1318 1482 praeter
1336 1432 1592 1470 accusativum
1613 1442 1745 1482 perso-

1082 1502 1154 1524 nae
1173 1502 1203 1526 s.
1235 1490 1372 1526 obiecti
1403 1488 1600 1526 adjiciatur
1627 1487 1744 1524 verbo

1083 1546 1262 1595 ζημιοῦν.
1319 1547 1370 1583 Et
1410 1546 1556 1583 confert
1583 1544 1647 1580 ille
1672 1544 1744 1581 Ev.

1081 1601 1217 1639 Matth.
1247 1603 1349 1649 XVI,
1371 1604 1439 1643 26.
1496 1602 1625 1647 Quum
1653 1612 1744 1637 vero

1080 1660 1283 1696 accusativi
1320 1659 1405 1695 loco
1437 1671 1589 1706 omnes,
1619 1669 1743 1708 quan-

1080 1720 1164 1751 tum
1197 1716 1308 1762 novi,
1356 1715 1442 1750 libri
1477 1715 1603 1764 scripti
1630 1725 1744 1763 prae-

1080 1772 1195 1807 beant
1217 1770 1390 1808 dativum
1405 1772 1457 1824 τῇ
1475 1772 1600 1823 ψυχῇ,
1621 1768 1661 1806 id
1680 1769 1743 1806 ni-

1081 1825 1136 1864 hil
1156 1834 1353 1864 cunctatus
1364 1826 1742 1876 revocavi‚pr0bante

1081 1883 1276 1930 Matthiae,
1292 1885 1357 1936 qui
1370 1884 1486 1920 verbo
1500 1884 1743 1933 ζημιοῦσθαι

1081 1939 1145 1988 id,
1186 1940 1291 1992 quod
1331 1941 1414 1992 quis
1448 1952 1595 1991 poenae
1630 1951 1743 1976 causa

1082 1998 1239 2045 amittit,
1271 1998 1310 2033 in
1343 1996 1469 2034 dativo
1491 1995 1647 2045 adiungi
1673 1995 1743 2032 ob-

1079 2061 1226 2099 servat,
1257 2055 1354 2090 bene.
1376 2053 1566 2100 adiiciens,
1595 2051 1742 2089 diversa

1080 2123 1160 2147 esse
1196 2123 1293 2162 quae
1315 2109 1561 2146 Valckenaer.
1585 2121 1606 2144 e
1626 2106 1741 2144 Thu-

1071 2165 1217 2216 cydide
1256 2173 1293 2203 et
1322 2164 1579 2216 Xenophonte
1617 2165 1741 2202 attulit

1081 2218 1228 2273 μεγάλα
1253 2217 1485 2272 ζημιώσεται
1502 2228 1538 2258 et
1560 2216 1680 2260 ου’δέν
1704 2236 1740 2260 τι

1083 2277 1365 2326 ζημιωθέντας.
1436 2279 1520 2328 lpsa
1555 2279 1740 2314 sententia

1081 2336 1241 2370 minime
1271 2335 1452 2371 obscura:
1481 2332 1545 2371 ΙΤιι
1568 2336 1673 2371 unius
1689 2334 1740 2370 il-

1083 2391 1154 2428 lius
1164 2391 1243 2441 filii
1264 2391 1342 2428 visci
1364 2391 1567 2442 (tanquam
1596 2390 1740 2442 poenit)

1082 2448 1301 2484 mulctaberis
1332 2461 1361 2484 s.
1386 2448 1559 2498 plecteris.
1617 2449 1676 2484 De
1696 2459 1739 2483 ea

1083 2505 1185 2541 vocis
1207 2501 1316 2553 ψυχὴ
1340 2506 1509 2552 notione,
1530 2502 1606 2556 quii
1627 2506 1741 2541 vitam

1078 2559 1231 2607 indicat,
1254 2560 1331 2597 dixi
1355 2559 1402 2597 ad
1423 2562 1487 2607 111,
1510 2562 1603 2600 130.
1631 2559 1735 2597 Add.

1078 2618 1159 2664 Vll,
1181 2620 1275 2658 209.
1305 2618 1404 2663 vul,
1430 2618 1520 2657 118.
1542 2615 1604 2652 Ad
1618 2617 1741 2667 ipsam

1079 2686 1168 2710 vero
1190 2673 1372 2710 Herodoti
1404 2673 1662 2709 narrationem
1688 2673 1737 2711 cf.

1078 2729 1273 2767 Plutarch.
1287 2732 1321 2766 11
1338 2742 1425 2780 pag.
1448 2730 1528 2769 263
1543 2730 1589 2766 Β.
1611 2736 1647 2766 et
1663 2729 1739 2766 Se-

1078 2800 1164 2824 nec·.
1193 2788 1251 2823 De
1279 2787 1333 2823 ira
1352 2787 1418 2833 111,
1442 2787 1507 2825 17.

1136 2852 1204 2893 καὶ
1254 2850 1378 2908 ταύτῃ
1432 2850 1617 2901 διεξιέναι
1668 2848 1737 2892 τᾶν
