1897 3340
427 182 511 222 7⁴8

818 177 1275 215 HERODOTI

428 286 622 342 ποταμός
651 285 904 341 Σπερχήϊος,
937 286 1046 340 ῥέων
1075 287 1116 337 ἐξ
1143 284 1359 340 Ἐνιήνων,
1390 285 1431 336 ἐς
1450 281 1676 327 θάλασσαν

401 355 605 399 4ἐκδιδοῖ.
662 352 746 397 ἀπὸ
786 354 830 396 ὁὲ
869 353 1050 403 τούτου,
1091 352 1161 395 διὰ
1192 353 1326 395 εἴκοσί
1354 368 1436 395 κου
1474 355 1675 406 σταδίων,

428 422 556 473 ἄλλος
581 419 796 475 ποταμός,
825 424 885 476 τῷ
911 418 1079 475 οὕνομα
1108 424 1241 462 κεῖται
1268 419 1433 474 Δύρας,
1463 419 1542 463 τόν
1569 423 1676 476 βοη-

425 490 586 532 θέοντα
614 492 676 546 τςὸ
700 487 907 543 ‘Homul‘
926 487 1142 546 καιομένῳ
1172 487 1298 544 λόγος
1330 488 1417 532 ἐστὶ
1452 489 1675 545 ἅναφανῆ·
1688 493 1732 529 55

373 694 572 743 colligatur
602 699 639 729 et
670 699 847 743 paretur,
876 705 1027 730 memo-

374 757 443 787 rat.
503 748 611 788 Conf.
641 750 828 786 Manuert.
850 750 919 786 VII
939 762 1027 800 pag.

373 808 466 845 617.
491 826 543 832 —
570 806 663 841 Mox
692 812 792 842 recte
821 819 924 843 nunc
946 806 1029 843 edi-

373 868 457 898 tum
477 859 700 912 Σπερχήϊος
719 875 786 912 pro
809 863 899 898 olim
923 863 1027 913 vulg.

373 914 596 967 Σπερχειὸς.
649 919 706 954 De
728 931 803 970 quo
824 920 939 955 fluvio
960 932 1029 956 ve-

373 980 498 1010 terum
507 975 719 1011 testimonia
728 973 1029 1012 attulithschu-

374 1028 459 1067 cke.
483 1029 530 1066 ad
549 1031 640 1067 Mel.
660 1032 706 1078 II,
729 1033 752 1070 3
776 1031 813 1076 ξ.
836 1034 860 1072 6
889 1045 927 1081 p.
948 1034 1030 1072 262

374 1099 478 1137 seqq.
498 1093 594 1123 nott.
623 1100 759 1137 exegg.
785 1088 825 1123 in
845 1086 1028 1124 hodierna

373 1142 478 1178 fluvii
498 1143 747 1193 appellatione
775 1144 940 1180 multum
959 1157 1029 1182 va-

317 1200 320 1204 ’
374 1199 463 1235 riari
483 1199 678 1252 adnotans.
711 1201 838 1251 Atque
858 1199 932 1238 hoc
950 1201 1028 1236 mi-

371 1255 476 1291 nime
498 1257 659 1304 mirum,
679 1256 710 1293 si
730 1255 885 1308 quidem
905 1258 1027 1294 omnis

372 1312 442 1348 ista
479 1313 584 1362 regio
605 1326 708 1350 nunc
737 1312 848 1351 valde
880 1320 1027 1350 mutata

374 1381 453 1404 esse
474 1367 704 1418 perhibetur.
760 1371 935 1421 Namque
956 1383 1028 1406 au-

373 1432 550 1473 gescente
589 1426 628 1461 in
656 1424 734 1462 dies
761 1426 864 1474 solo,
905 1433 947 1463 ut
977 1427 1028 1463 ait

372 1479 530 1531 Kriegk.
551 1483 615 1522 l.·l.
637 1496 675 1532 p.
694 1484 748 1523 27
770 1489 918 1519 tantum
937 1495 1029 1533 pro-

371 1537 437 1573 lati
466 1545 553 1575 sunt
582 1545 704 1576 terrae
737 1539 962 1575 continentis
981 1539 1030 1575 fi-

371 1606 452 1641 nes,
472 1601 514 1631 ut
543 1607 676 1631 eorum
697 1601 735 1631 et
762 1594 885 1631 forma
913 1596 1028 1645 longe

375 1649 520 1687 diversa
551 1658 587 1688 et
615 1652 777 1688 ambitus
797 1652 919 1688 multo
943 1664 1030 1688 ma-

373 1707 432 1743 ior
450 1720 552 1743 nunc
573 1707 632 1744 sit.
663 1706 773 1743 Unde
794 1708 950 1755 factum,
974 1714 1027 1755 ut,

372 1764 439 1814 qui
454 1764 546 1800 olim
565 1764 617 1800 ibi
637 1764 747 1801 fuisse
769 1762 945 1800 dicuntur
954 1763 1030 1800 flu-

372 1821 436 1867 vii,
457 1821 522 1856 vix
542 1822 751 1857 accuratius
771 1818 1029 1872 hodiequein-

371 1875 488 1913 dicari
507 1877 662 1926 possint.
721 1879 949 1927 Regressum
970 1876 1030 1913 di-

371 1933 468 1969 citur
495 1945 624 1980 mare,
668 1934 871 1971 fluviorum
900 1946 1029 1970 cursus

371 1990 520 2036 mutati,
559 1991 642 2026 loca
673 1992 773 2027 culta
805 1997 840 2026 et
861 1988 1028 2027 habitata

372 2046 433 2084 vel
455 2059 584 2083 eversa
612 2048 672 2083 vel
693 2049 732 2083 in
753 2045 911 2097 paludes
933 2059 1028 2083 con-

373 2115 491 2150 versa,
521 2104 711 2154 sylvisque
742 2104 900 2140 obtecta.
941 2102 1027 2140 Vid.

373 2158 559 2199 Dodwell.
590 2161 700 2196 Reise
727 2160 762 2196 d.
799 2157 951 2196 Griech.
979 2160 1027 2206 11,

375 2216 393 2252 1
420 2228 479 2264 cp.
513 2218 562 2255 18
591 2228 679 2265 pag.
705 2218 782 2256 137
804 2215 864 2253 ed.
895 2216 1026 2251 Germ.

372 2282 410 2319 p.
436 2270 527 2310 140.
593 2273 665 2315 Qui
697 2272 788 2306 olim
824 2284 845 2306 a
873 2277 1027 2319 septen-

372 2326 494 2362 trione
532 2327 714 2376 Pylarum
753 2338 870 2375 prope
914 2325 1027 2361 Anti-

373 2393 503 2434 cyram
542 2393 619 2417 non
651 2383 764 2431 longe
800 2394 820 2417 a
850 2382 1025 2417 Zeitunio

374 2437 514 2488 oppido
534 2438 628 2473 mari
650 2451 690 2474 se
714 2438 895 2474 miscebat
917 2437 1027 2488 Sper-

375 2494 484 2540 chius,
513 2494 543 2530 is
571 2494 692 2530 multo
713 2494 804 2529 limo
835 2495 935 2530 ostiis
957 2494 1026 2530 ob·-

375 2551 471 2586 iecto
484 2563 585 2586 nunc
602 2551 721 2600 magis
734 2550 931 2586 meridiem
942 2563 1029 2587 ver-

374 2619 435 2643 sus
456 2607 555 2642 ssexo
567 2619 675 2643 cursu
697 2619 739 2642 ac
761 2614 926 2643 tortuoso
942 2613 1030 2643 ten-

376 2661 465 2699 dere
488 2669 524 2699 et
540 2669 668 2700 auctus
690 2664 732 2700 iis
753 2663 893 2710 fluviis,
934 2675 1028 2714 quos

373 2726 484 2756 vocat
510 2718 746 2766 Herodotus,
780 2720 905 2771 Dyra„
945 2720 1030 2754 Me-

371 2775 471 2824 lane,
491 2776 631 2828 Asopo,
661 2774 865 2825 Phoenice,
897 2787 918 2811 a
943 2787 1029 2811 me-

1083 693 1176 730 ridie
1219 692 1569 745 Thermopylarum
1615 706 1733 745 prope

1082 751 1275 800 Alpenum
1293 763 1398 787 mare
1418 751 1565 801 ingredi
1585 750 1733 799 dicitur,

1082 807 1239 842 nomine
1277 805 1461 855 Hellada;
1501 819 1736 859 quamquam

1083 863 1145 899 vel
1173 863 1225 898 ibi
1245 862 1404 898 multam
1431 869 1570 900 terram
1599 862 1735 900 hodie-

1084 931 1159 969 que
1198 917 1389 967 adgestam
1440 932 1518 956 esse
1556 926 1733 957 asserunt.

1084 974 1169 1014 Vid.
1192 976 1311 1010 Kruse
1332 975 1457 1011 Hellas
1476 977 1523 1023 II,
1545 979 1571 1016 2
1596 990 1633 1026 p,
1657 977 1736 1015 129

1085 1032 1171 1068 coll.
1204 1031 1393 1068 Mannert.
1425 1032 1493 1069 VII
1523 1044 1560 1081 p.
1589 1033 1668 1071 617
1700 1037 1737 1067 et

1085 1089 1151 1139 qui
1162 1100 1282 1138 nuper
1302 1088 1576 1124 accuratissime
1597 1086 1643 1124 de
1658 1085 1731 1123 hoc

1083 1145 1198 1181 fluvio
1245 1143 1447 1194 disputavit
1483 1141 1641 1194 Kriegk.
1679 1143 1738 1179 De

1082 1201 1270 1237 Malienss.
1291 1214 1328 1250 p.
1350 1203 1407 1241 20
1427 1223 1477 1229 —-
1499 1199 1563 1241 24.
1585 1202 1637 1240 27
1658 1212 1738 1250 seq.

1083 1258 1140 1293 De
1160 1257 1366 1294 Enianibus
1385 1255 1463 1294 vid.
1484 1262 1579 1293 nott.
1593 1254 1641 1292 ad
1656 1256 1737 1304 VII,

1086 1316 1165 1354 132
1185 1320 1221 1349 et
1241 1312 1289 1349 ad
1309 1325 1420 1349 voces
1441 1309 1507 1351 διὰ
1529 1312 1653 1352 εἴκοσι’
1664 1326 1738 1351 κου

1085 1369 1254 1408 σταδίων
1273 1375 1369 1406 nott.
1385 1368 1433 1406 ad
1448 1369 1529 1416 VII,
1549 1371 1616 1410 30.
1682 1384 1684 1386 -

1139 1427 1195 1479 τῷ
1229 1422 1383 1475 οὕνομα
1414 1429 1540 1465 κεῖται
1581 1419 1739 1475 Δύρας]

1086 1482 1228 1519 Similis
1260 1482 1401 1519 locutio
1437 1482 1501 1529 IV,
1535 1479 1614 1521 184
1648 1481 1740 1530 (ubi

1085 1539 1260 1575 Ionicum
1280 1536 1424 1588 κέεται)
1444 1538 1525 1586 VII,
1537 1539 1631 1578 200.
1643 1539 1739 1578 216.

1085 1594 1128 1631 In
1140 1595 1276 1646 quibus
1296 1609 1319 1632 κ
1332 1608 1348 1633 ε
1361 1598 1448 1633 ῖσθ
1462 1609 1508 1633 αι
1529 1593 1739 1644 significare

1086 1663 1156 1688 esse
1189 1649 1383 1687 contendit
1420 1648 1643 1697 Larcherus,
1683 1650 1740 1686 ci-

1085 1714 1168 1744 tans
1192 1705 1365 1758 Euripid.
1385 1707 1531 1743 Hecub.
1555 1708 1605 1746 16
1627 1713 1662 1742 et
1682 1706 1739 1742 A-

1086 1762 1191 1800 then.
1212 1765 1241 1811 1,
1266 1766 1311 1803 11
1335 1777 1372 1814 p.
1395 1765 1444 1802 13
1468 1763 1508 1799 C.
1546 1761 1648 1799 Add.
1663 1762 1740 1799 So-

1085 1819 1210 1870 phocl.
1235 1820 1363 1869 Antig.
1391 1818 1472 1860 455
1501 1817 1616 1855 Both.
1644 1816 1740 1856 Oed.

1084 1878 1130 1913 R.
1161 1876 1258 1924 4673
1296 1889 1345 1912 ne
1373 1875 1494 1926 plura.
1534 1876 1616 1911 Iam
1635 1887 1739 1922 vero,

1085 1939 1248 1985 quatuor
1266 1932 1320 1968 illi
1340 1932 1462 1979 fluvii,
1493 1944 1587 1983 quos
1607 1933 1741 1968 Noster

1084 1995 1379 2035 commemorat,
1427 1989 1556 2039 quales
1588 1987 1740 2033 fuerint,

1085 2045 1237 2082 difficile
1269 2052 1322 2081 est
1355 2043 1471 2081 dictu.
1492 2042 1647 2092 Kriegk.
1668 2043 1691 2080 l.
1711 2042 1738 2078 l.

1083 2115 1171 2153 pag.
1192 2100 1244 2141 24
1265 2099 1340 2137 huc
1360 2100 1471 2136 refert
1502 2105 1664 2149 quatuor
1684 2098 1738 2134 ri-

1082 2170 1163 2204 vos,
1184 2157 1249 2207 qui
1268 2155 1357 2191 inde
1386 2167 1406 2190 a
1427 2155 1592 2191 fontibus
1612 2153 1739 2191 Ther-

1082 2213 1323 2262 mopylarum
1363 2209 1490 2247 calidis
1529 2224 1649 2262 usque
1689 2207 1738 2247 ad

1083 2266 1257 2318 Sperchii
1296 2274 1453 2317 pontem
1492 2266 1739 2303 effunduntur

1081 2325 1121 2361 in
1143 2322 1384 2374 Sperchium,
1404 2330 1495 2361 teste
1511 2324 1633 2360 Gellio
1652 2323 1738 2359 An-

1081 2382 1172 2431 glo:
1204 2392 1437 2431 quamquam
1457 2380 1664 2416 accuratius
1697 2379 1737 2414 in

1082 2439 1150 2474 ista
1180 2437 1370 2487 inquirere
1401 2437 1467 2473 vix
1481 2443 1603 2476 vacat.
1652 2433 1738 2472 Me-

1085 2493 1185 2539 lana,
1213 2493 1448 2529 amniculum
1477 2493 1641 2543 appellat
1670 2491 1737 2528 Li-

1084 2551 1166 2587 vius
1185 2549 1363 2595 XXXVI,
1386 2551 1453 2589 22.

1139 2602 1205 2644 τὸν
1246 2603 1469 2656 βοηθέοντα
1513 2605 1572 2657 τῷ
1613 2599 1738 2649 Ἥρα-

1083 2660 1170 2700 nassa·
1206 2659 1400 2714 καιομένῳ
1433 2675 1466 2698 κ.
1493 2674 1528 2697 τ.
1546 2658 1601 2706 λ.]
1632 2658 1738 2694 Arti-

1085 2718 1215 2754 culum
1263 2719 1319 2772 τῷ
1338 2744 1354 2761 ,
1385 2721 1520 2770 ‘quem
1568 2714 1737 2764 neglexit

1085 2772 1280 2811 Schaefer.
1317 2779 1431 2825 atque
1459 2768 1606 2819 Matth.‚
1648 2782 1736 2807 cum
