1897 3340
403 186 488 226 650
799 187 1259 224 HERODOTI

369 294 389 327 5
527 293 643 328 πολλὰ
667 291 706 328 ὁὶ
730 291 828 328 κᾶλλ’
855 293 988 330 α’πολεῖ
1009 294 1246 340 πυργώματα,
1270 292 1340 330 κου’
1364 293 1405 331 τὸ
1424 295 1488 331 σὸν
1515 295 1615 332 οἷον·

526 350 684 391 πολλοὺς
707 349 739 385 ὁ’
764 350 966 386 ἀθανάτων
989 352 1104 397 νηοὺς
1126 354 1269 399 μαλερῷ
1294 352 1383 397 πυρὶ
1408 353 1527 398 δώσει,
1671 358 1714 391 60

527 408 570 442 οῖ’
587 421 660 442 που
685 409 754 443 νῦν
778 409 905 452 ἱδρῶτι
930 409 1120 454 ῥεούμενοι
1138 408 1319 454 ἑστήκασι,

527 465 671 508 δείματι
695 465 936 508 παλλόμενοι·
962 465 1055 500 κατιὶ
1082 464 1113 500 δ’
1139 464 1359 509 ἀκροτάτοις
1385 464 1557 511 ὀρόφοισι

527 519 618 564 αἷμα
641 521 755 565 μέλαν
778 522 935 568 κέχυται,
960 524 1120 567 προϊδὸν
1143 522 1343 567 κακότητος
1368 522 1540 568 α’νάγκας.
1669 526 1712 560 65

525 576 607 612 Ἀλλ’
634 579 714 613 ἴτον
740 577 777 622 ἐξ
801 578 975 623 ἀδύτοιο,
999 583 1126 619 κακοῖς
1151 577 1182 614 δ’
1208 578 1413 615 ἐπικίδνατε
1436 579 1575 625 θυμόν.

344 761 446 812 apud
485 760 642 800 Diodor.
682 762 806 810 XVII,
830 766 881 803 77
912 763 997 799 coll.

342 817 484 855 Athen.
513 820 587 855 XII
615 833 652 869 p.
675 820 756 861 550
775 821 821 856 E.
846 820 936 856 XIV
959 833 997 870 p.

342 875 422 916 653
461 875 506 912 B.
565 876 708 921 Quibus
742 882 872 912 tamen
919 889 997 912 non

341 943 510 979 moveor,
533 939 574 969 ut
586 933 779 982 vulgatam
793 933 998 969 lectionem

341 988 557 1035 immunem,
571 990 793 1038 praesertim
815 1002 937 1040 quum
957 989 996 1024 in

341 1043 500 1081 disticho
512 1045 681 1095 quodam
701 1052 822 1082 exstet
844 1042 998 1097 Σύριον

340 1097 447 1152 ἅρμα
466 1097 644 1140 diuinam:
668 1100 772 1153 quod
790 1104 925 1139 Nostro
936 1115 1000 1138 sa-

339 1169 389 1193 ue
408 1158 643 1194 simillimum
664 1165 719 1195 est
738 1158 918 1210 idemque
939 1159 997 1195 le-

318 1259 321 1263 Δ
337 1214 440 1264 gitur
457 1215 498 1251 in
517 1214 695 1266 Aeschyl.
718 1216 819 1254 Pers.
842 1218 909 1263 86,
929 1216 995 1251 ubi

338 1269 416 1307 vid.
445 1271 588 1313 Blomf,
646 1272 720 1308 Ubi
759 1272 892 1323 Syriae
921 1285 995 1309 no-

336 1338 426 1363 men
456 1328 565 1365 latius
593 1335 697 1378 patet
717 1335 755 1365 et
775 1329 822 1366 de
843 1329 995 1380 Assyria

338 1396 491 1435 quoque
512 1386 671 1435 intelligi
691 1384 814 1433 debet,
831 1387 912 1437 ipso
924 1399 994 1422 au-

336 1447 439 1477 ctore
459 1441 654 1478 Herodoto
675 1442 844 1489 V11‚63.

393 1500 547 1552 μαλερῷ
570 1497 666 1550 πυρὶ
683 1493 829 1547 δώσει]
854 1501 996 1535 exHo-

336 1566 442 1590 mero
462 1555 584 1603 fiuxit,
604 1554 707 1605 apud
726 1569 843 1607 quem
867 1552 911 1594 τό
924 1571 996 1606 μα-

335 1606 453 1661 λερόν
493 1613 573 1662 πῦρ
612 1612 725 1660 (ignis
746 1612 851 1658 edax,
873 1625 995 1649 consu-

335 1678 438 1714 mens,
479 1667 636 1719 ardens)
676 1668 719 1705 ll.
770 1670 860 1715 XX,
898 1670 993 1708 316.

335 1724 442 1771 XXI,
485 1723 578 1764 375.
656 1722 757 1763 Add.
812 1725 992 1775 Apollon.

334 1777 461 1816 Rhod.
481 1781 510 1825 1,
533 1779 615 1821 734
637 1779 720 1829 (ubi
742 1781 842 1818 conf.
854 1780 992 1830 schol.)

337 1837 459 1876 1297.
493 1837 558 1884 111,
580 1839 674 1877 291.
694 1837 759 1884 lv,
783 1839 876 1878 393.
898 1837 994 1878 834.

335 1891 465 1931 Schol.
483 1892 531 1930 ad
545 1891 721 1945 Aeschyl.
736 1895 841 1930 Pers.
857 1892 994 1935 62113-

334 1949 398 1985 het
446 1947 674 1998 καυστικός,
734 1947 988 2002 μαραντικός.

334 2005 449 2042 Plura
479 2007 531 2043 ibi
560 2007 777 2045 Blomfield.
813 2009 852 2043 in
886 2008 994 2045 Glos-

335 2074 405 2098 sar.

391 2117 525 2170 ἱδρῶτι
560 2115 802 2170 ῥεούμενοι]
826 2118 888 2157 Ad
910 2119 992 2156 sor-

334 2186 440 2210 mam
481 2172 692 2225 ῥεούμενοι
733 2177 865 2220 (cuius
904 2176 989 2212 loco

333 2229 508 2267 Clemens
537 2232 647 2268 Alex.
676 2232 816 2269 Strom.
849 2231 882 2267 V
902 2243 989 2281 pag.

333 2287 413 2325 728
435 2282 656 2336 ῥἐεὗμενοι)
678 2287 753 2325 vid.
775 2285 909 2323 Manli.
923 2288 989 2324 Gr.

334 2342 401 2378 Gr.
432 2343 469 2387 ξ.
501 2342 580 2382 249
612 2355 697 2392 pag.
730 2344 822 2383 487.
881 2345 989 2379 lianc

333 2404 462 2434 autem
489 2400 791 2449 superstitionem
826 2398 872 2435 de
892 2400 987 2436 sanis

334 2461 399 2491 aut
428 2456 556 2491 statuis
578 2454 736 2492 deorum
766 2454 986 2493 sudantibus

332 2509 432 2561 apud
454 2518 596 2549 veteres
617 2511 825 2548 admodum
850 2525 987 2561 perva-

332 2573 474 2616 gatam,
515 2568 633 2616 (mali
676 2569 811 2605 ominis
846 2568 986 2605 indicio

331 2622 512 2671 habitam,
539 2631 631 2661 teste
648 2623 778 2662 Scliol.
807 2626 986 2675 Apollon.

332 2678 456 2717 Rhod.
490 2679 554 2727 IV,
587 2681 720 2730 1285)
763 2695 810 2717 ne
853 2683 987 2718 nostris

332 2735 487 2787 quidem
507 2738 738 2788 temporibus
758 2751 906 2788 prorsus
928 2739 984 2773 in-

332 2794 471 2830 teriisse
506 2795 591 2831 satis
632 2801 776 2832 constat
814 2795 985 2846 beneque

1053 764 1204 799 monuit
1235 765 1466 815 VVesseling.
1487 763 1535 801 ad
1557 763 1711 802 Diodor.

1053 820 1174 866 XVII,
1192 822 1251 867 10,
1273 821 1337 857 ubi
1356 823 1477 858 simile
1496 821 1588 874 quid
1600 835 1712 858 enar-

1055 882 1170 911 ratur.

1112 931 1264 981 δείματι
1305 930 1566 982 παλλόμενοι]
1617 935 1640 972 i.
1673 948 1706 970 e.

1054 991 1146 1026 metu
1162 988 1393 1038 trepidantes,
1425 989 1491 1026 huc
1514 990 1601 1026 illuc
1629 993 1711 1039 agi-

1054 1047 1138 1082 tati.
1197 1045 1305 1083 Cous.
1338 1046 1495 1082 Homer.
1520 1046 1564 1083 Il.
1586 1048 1710 1095 XXII,

1053 1101 1162 1141 452:
1204 1101 1246 1140 ἐν
1288 1097 1478 1152 στήθεσσι
1525 1077 1713 1142 παλλεταῖ

1052 1171 1149 1208 ητορ
1171 1153 1249 1196 ἄνα
1281 1154 1414 1209 στόμα.
1444 1159 1606 1210 Propius
1632 1158 1709 1197 huc

1051 1215 1383 1265 spectatApollon.
1405 1214 1529 1253 Rhod.
1542 1217 1606 1264 111,
1617 1218 1710 1258 633.

1050 1270 1113 1318 IV,
1136 1270 1203 1311 53.
1224 1272 1317 1319 752,
1347 1272 1413 1308 ubi
1442 1271 1577 1309 eadem
1607 1286 1709 1322 pror-

1050 1340 1112 1364 sus
1132 1327 1286 1365 locutio.
1305 1350 1361 1355 -—
1392 1327 1455 1365 Ad
1481 1328 1652 1366 dativum
1669 1325 1709 1368 o'-

1052 1380 1216 1432 ρόφοισι
1241 1385 1280 1420 in
1306 1398 1414 1437 seqq.
1449 1386 1552 1423 conf.
1572 1384 1708 1424 Matth.

1051 1441 1116 1477 Gr.
1139 1442 1204 1478 Gr.
1227 1442 1263 1486 ξ.
1292 1444 1372 1482 378
1392 1449 1471 1479 not.
1503 1445 1527 1483 3
1554 1456 1591 1493 p
1613 1445 1707 1510 696.

1050 1496 1113 1533 Ad
1132 1498 1366 1534 locutionem
1381 1495 1592 1549 κακότητος
1606 1494 1709 1538 α’να-

1051 1568 1147 1602 γκας
1196 1554 1390 1602 (malorum
1411 1558 1648 1593 necessitatem
1676 1569 1707 1594 s.

1051 1609 1271 1647 calamitates
1292 1612 1514 1648 mevi'tabzles
1532 1625 1563 1649 s.
1589 1624 1706 1649 neces—

1049 1668 1154 1703 sitate
1181 1666 1262 1716 fati
1296 1668 1555 1717 impendentts)
1603 1669 1705 1706 conf.

1049 1721 1228 1775 Aeschyl.
1258 1723 1454 1761 Prometh.
1490 1726 1566 1765 108
1587 1725 1647 1761 ΒΙ.
1669 1731 1706 1762 et

1049 1780 1175 1830 ipsum
1193 1779 1332 1817 Herod.
1362 1782 1392 1828 l,
1417 1783 1507 1821 116.

1105 1831 1199 1876 Ἀλλ’
1222 1836 1306 1875 ἴτον
1327 1852 1364 1875 κ.
1385 1851 1418 1875 τ.
1436 1838 1488 1886 λη]
1519 1838 1577 1873 De
1589 1838 1702 1874 celeri

1049 1894 1207 1930 transitu
1253 1906 1274 1930 a
1306 1892 1409 1930 duali
1438 1894 1478 1930 in
1517 1895 1704 1944 pluralem

1049 1948 1127 1986 vid.
1152 1948 1287 1987 Mattlx.
1309 1951 1374 1988 Gr.
1395 1951 1461 1987 Gr.
1482 1951 1605 1995 §.301
1625 1957 1704 1987 not.

1048 2018 1137 2056 pag·
1177 2009 1270 2047 601.
1335 2008 1461 2057 Ipsam
1499 2006 1703 2042 formulam

1049 2062 1134 2101 ἴτον
1155 2062 1194 2110 ἐξ
1215 2057 1378 2101 οἷόύτοιο
1399 2076 1442 2099 ac
1462 2063 1596 2099 similia
1617 2075 1703 2099 sae-

1046 2119 1131 2168 pius
1168 2120 1207 2155 in
1249 2119 1487 2155 oraculorum
1526 2119 1701 2156 clausulis

1045 2175 1142 2223 legi,
1181 2172 1320 2224 Pythia
1352 2173 1544 2211 sacerdote
1583 2174 1700 2212 modo

1044 2231 1181 2279 impios
1232 2231 1462 2268 consultores
1515 2232 1700 2280 eliciente,

1045 2285 1162 2323 modo
1183 2287 1441 2324 benemeritos
1465 2301 1701 2340 prose-quen-

1045 2349 1094 2389 te,
1117 2351 1270 2380 annotat
1282 2343 1450 2381 Lobeck.
1462 2347 1499 2380 in
1510 2343 1699 2396 Aglaoph-

1043 2412 1081 2449 p.
1103 2400 1195 2439 459.
1230 2401 1348 2441 1353.

1099 2459 1236 2502 κακοῖς
1251 2452 1282 2493 δ’
1307 2455 1528 2496 ἐπικίδνατε
1540 2453 1695 2507 θυμόν]

1043 2512 1148 2547 Valla
1171 2512 1355 2549 reddidit:
1395 2514 1498 2550 malis
1527 2513 1699 2562 effundite

1042 2572 1364 2620 711eutem,eumque
1376 2569 1695 2607 secutusSchultz.

1041 2626 1211 2675 effundite
1245 2628 1400 2663 animum
1427 2626 1479 2662 lais
1504 2625 1628 2672 malis,
1665 2627 1695 2662 si

1042 2681 1199 2733 quidem
1221 2681 1312 2719 deus
1333 2682 1539 2719 tristissima
1552 2682 1594 2718 iis
1606 2694 1696 2732 pro-

1042 2739 1191 2775 nuntiet
1201 2751 1432 2790 omnemque
1452 2739 1578 2775 salutis
1588 2751 1694 2788 spem

1043 2794 1195 2832 adimat.
1254 2794 1363 2841 Quod
1394 2796 1528 2832 merito
1564 2793 1695 2845 displi-
