1897 3340
253 733 263 746 l
343 737 353 751 9
387 736 396 750 Ι
529 733 544 750 'a‘
777 739 785 749 v

164 740 314 789 μεγαλα
336 740 483 790 ελεγετο
506 738 639 785 ειναι]
672 739 730 773 De
752 738 821 774 Ge-

163 794 254 831 lonis
270 795 381 831 rebus
401 793 478 831 vid.
500 795 581 840 vll,
609 792 687 834 154
715 806 821 845 seqq.

162 849 299 887 Incidit
326 864 415 887 vero
461 850 556 887 haec
586 851 821 887 Graecorum

162 908 300 956 legatio
329 906 376 944 ad
399 908 586 944 Gelonem
615 909 655 942 in
677 920 821 943 annum

162 962 243 1004 480
264 976 295 1000 a.
313 962 401 1001 Chr.
412 978 452 1000 n.
472 977 502 1000 s.
519 964 671 1015 Olyinp.
694 963 760 1011 74,
781 965 819 1011 4,

162 1021 269 1057 cuius
299 1022 413 1071 ipsius
449 1020 683 1071 Olympiadis
720 1033 820 1057 anno

162 1077 286 1127 primo
316 1091 344 1116 5.
368 1077 450 1117 484
481 1091 516 1117 a.
540 1076 628 1116 Chr.
649 1091 689 1114 n.
711 1078 818 1124 Gelo,

162 1134 229 1185 qui
259 1134 335 1169 iam
365 1135 517 1184 Olymp.
543 1137 609 1180 72,
640 1137 666 1174 2
686 1148 715 1170 s.
738 1133 816 1174 491

162 1203 196 1228 a.
229 1189 316 1227 Chr.
342 1204 384 1226 n.
410 1191 504 1227 Gela
525 1191 618 1226 urbe
647 1198 727 1227 erat
746 1203 819 1241 po-

161 1247 268 1292 titus,
308 1247 585 1298 Syracusarum
614 1247 735 1284 factus
765 1254 819 1284 est

160 1310 363 1354 tyrannns3
395 1305 434 1340 in
457 1317 574 1356 qnam
602 1305 736 1340 urbem
756 1305 819 1339 in-

161 1361 262 1397 colas
284 1361 506 1397 Camarinae
524 1374 674 1397 eversae
695 1368 819 1397 trans-

161 1416 271 1454 duxit
310 1430 410 1454 anno
454 1419 630 1468 proximo
670 1418 751 1458 483
783 1430 817 1454 a.

161 1472 232 1511 Ch.
248 1487 286 1511 n.
308 1481 344 1511 et
357 1475 473 1511 Gelae
494 1475 707 1511 incolarum
727 1487 818 1525 par-

159 1538 239 1567 tem
259 1544 359 1568 anno
380 1529 461 1571 482
483 1544 516 1567 a.
537 1530 626 1568 Chr.
658 1545 710 1578 n.‚
742 1544 817 1582 quo

162 1587 299 1625 eodem
319 1601 420 1624 anno
441 1589 556 1625 etiam
578 1590 732 1638 Megara
753 1601 818 1624 ce-

160 1646 215 1695 pit
250 1658 435 1696 snamque
456 1652 679 1696 potestatem
701 1658 818 1696 quam

159 1703 330 1738 maxime
351 1702 531 1740 extendit.
576 1704 709 1753 Itaque
730 1715 818 1738 vere

159 1758 271 1795 tradit
291 1758 528 1806 Herodotus,
558 1760 623 1795 illo
646 1766 819 1809 tempore

161 1816 315 1852 Gelonis
337 1829 394 1852 res
415 1815 463 1852 ad
491 1817 708 1852 maximum
729 1828 819 1853 eve—

162 1878 240 1908 ctas
262 1871 336 1908 dici
356 1873 523 1909 culmen.

218 1935 408 1990 ου’δαμεὸν
447 1938 697 1991 Ἑλληνικῶν
738 1942 820 1979 ταῖν

164 1991 213 2035 οὗ
242 1993 390 2035 πολλόν
423 1995 548 2047 μέζω]
581 1994 731 2044 „Nullis
751 2010 820 2033 non

162 2054 393 2091 Graecanicis
425 2053 525 2089 rebus
551 2054 651 2102 longe
674 2054 821 2090 maiores

162 2123 232 2147 esse
249 2109 551 2160 praedicabantur
579 2123 634 2146 res
657 2109 819 2147 Gelonis:

162 2167 185 2205 i.
208 2180 242 2204 e.
263 2165 398 2205 Nullus
425 2170 500 2203 erat
521 2166 693 2204 Graeciae
707 2180 820 2217 popu-

162 2223 238 2270 lus,
259 2225 359 2261 cuius
385 2224 573 2273 potentiam
607 2226 640 2259 et
660 2235 737 2272 opes
755 2236 821 2259 uon

163 2292 325 2329 superare
361 2280 543 2317 dicebatur
578 2279 721 2317 Gelonis
757 2292 821 2329 po-

164 2337 288 2373 tentia.
346 2337 547 2386 perspecte
567 2334 607 2373 h.
627 2337 653 2373 l.
675 2349 764 2373 cum
775 2336 821 2372 iis

164 2392 324 2429 contulit
354 2393 402 2428 G.
431 2394 640 2431 Hermann.
673 2392 722 2429 ad
751 2392 822 2429 Vi-

163 2462 244 2499 ger.
275 2462 313 2498 p.
342 2449 436 2494 709,
472 2449 540 2483 ubi
570 2444 700 2495 οὐδεὶς
715 2445 822 2495 ’όστις

164 2500 214 2545 ου’
247 2506 391 2541 Graece
426 2502 591 2551 dicatur,
622 2511 665 2540 ut
687 2506 822 2540 Latine

163 2573 260 2598 nemo
278 2574 365 2604 nom
395 2561 499 2596 velut
520 2558 621 2610 apud
640 2561 823 2596 Nostrum

163 2619 229 2666 ΠΙ,
251 2620 306 2658 72
326 2624 363 2653 et
384 2617 430 2664 V,
452 2618 506 2657 97
534 2628 606 2652 nec
626 2628 716 2653 vero
736 2615 823 2652 ido-

163 2687 280 2711 neam
309 2672 420 2711 video
442 2685 618 2720 causam,
650 2684 717 2708 cur
736 2670 775 2708 h.
790 2672 823 2719 ‚1.

164 2744 256 2768 cum
276 2729 414 2767 eodem
435 2728 650 2766 doctissimo
664 2729 745 2765 viro
759 2734 823 2764 aut

166 2785 235 2826 καὶ
256 2793 343 2824 ante
360 2782 551 2837 ου’ὃαμῶν
568 2783 824 2821 adiiciendum

167 2849 233 2880 aut
261 2841 410 2896 μεγάλα
430 2841 639 2879 delendum
666 2853 823 2877 censea—

167 2911 266 2937 mus.
282 2901 308 2920 “
375 2898 434 2937 Sc
448 2898 822 2947 hweighaeuser.

545 284 1018 323 POLYMNIA.
1079 284 1180 320 VII.

1400 293 1480 330 (361

222 392 274 435 τὰ
304 392 350 435 ὁὲ
381 393 577 444 Γέλωνος
605 392 835 449 πρήγματα
874 392 1036 448 μεγάλα
1065 391 1228 447 ἐλέγετο
1261 390 1383 445 εἶναι,
1414 396 1484 439 ού-

221 461 372 515 δαμῶν
402 459 665 516 Ἑλληνικῶν
702 465 789 504 τῶν
826 458 879 503 οὐ
921 459 1084 503 πολλὸν
1131 460 1250 515 μέζω.

218 527 354 571 ταῦτά
386 540 465 584 σφι
495 529 632 581 ἔδοξε,
662 526 1011 584 καταλυσάμενοι
1034 526 1111 578 τοὶς
1132 526 1301 582 ἔχθρας,
1333 531 1484 580 πρῶτα

1325 459 1402 510 Ὡς
1443 463 1486 504 δὲ

219 677 267 719 τοὶ
306 678 349 719 δὲ
396 679 572 725 Γέλωνος
612 676 824 733 πρήγματα
884 678 1107 726 Larclzerns,
1131 679 1196 731 qui
1213 674 1370 729 ου’ὃαμοέ
1398 679 1474 729 legi
1500 692 1542 715 ac

879 739 960 774 τῶν
992 736 1108 772 deleri
1129 737 1285 784 censuit,
1323 749 1397 787 qua
1420 750 1440 772 e
1466 735 1541 772 du—

880 794 968 843 plici
990 794 1193 842 negatione
1214 789 1392 842 (οὐδαμοὶ
1414 800 1451 829 et
1472 789 1540 843 ου’)

881 851 1015 887 existat
1036 850 1250 895 affirmatio,
1273 862 1362 885 enm
1382 851 1420 885 in
1453 862 1542 886 mo-

880 905 975 942 dum
1026 904 1121 942 haec
1161 907 1306 942 Gallice
1356 905 1538 943 reddidit:

879 970 944 1010 „et
964 964 989 998 il
1010 964 1075 1013 n'y
1097 963 1198 999 avoit
1218 964 1325 1013 point
1352 961 1469 1000 d’etat
1492 976 1540 999 en

879 1020 1002 1056 Grece
1033 1019 1127 1055 dont
1156 1020 1209 1055 les
1239 1020 1360 1056 forces
1391 1019 1540 1070 agalas—

877 1083 961 1113 sent
981 1077 1093 1113 celles
1115 1075 1162 1113 de
1182 1089 1224 1112 ce
1246 1077 1417 1127 prince.“

1067 1178 1160 1229 Cap.
1182 1178 1349 1216 CXLVI.

933 1253 1252 1307 καταλυσάμενοι
1272 1255 1343 1305 τας
1373 1257 1538 1309 ἔχθρας]

875 1313 901 1350 i.
926 1327 959 1350 e.
991 1314 1156 1363 depositis
1177 1317 1374 1353 inimicitiis
1396 1318 1539 1364 mutuis,

875 1371 1107 1411 reconciliati.
1173 1372 1231 1408 Cf.
1262 1379 1358 1409 nott.
1389 1372 1438 1409 ad
1457 1373 1539 1421 Vll,

876 1430 915 1468 6.
970 1427 1033 1464 Ad
1069 1429 1305 1465 locutionem
1349 1426 1540 1468 ἐπάϊστον

875 1482 1062 1534 γενέσθαι
1085 1486 1185 1523 conf.
1208 1492 1292 1522 nott
1312 1485 1360 1521 ad
1380 1487 1448 1530 Vl,
1471 1485 1540 1526 74.

877 1540 1197 1592 βασανισθέντας
1247 1543 1422 1593 intelligo
1475 1556 1538 1579 eos

876 1611 966 1634 cum
983 1597 1360 1649 Schweighaeusero,
1381 1601 1420 1635 in
1443 1612 1538 1650 quos

875 1656 1012 1691 Persae
1034 1654 1148 1692 duces
1175 1657 1437 1707 quaestionem
1466 1655 1538 1692 ha-

876 1712 1064 1760 buerunt,
1114 1725 1191 1748 non
1231 1719 1311 1749 tam
1339 1713 1538 1749 tormentis

876 1767 1052 1805 adhibitis
1081 1782 1198 1820 quam
1226 1771 1446 1819 simpliciter
1475 1770 1538 1805 in-

876 1824 1106 1875 terrogando
1137 1832 1174 1862 et
1208 1825 1450 1877 inquirendo.
1481 1847 1537 1852 ——

874 1883 933 1918 De
962 1883 1068 1919 verbi
1097 1883 1408 1932 κατακρίνεσθαι
1435 1888 1537 1918 stru-

877 1937 983 1975 etur-21
1013 1951 1102 1975 cuni
1135 1937 1261 1974 dativo
1293 1937 1370 1975 vid.
1398 1936 1537 1975 Matth.

877 1996 943 2031 Gr.
966 1996 1031 2031 Gr.
1055 1996 1092 2040 ξ.
1115 1997 1195 2035 378
1210 1997 1326 2034 not.3
1341 2007 1427 2046 pag.
1441 1996 1536 2035 696.

874 2053 1005 2102 Ipsum
1059 2051 1221 2088 verbum
1285 2052 1537 2102 κατακρίνειν

878 2108 1071 2156 (statuere,
1102 2107 1278 2144 decernere
1307 2110 1345 2145 in
1364 2104 1534 2158 aliquem)

876 2166 1012 2201 Noster
1045 2165 1169 2214 posuit
1196 2165 1266 2211 IX,
1297 2166 1363 2205 93.
1396 2188 1446 2192 —
1490 2165 1535 2200 In

877 2235 983 2273 seqq.
1005 2220 1053 2258 ad
1073 2223 1152 2260 τῶν
1173 2217 1284 2267 τινας
1295 2217 1535 2273 δορυφόρων

877 2277 955 2316 vid.
979 2278 1088 2314 allata
1110 2277 1158 2314 ad
1176 2278 1258 2325 VII,
1283 2277 1361 2318 143
1383 2278 1465 2314 init.
1480 2299 1535 2304 ——

876 2335 920 2371 In
939 2334 1014 2370 fine
1034 2347 1116 2385 cap.
1147 2332 1299 2374 ἐκέλευε
1328 2347 1349 2370 e
1368 2335 1536 2371 Florem.

877 2404 967 2429 cum
997 2389 1217 2442 Schweigh.
1246 2397 1283 2427 et
1312 2391 1430 2428 Gaisf.
1450 2389 1539 2427 dedi

877 2461 946 2498 pro
986 2446 1184 2496 ἐκέλευσε,
1232 2446 1337 2499 quod
1384 2447 1539 2484 retinuit

877 2503 1092 2542 Bekkerus.
1114 2527 1166 2532 -—
1189 2503 1252 2541 Ad
1273 2504 1440 2541 formam
1457 2508 1539 2552 ³²2-

881 2556 1042 2609 εύμενοι
1082 2561 1184 2599 conf.
1220 2562 1302 2609 VII,
1333 2560 1401 2600 44.
1438 2562 1535 2601 212.

878 2617 978 2664 VIII,
1000 2619 1066 2658 88.
1085 2618 1115 2665 Ι,
1140 2621 1190 2658 10
1221 2618 1350 2668 ibique
1383 2623 1479 2652 nott.
1501 2622 1537 2651 et

879 2671 927 2709 de
958 2685 1030 2709 usu
1068 2674 1254 2724 participii
1289 2671 1426 2709 Matth.
1469 2673 1535 2707 Gr.

879 2729 947 2765 Gr.
973 2730 1010 2774 ξ.
1042 2729 1123 2770 550
1143 2730 1182 2767 b.
1202 2743 1290 2780 pag.
1316 2730 1437 2768 1081.
1464 2727 1535 2763 Cr.

878 2785 1017 2822 excitat
1049 2798 1124 2822 van
1145 2787 1289 2828 {Voorst
1308 2786 1468 2820 Annott.
1489 2781 1537 2819 ad

876 2841 972 2879 loco.
993 2842 1136 2879 selectt.
1159 2843 1208 2879 N.
1225 2842 1274 2879 T.
1297 2841 1350 2876 111
1369 2851 1457 2889 pag.
1481 2839 1536 2879 98

877 2904 928 2947 et,
957 2897 1062 2950 quod
1096 2896 1145 2934 ad
1163 2897 1237 2934 loci
1267 2901 1536 2946 argumentum

1545 478 1757 512 Speculatores

1543 512 1656 538 Sardos
1676 514 1780 539 minnan

1541 543 1806 580 deprehensosque

1543 577 1654 605 xerxes
1674 580 1787 606 incoln-

1543 619 1606 639 mcs
1627 613 1747 649 dimitti,
