1897 3340
397 236 483 276 238

804 231 1265 270 HERODOTI

397 339 683 396 ,,οἰπόστασιν,
723 341 826 386 οὐδὲ
861 352 941 395 σφι
982 339 1082 384 οὔτε
1121 341 1174 383 τά
1216 340 1287 394 ἱροὶ
1328 339 1428 384 οὔτε
1475 339 1529 383 τὰ
1566 342 1658 385 ἴδια

397 408 758 466 ,,ἐμπεπρήσεται,
807 407 910 452 οὐδὲ
957 407 1203 463 βιαιότερον
1243 408 1388 460 ἕξουσι
1425 406 1580 459 ου’δὲν,
1627 408 1659 464 ἢ

368 476 638 532 5,,πρότερον
663 476 792 533 εἶχον.
851 474 952 520 εἰδὲ
981 479 1117 518 ταῦτα
1145 477 1226 531 μὲν
1249 476 1303 519 ού
1333 475 1582 531 ποιήσουσι,
1613 477 1712 519 οἱ15

396 544 470 596 ,ῥὲ
508 544 680 595 πάντως
710 542 782 587 διὰ
820 543 955 598 μάχης
983 541 1258 597 ἐλεύσονται,
1288 543 1389 588 τάδε
1411 555 1490 599 σφι
1518 542 1657 599 λέγετε

393 611 723 668 ,·,ἐπηρεάζοντες
740 611 890 666 τάπερ
924 610 1059 665 σφέας
1088 612 1273 662 κατέξει·
1310 610 1367 662 ὥς
1396 609 1658 661 ἑσσωθέντες

395 683 475 734 ,,τῇ
503 678 617 735 μα’χῃ
658 678 1124 732 ἐξανδραποδιεῦνται,
1161 679 1235 722 καὶ
1272 678 1330 729 ὥς
1366 690 1513 734 σφεων
1551 677 1655 730 τούς

397 748 580 797 ,,παῖδας
600 745 800 801 ἐκτομίας
819 745 1074 802 ποιήσομεν,
1103 745 1180 796 τοὶς
1210 746 1256 790 δὲ
1275 746 1527 800 παρθένους
1549 744 1655 789 ἄνα-

393 812 642 865 „sudamus
678 814 721 865 ἐς
761 813 956 870 Βάκτρα,
1008 813 1083 858 καὶ
1112 812 1171 865 ὥς
1197 814 1277 870 τὴν
1304 813 1452 869 χώρην
1491 812 1714 857 ἅλλοισιὲο

343 977 397 1013 bis
413 991 424 1012 .-
449 971 598 1015 ου’δὲ-
615 969 723 1022 οὐδὲ,
745 973 1001 1027 quemadmo-

337 1032 430 1070 dum
451 1029 596 1071 οὕτε-
615 1045 655 1070 τε
678 1032 740 1069 vel
761 1032 875 1068 etiam
895 1046 999 1070 τε-

336 1087 429 1128 οὔτε
447 1090 493 1125 ab
513 1087 709 1125 Herodoto
739 1101 870 1125 secum
890 1088 1000 1138 iungi

336 1146 536 1198 aliquoties
556 1144 735 1183 vidimus.
769 1145 881 1182 Conf.
900 1151 998 1182 nott.

337 1201 386 1238 ad
417 1203 479 1249 VI,
517 1205 553 1241 1.
602 1203 646 1238 Iu
678 1200 872 1239 Plutarch.
913 1203 998 1238 Nic.

338 1261 388 1299 13
410 1259 491 1296 init.
514 1259 706 1295 invenias:
744 1254 994 1297 ου’ὃὲ-τε-

335 1315 413 1353 καί.
473 1315 585 1352 Conf.
613 1312 750 1351 Matth.
781 1315 847 1352 Gr.
870 1315 934 1352 Gr.
954 1328 994 1365 p.

338 1372 460 1416 1120.

391 1424 482 1466 οὔτε
511 1423 559 1466 τοὶ
587 1423 653 1479 ἱροὶ
692 1422 784 1467 οὔτε
810 1423 858 1466 w}
885 1426 993 1474 ἴδια]

334 1482 576 1531 „Herodotus
606 1480 653 1522 vo?
685 1479 752 1534 ἱροὶ
782 1490 819 1521 et
836 1480 883 1522 τοῖ
911 1483 995 1522 ἰ’δια

332 1540 503 1577 similiter
521 1540 679 1590 opponit
705 1553 740 1578 c.
763 1543 815 1580 13
838 1546 875 1576 et
895 1540 993 1587 VIII,

338 1599 430 1636 109.
465 1597 580 1632 Persa
600 1592 647 1634 τοῖ
669 1593 735 1646 ἱροὶ
751 1595 819 1634 καὶ
837 1591 885 1634 vo?
911 1594 994 1634 ἴδια

333 1651 376 1691 ἐν
407 1650 532 1705 ὁμοίῳ
561 1650 732 1691 ἐποιέετο
743 1681 754 1699 ,
795 1648 993 1703 ἐμπιπράς

333 1714 405 1745 etc.
435 1707 587 1745 Deorum
618 1708 744 1758 templa
791 1707 993 1757 designans

334 1777 403 1815 per
431 1761 479 1803 τοὶ
512 1761 601 1815 ἱροὶ,
640 1777 709 1815 per
736 1760 783 1802 τοὶ
810 1764 893 1803 ἴδια
913 1777 995 1801 non

334 1822 570 1871 privatorum
589 1827 740 1857 tantum
760 1821 894 1869 aedes,
928 1819 996 1857 sed

335 1878 501 1927 quaevis,
532 1877 683 1928 templis
714 1877 870 1929 aliisque
903 1878 996 1915 locis

335 1935 447 1970 sacris
477 1935 656 1984 exceptis,
678 1934 845 1985 aedificia
865 1934 996 1971 civita-

334 1997 417 2027 tum
436 1991 658 2041 praesertim
674 1991 841 2040 publica,
872 1991 997 2042 qualia

335 2047 522 2083 veteribus
551 2050 634 2093 τοῖς
665 2046 785 2099 ἵεροῖς
824 2048 997 2097 opposita

335 2098 426 2142 όσιοι
473 2102 698 2139 dicunt11r.“
779 2103 992 2141 Valcken.

334 2160 443 2209 plura
477 2159 656 2196 adiiciens
681 2157 730 2196 de
757 2171 852 2196 voce
872 2155 994 2207 όσιος,

335 2227 434 2266 quae
454 2215 504 2252 ad
523 2214 706 2252 Herodoti
719 2216 847 2252 locum
866 2217 993 2252 miuus

336 2272 540 2322 pertinent.
599 2273 759 2322 Propius
798 2270 874 2308 huc
902 2272 993 2308 facit

334 2327 494 2375 V1‚25:
527 2324 642 2367 οὔτε
671 2343 697 2378 η
729 2324 846 2374 πόλις
883 2327 934 2375 (i.
957 2341 990 2366 e.

335 2381 383 2422 τοὶ
413 2383 522 2433 ἴδια)
564 2381 682 2423 οὔτε
719 2381 767 2422 τὰ
810 2381 876 2435 ἷροὶ
908 2383 993 2423 ἐνε·

336 2435 513 2491 πρήσθη.
550 2441 602 2477 At
624 2440 704 2489 Vll,
726 2443 750 2480 8
773 2441 809 2486 ξ.
831 2443 855 2481 3
876 2439 996 2477 Athe-

336 2497 484 2533 nienses
517 2495 695 2533 dicuntur
721 2496 900 2533 Sardium
934 2498 997 2533 in-

337 2552 507 2590 cendisse
518 2549 566 2591 τά
584 2569 623 2593 τε
635 2550 754 2592 ἄλσεα
770 2552 837 2592 καὶ
849 2550 897 2592 vo?
914 2550 995 2605 ἱρά.

337 2609 447 2648 Conf.
470 2616 564 2648 nott.
588 2609 635 2647 ad
660 2609 762 2656 Vm,
786 2613 849 2650 13.

391 2662 698 2717 ἐμπεπρήσεται]
730 2668 785 2703 Ita
802 2665 993 2703 Medicens

337 2735 427 2759 cum
456 2723 572 2759 tribus
605 2724 705 2769 aliis,
736 2724 874 2759 citante
895 2735 994 2773 quo-

338 2792 413 2831 que
433 2778 599 2817 Fischer.
619 2779 667 2817 ad
682 2780 847 2818 Weller.
871 2781 934 2826 111,

338 2849 374 2886 p.
407 2838 500 2878 161.
556 2837 606 2874 Et
643 2836 839 2888 complura
866 2838 993 2874 istius-

1055 974 1308 1013 modi‘futura
1327 975 1436 1011 tertia
1455 973 1592 1025 passivi
1611 979 1713 1010 attu-

1054 1033 1098 1070 lit
1114 1031 1161 1069 ad
1182 1030 1221 1071 h.
1242 1032 1268 1071 l.
1290 1030 1490 1079 Valcken.,
1521 1042 1619 1083 quae
1648 1030 1714 1066 fu-

1054 1090 1128 1126 turi
1149 1089 1260 1126 activi
1279 1089 1358 1124 vim
1371 1101 1414 1125 ac
1428 1089 1628 1124 notionem
1642 1085 1713 1123 de-

1054 1147 1210 1183 clarant.
1266 1144 1369 1182 Add.
1401 1143 1535 1182 Matth.
1557 1144 1623 1182 Gr.
1646 1144 1714 1180 Gr.

1055 1203 1092 1248 §-
1114 1200 1196 1243 498
1214 1202 1306 1254 ibiq.
1329 1203 1452 1240 citata.
1501 1201 1579 1237 Ain
1598 1198 1711 1238 codd
1743 1237 1746 1239 Α

1049 1254 1304 1309 ἐμπρήσεται,
1335 1258 1398 1294 alii
1432 1253 1711 1323 ε’μπρήσσεται.

1050 1313 1232 1352 Matthiae
1269 1315 1423 1351 retinuit
1459 1309 1711 1379 ἔμπρήσεται,

1054 1370 1158 1424 quod
1187 1372 1322 1408 Latine
1336 1371 1513 1421 exponit.
1536 1371 1712 1407 incensum

1052 1430 1111 1476 iri,
1133 1441 1222 1464 cum
1234 1424 1523 1479 ε’μπεπρησεται
1535 1427 1578 1476 (i.
1591 1439 1624 1463 e.
1649 1438 1712 1463 m-

1053 1498 1155 1522 censa
1173 1484 1308 1535 futura
1328 1488 1427 1534 esse)
1458 1485 1584 1520 minus
1615 1494 1708 1519 con·

1049 1543 1189 1579 veniat.

1107 1595 1146 1643 ἐς
1171 1593 1214 1635 δὲ
1242 1597 1366 1634 ταῦτα
1395 1592 1468 1646 μὲν
1501 1591 1558 1634 οὔ
1588 1588 1710 1645 ποι-η’-

1050 1653 1182 1700 σουσι]
1205 1653 1262 1688 De
1283 1652 1418 1689 vocula
1439 1646 1489 1690 ου’
1508 1653 1548 1688 in
1560 1651 1710 1697 talibus,

1049 1710 1116 1745 ubi
1146 1705 1199 1760 μὴ
1211 1715 1508 1759 -exspectaveras
1518 1736 1528 1753 ‚
1558 1707 1710 1744 monuit

1050 1764 1186 1804 Matth.
1210 1765 1275 1803 Gr.
1299 1766 1364 1802 Gr.
1386 1776 1474 1815 pag.
1492 1765 1614 1813 1221.
1642 1764 1710 1800 Tu

1051 1821 1140 1862 add.
1177 1834 1276 1873 quae
1303 1823 1382 1872 ipse
1404 1821 1497 1857 olim
1531 1818 1710 1871 lisputavi

1051 1879 1091 1915 in
1127 1878 1305 1914 Creuzeri
1335 1877 1478 1913 Melett.
1506 1877 1560 1912 111
1589 1889 1627 1926 p.
1655 1878 1707 1917 21

1051 1941 1146 1973 nott.
1169 1933 1281 1973 Held.
1304 1930 1710 1971 adPlutarch.Timol.

1054 1994 1138 2043 91)-
1161 1990 1255 2032 357.
1287 1991 1381 2031 358.
1413 1988 1546 2027 Iacobs
1569 1988 1710 2026 Anim-

1053 2046 1216 2084 adverss.
1247 2048 1286 2083 in
1317 2045 1457 2083 Achill.
1487 2046 1577 2082 Tat.
1605 2045 1709 2094 VIII,

1051 2107 1075 2144 6
1097 2117 1134 2154 p.
1157 2102 1238 2143 948
1264 2104 1302 2139 in
1323 2104 1471 2139 Aelian.
1491 2103 1538 2139 N.
1559 2102 1606 2140 A.
1625 2102 1708 2149 vn,

1050 2159 1103 2200 48
1126 2171 1213 2209 pag.
1236 2161 1330 2199 281.
1363 2181 1414 2186 —
1448 2157 1560 2203 Quod
1579 2158 1710 2210 sequi-

1049 2223 1110 2252 tur
1130 2212 1196 2253 ὁιοέ
1218 2211 1344 2264 μάχης
1365 2214 1550 2266 ἔρχεσθαι
1564 2221 1620 2251 est
1638 2227 1709 2264 pu-

1047 2284 1157 2320 gnam
1181 2271 1401 2321 periclitari,
1423 2272 1609 2321 suscipere.
1649 2269 1708 2308 Cf.

1049 2327 1146 2375 vm,
1169 2330 1236 2367 77.

1104 2378 1409 2435 ἐπηρεάζοντες]
1458 2382 1484 2420 i.
1526 2395 1559 2418 e.
1599 2382 1708 2419 obtre-

1049 2443 1209 2487 ctantes,
1275 2441 1504 2488 obiurgantes
1544 2437 1712 2490 indeque

1051 2499 1267 2534 minitantes.
1299 2497 1413 2533 Plura
1434 2494 1481 2531 de
1503 2493 1575 2532 hoc
1590 2495 1710 2532 verbo

1051 2555 1180 2593 wass.
1221 2551 1269 2588 ad
1306 2550 1527 2603 Thucydid.
1568 2552 1597 2596 1,
1639 2553 1709 2592 27.

1053 2609 1177 2647 Verba
1218 2610 1393 2660 proxime
1423 2621 1528 2660 seqq.
1555 2604 1605 2648 τά
1634 2621 1708 2661 περ

1051 2665 1175 2713 σφέας
1209 2664 1359 2713 κατέξει
1407 2665 1557 2702 valent:
1617 2676 1708 2714 quae

1048 2725 1134 2772 ipsis
1161 2726 1326 2760 eventura
1357 2724 1439 2760 sint.
1496 2721 1555 2761 Cf.
1587 2722 1616 2768 1,
1637 2719 1705 2760 65.

957 2791 992 2816 a.
1050 2781 1109 2826 Vl,
1131 2779 1196 2819 40.
1217 2800 1272 2806 -
1301 2777 1363 2815 Ad
1383 2779 1497 2815 verba
1526 2776 1709 2828 ἐκτομίας

1050 2832 1270 2887 ποιήσομεν
1297 2836 1398 2872 conf.
1426 2837 1489 2882 ΙΠ,
1520 2833 1574 2876 48
1600 2840 1637 2871 et
1657 2831 1706 2869 ad
