1897 3340
455 171 1110 210 TERPSICHORE.
1174 172 1218 206 V.

1390 175 1469 213 117

207 286 310 324 σθαι
353 284 442 323 τῶν
472 279 709 334 Ὁμηρείων
742 277 880 320 ἐπέων
909 279 1069 327 εἵνεκα,
1112 277 1178 320 ὅτι
1206 276 1389 331 Ἀργεῖοί
1426 295 1469 321 τε

206 349 278 390 καὶ
307 347 465 402 ’Ἄργος
513 347 565 388 τοὶ
602 345 742 388 πολλοὶ
790 343 931 388 πάντα
960 344 1188 400 ὑμνέαται·
1238 348 1367 386 τοῦτο
1409 346 1467 397 δὲ,

204 415 352 473 ἡρῷον
371 413 454 468 γάρ
475 410 530 468 ἦν
550 414 619 456 καὶ
643 414 729 457 ἔστι
751 413 797 456 ἐν
819 410 930 469 αὐτῇ
952 416 1003 468 τῇ
1025 410 1165 469 ἀγορῇ
1187 417 1275 454 τῶν
1297 415 1468 454 Σικυω-

204 483 311 524 νίων
334 479 570 536 Ἀδρήστου
605 486 683 525 τοῦ
722 484 921 533 Ταλαοῦ,
959 483 1120 523 τοῦτον
1158 479 1403 536 ἐπεθύμησε
1443 479 1466 522 ὁ

148 690 312 740 Sicyone
335 687 469 725 cedere
500 690 642 736 coacti,
673 702 713 725 se
743 703 805 725 re-

146 747 286 795 cepisse
317 758 480 796 eamque
519 747 594 782 suis
624 747 805 782 carmini-

146 803 215 839 bus
235 803 294 838 vel
315 804 436 852 magis
459 802 663 839 celebrasse
680 803 735 838 illi
746 804 805 839 vi-

145 858 294 896 dentur.
352 858 438 896 Vid.
469 857 634 896 Nitzsch.
665 860 723 895 De
744 858 805 895 hi—

144 923 233 952 stor.
254 917 411 952 Homer.
432 928 520 966 pag.
546 914 624 956 154
645 929 726 968 seq.

199 975 279 1011 τῶν
313 970 534 1024 Ὁμηρείων
573 970 702 1011 ἐπέων
747 971 804 1010 εἵ-

145 1029 267 1077 νεκα]
300 1030 384 1076 „Ob
407 1028 591 1075 eandem,
623 1042 720 1080 quae
740 1027 803 1065 hic

143 1086 387 1136 significatur,
411 1098 565 1122 causam
581 1084 716 1122 divinis
730 1084 803 1121 ho—

141 1143 299 1179 noribus
346 1144 561 1179 Homerum
615 1143 804 1193 prosecuti

143 1206 230 1236 sunt
264 1199 420 1249 Argivi3
460 1201 550 1250 quia
587 1201 804 1236 universam

143 1254 301 1306 quidem
312 1257 543 1292 carminibus
553 1256 628 1292 suis
638 1256 805 1292 illustra-

143 1313 197 1348 vit
218 1312 440 1359 Graeciam,
473 1311 584 1361 ἔξοχα
607 1306 639 1349 δ’
657 1306 804 1363 Ἀργεί-

146 1383 228 1416 ους,
241 1376 283 1404 ut
304 1375 359 1405 est
378 1371 417 1405 in
438 1370 570 1418 Epigr.
585 1369 804 1404 CDXCVII.

145 1426 195 1462 T.
204 1423 630 1462 lH.Analectt.Brunck.
640 1424 805 1475 p.256.“

147 1481 531 1530 SchweighaeuS.
589 1480 690 1517 Add.
723 1482 804 1516 Ae—

143 1539 232 1574 lian.
253 1539 298 1575 V.
319 1539 367 1575 H.
388 1539 457 1585 IX,
484 1536 532 1577 15
554 1544 591 1573 et
610 1550 708 1589 quae
730 1538 803 1574 alia

142 1595 266 1631 attulit
283 1593 450 1631 Nitzsch.
491 1592 696 1646 De'histor.
718 1595 802 1630 Ho-

140 1664 235 1687 mer.
252 1664 339 1701 pag.
357 1650 447 1702 155.
470 1650 687 1688 Herodotea
702 1664 802 1702 quo-

142 1721 216 1759 que
247 1709 368 1758 attigit
402 1706 576 1744 Eustath.
612 1707 660 1744 ad
690 1707 800 1748 Iliad,

141 1777 227 1816 pag.
249 1766 328 1804 288
350 1777 379 1800 S.
401 1766 496 1811 218,
518 1767 584 1805 36.

197 1817 244 1859 τὰ
274 1817 398 1858 πολλὰ
429 1816 559 1859 πάντα
588 1818 798 1870 ὑμνέαται]

141 1879 166 1916 i.
189 1891 222 1914 e.
256 1880 417 1926 quoniam
447 1879 485 1914 in
509 1879 554 1914 iis
587 1878 712 1928 ubique
722 1876 802 1927 sere

141 1948 208 1971 non
236 1935 307 1971 αἰεί
337 1934 469 1982 Argivi
499 1937 531 1970 et
570 1934 685 1982 Argos
716 1934 801 1971 cele-

141 1992 302 2030 brantur.
387 1992 445 2027 Ita
490 1989 801 2041 Schweighaeus.

142 2048 243 2085 Olim
253 2049 378 2084 minus
397 2048 495 2084 bene
516 2054 553 2084 et
563 2055 694 2084 contra
714 2061 800 2084 me-

140 2105 279 2141 liorum
315 2105 499 2141 librorum
537 2105 800 2141 auctoritatem

141 2158 188 2199 τοὶ
206 2158 332 2200 πολλοὶ
355 2157 532 2200 πάντων.
589 2163 641 2198 At
659 2160 736 2198 vid.
767 2163 798 2208 I,

142 2220 222 2258 203
253 2218 381 2269 ibique
400 2225 496 2254 nott.
527 2217 746 2255 Eustathius
771 2219 797 2257 l.

141 2274 167 2311 l.
207 2272 301 2311 haec
340 2275 455 2311 verba
487 2276 540 2311 sic
571 2274 702 2311 essert:
747 2271 801 2320 frui

141 2327 266 2369 πολλὰ
301 2329 344 2369 ἓν
396 2326 532 2377 αὐτοῖς
561 2329 798 2382 ὑμνοῦνται.

141 2387 253 2432 Quod
295 2400 385 2424 vero
431 2386 613 2425 Valcken.
664 2389 798 2439 reponi

140 2444 222 2480 vult
231 2440 297 2483 δια
308 2439 481 2491 πάντων,
502 2445 527 2480 i.
541 2458 573 2480 e.
584 2458 671 2495 prae
690 2447 797 2481 omm’-

137 2500 222 2547 bus,
253 2507 296 2536 ut
314 2501 378 2547 VI,
402 2503 468 2541 63.
505 2501 586 2548 VH,
609 2503 676 2542 83.
696 2502 795 2548 VIII,

138 2557 203 2595 69.
237 2556 328 2596 142.
348 2557 378 2603 I,
395 2557 466 2602 25,
496 2556 536 2594 id
557 2570 578 2594 a
593 2557 706 2595 codd.
726 2571 784 2595 ve-

138 2613 252 2662 stigiis
270 2614 384 2650 nimis
403 2613 557 2650 recedit.

194 2666 331 2721 ἡρῷον
373 2667 449 2721 yde
481 2664 535 2720 ἦν
561 2668 627 2709 καὶ
652 2668 731 2708 ἔστι
760 2685 795 2707 κ.

140 2738 172 2759 τ.
191 2725 253 2772 λ.]
293 2727 350 2761 De
380 2728 563 2776 particula
597 2723 671 2778 γᾴρ
694 2727 796 2763 conf.

140 2792 237 2830 quae
272 2780 319 2817 ad
351 2783 381 2828 L
402 2784 440 2822 8.
462 2782 515 2824 24
546 2790 634 2833 sunt
652 2790 796 2820 notata.

861 685 1001 742 ’ἡρῷον
1021 688 1151 723 locum
1173 686 1247 724 dici
1269 685 1429 723 heroum
1462 699 1524 723 sa-

863 746 933 781 cris
951 743 1170 780 dedicatum
1185 745 1334 780 monuit
1348 744 1524 780 Creuzer.

861 802 900 836 in
932 801 1108 852 Symbol.
1137 802 1191 836 111
1219 813 1307 851 pag.
1329 799 1382 840 49
1405 813 1525 852 seqq.,

864 858 930 894 ubi
951 865 987 894 et
1008 854 1116 907 ἱερόν
1133 864 1170 894 et
1185 856 1344 906 τέμενος
1363 857 1525 893 subinde

864 915 956 965 poni
977 912 1103 960 addit,
1126 926 1363 966 quamquam
1383 915 1525 965 quiac-

861 972 1026 1007 curatius
1060 971 1296 1021 loquuntur,
1334 970 1360 1005 ii
1386 969 1433 1006 de
1455 969 1524 1007 diis

860 1028 948 1064 solis
986 1025 1168 1064 adhibent
1205 1027 1366 1063 verbum
1399 1023 1522 1078 ἱερόν.

860 1086 1036 1135 Namque
1047 1096 1126 1120 vox
1148 1082 1308 1134 τέμενος
1327 1083 1438 1120 latius
1450 1096 1523 1134 pa-

860 1148 914 1177 tet
934 1141 1108 1193 quemvis
1128 1141 1257 1177 locum
1276 1147 1475 1177 exemtum
1488 1147 1523 1177 et

862 1196 934 1234 deo
969 1196 1123 1234 cuidam
1154 1199 1233 1234 sive
1254 1197 1367 1233 sacris
1390 1198 1523 1234 ritibus

862 1253 1093 1290 destinatum
1113 1253 1310 1290 indicans:
1334 1253 1524 1304 quemad-

860 1309 1022 1347 modum
1059 1312 1139 1360 ipse
1171 1309 1387 1346 Herodotus
1426 1311 1524 1346 infra

861 1373 1138 1404 commemorat
1167 1367 1376 1417 Melanippi
1413 1365 1525 1417 vesus-

861 1438 944 1469 νος.
978 1424 1088 1460 Conf.
1110 1431 1206 1460 nott.
1228 1422 1276 1459 ad
1294 1424 1361 1470 HI,
1386 1422 1479 1464 142.

916 1475 1131 1530 Ἀδρήστου
1145 1481 1219 1518 τοῦ
1241 1480 1416 1527 Ταλαοῦ]
1433 1480 1524 1525 „Sic

861 1534 922 1572 ed.
943 1536 1178 1586 Wesseling.
1203 1536 1524 1573 consentientibus

858 1593 984 1641 libris,
1051 1591 1383 1644 quemadmodum
1421 1592 1524 1644 apud

858 1648 1153 1700 Apollodorum,
1166 1651 1396 1686 Pausaniam
1409 1651 1523 1686 alios-

860 1720 935 1758 que
970 1707 1145 1743 scribitur
1174 1705 1213 1743 id
1241 1719 1400 1743 nomen.
1445 1709 1523 1745 Τα-

858 1758 958 1801 λάου
1021 1763 1080 1801 ed.
1135 1762 1331 1800 Schaefer.
1382 1775 1522 1800 casune.

858 1818 964 1856 haud
985 1819 1110 1856 dicam
1131 1833 1180 1856 au
1212 1820 1384 1856 consulto
1397 1848 1406 1866 ‚
1444 1833 1521 1872 quo

858 1877 929 1913 viri
948 1889 1092 1913 nomen
1109 1875 1363 1926 distinguatur
1382 1876 1430 1912 ab
1450 1876 1522 1913 ad·-

858 1934 994 1970 iectivo
1009 1930 1164 1979 ταλαὸς,
1185 1932 1289 1984 quod
1309 1932 1418 1970 Valla
1435 1946 1523 1984 spe-

858 1997 1025 2026 ctaverat
1050 2019 1060 2037 ,
1112 1990 1265 2027 Adrasti
1324 1989 1526 2027 calamitosi

857 2054 1020 2084 vertens.
1040 2048 1063 2066 “
1135 2046 1519 2094 Schweighaeus-

857 2105 956 2140 Hinc
991 2103 1108 2140 Gaisf.
1141 2116 1184 2139 ac
1211 2101 1394 2139 Matthiae
1420 2111 1521 2140 recte

857 2159 1046 2197 dederunt
1068 2162 1236 2198 Ταλαοῦ.
1280 2161 1337 2195 De
1358 2158 1520 2197 Adrasto

857 2217 959 2255 conf.
980 2218 1141 2253 Excurs.
1163 2215 1211 2253 ad
1230 2217 1324 2259 I‚35
1342 2229 1428 2266 pag.
1439 2218 1521 2257 890

857 2274 974 2310 Tom.
996 2275 1027 2310 I.
1086 2274 1160 2318 Qui
1189 2272 1294 2309 idem
1325 2274 1519 2322 Argormn

855 2344 924 2367 rex
944 2329 1106 2367 Athenis
1134 2342 1288 2381 quoque
1307 2342 1422 2366 suum
1447 2328 1520 2366 ha-

854 2388 936 2424 buit
955 2385 1091 2439 ἦρῷου
1112 2393 1205 2423 teste
1235 2388 1399 2423 Pausan.
1420 2387 1450 2432 Ι,
1466 2389 1519 2427 30

853 2443 920 2482 fm.
949 2451 986 2480 et
1007 2457 1028 2480 a
1047 2443 1332 2494 Megarensibus
1354 2444 1519 2493 accipie—

853 2501 917 2537 bat
945 2499 1109 2537 honores
1123 2514 1133 2548 3
1150 2501 1293 2552 quippe
1307 2499 1409 2550 apud
1424 2512 1517 2550 quos

853 2555 1000 2595 Thebis
1040 2558 1158 2608 captis
1207 2556 1331 2593 redux
1378 2548 1527 2592 obiisse'

853 2614 982 2661 fertur,
1003 2620 1097 2651 teste
1126 2612 1263 2650 eodem
1283 2613 1468 2649 Pausania
1488 2612 1516 2657 1,

854 2669 922 2711 43-
983 2670 1067 2715 Quo
1098 2672 1214 2707 etiam
1241 2670 1331 2706 facit
1357 2670 1516 2716 Dieuty-

855 2725 985 2763 chides
998 2756 1008 2773 ‚
1031 2728 1097 2778 qui
1116 2727 1225 2764 tertio
1237 2726 1514 2774 Megaricorum

856 2784 951 2820 libro
977 2783 1129 2820 Adrasti
1158 2779 1428 2831 cenotaphium
1452 2778 1515 2815 Si-
