1897 3340
515 160 976 202 POLYMNIA
1035 160 1135 198 VII.
1390 167 1473 207 (323

217 270 398 325 σαλικοὲ,
439 272 519 317 τόν
547 288 591 317 τε
617 270 854 328 ’Ὄλυμπον
878 270 951 314 καὶ
980 268 1060 325 τὴν
1086 266 1268 320 Ὄσσαν,
1300 271 1530 324 μεγάθεΐ40

214 356 258 383 τε
303 338 552 397 ὑπερμήκεα
591 339 737 393 ἐόντα,
779 337 851 382 διαὶ
882 337 1019 393 μέσου
1047 352 1090 380 τε
1119 333 1268 378 αὐτῶν
1298 333 1476 380 αὐλῶνα

158 514 368 550 accuratius
388 510 624 564 perquisivit:
650 523 745 563 quos
761 517 816 548 et-

156 570 236 605 iam
274 570 444 621 inprimis
502 567 616 604 duces
665 574 814 605 secutus

158 627 324 663 Klausen
339 625 386 662 de
399 626 562 676 Olympo
572 631 704 661 monte
715 626 816 675 opti-

156 696 222 719 me
242 683 415 733 exposuit
441 683 481 717 in
500 679 634 718 Ersch.
656 688 693 718 et
713 683 818 718 Gru-

156 740 236 778 ber.
271 739 481 789 Encyclop.
509 738 610 775 Sect.
631 739 685 774 III
715 739 765 775 T.
788 742 812 779 3

155 808 243 846 pag.
273 797 353 836 328
374 808 452 847 seq.
483 796 658 846 Namque
672 795 817 846 Olympi

154 853 279 889 montis
297 853 455 888 nomine
465 852 573 902 plura
587 853 813 904 plerumque

154 908 416 959 significantur
454 910 647 945 montium
679 910 816 946 altissi-

153 978 308 1002 morum
337 967 446 1016 iuga,
497 979 594 1017 quae
621 973 710 1002 sunt
743 979 814 1002 ex-

153 1029 275 1059 trema
295 1023 394 1060 illius
415 1029 577 1071 tractus,
600 1024 665 1074 qui
686 1024 732 1059 ab
750 1036 814 1060 oc·-

153 1092 242 1116 casu
253 1081 440 1116 orientem
452 1093 580 1117 versus
591 1080 711 1116 ferme
723 1093 816 1131 por-

152 1143 276 1173 rectus
312 1143 349 1173 et
395 1136 662 1174 Cambuniorum
699 1150 816 1174 mon-

151 1194 250 1229 tium
278 1194 436 1230 nomine
469 1201 582 1230 notus
604 1193 724 1242 (nunc
743 1207 817 1231 vo-

151 1257 241 1287 cant
260 1257 434 1287 montem
460 1248 626 1301 Volutza)
650 1252 689 1287 in
710 1250 812 1288 hunc

150 1307 277 1358 ipsum
291 1307 445 1358 Olympi
457 1314 631 1344 montem
641 1309 816 1344 omnium

151 1376 243 1400 sane
277 1364 504 1401 altissimum
541 1377 584 1401 ac
611 1366 709 1401 mari
732 1366 814 1401 Ae-

152 1433 247 1471 gaeo
267 1422 489 1471 proximum
510 1419 667 1459 desinat.
708 1422 813 1468 Quae

153 1478 332 1514 altissima
369 1479 510 1515 montis
538 1478 714 1515 feruntur
747 1491 815 1515 ca-

153 1535 308 1571 cumina
327 1531 470 1586 (οὕρεα
501 1531 674 1587 μεγάθεϊ
688 1534 815 1588 ὕπερ-

154 1587 284 1642 μήκεα
302 1589 441 1643 ἐόντα)
459 1590 508 1628 ad
527 1605 596 1628 sex
613 1606 644 1629 s.
665 1599 812 1643 septem

152 1647 396 1699 mille'pedes
414 1650 655 1699 exsurgentia
676 1648 813 1697 (1017

153 1706 287 1742 Toises
329 1706 437 1756 ponit
468 1706 684 1755 Bernoulli)
723 1707 812 1743 nive

151 1763 378 1813 plerumque
405 1763 577 1810 obtecta,
605 1762 813 1799 terribilem

151 1820 285 1870 utique
315 1817 537 1869 adspectum
557 1820 729 1855 cominus
746 1832 814 1855 ac-

152 1874 372 1912 cedentibus
415 1876 597 1926 praebere
634 1875 813 1912 dicuntur

152 1932 201 1969 ob
239 1932 360 1968 multa
387 1944 478 1968 saxa
511 1939 714 1984 praerupta
745 1945 814 1968 ru-

151 2001 295 2040 pesque
316 1988 478 2026 declives
513 2002 556 2026 ac
587 1990 811 2040 praecipites

153 2058 291 2097 easque
312 2047 481 2082 maxime
503 2044 623 2083 aridas
648 2060 720 2082 nec
750 2047 813 2082 ul-

151 2103 197 2139 lis
226 2101 353 2139 herbis
390 2103 576 2154 plantisve
603 2109 741 2150 tectasr,
791 2116 812 2139 e

152 2159 364 2210 longinquo
412 2166 623 2210 spectantes
680 2160 809 2196 animo

153 2216 356 2252 maiestatis
394 2217 508 2266 pleno
546 2217 610 2253 illa
642 2216 813 2254 afficiunt

154 2278 268 2323 atque
285 2271 506 2309 incendunt.
534 2275 668 2325 Neque
682 2280 813 2310 tamen

155 2340 245 2364 cum
265 2329 463 2364 Helvetiae
482 2329 654 2379 Alpibus,
677 2344 698 2366 e
714 2344 812 2383 qua-

154 2398 242 2422 rum
258 2385 517 2421 cacuminibus
525 2398 724 2437 nunquam
736 2386 814 2424 dis-

154 2441 255 2479 cedit
263 2442 558 2491 nix‚comparari
568 2444 815 2494 posseOlym-

154 2511 250 2549 pum
271 2510 446 2549 expresse
465 2509 681 2535 monemur.
724 2499 812 2537 vid.

153 2554 427 2592 Vaudoncourt
457 2552 712 2606 Schilderung
747 2555 813 2593 des

155 2609 300 2662 heutig.
341 2608 558 2648 Griechenl.
595 2623 684 2661 pag.
719 2614 816 2652 388.

155 2667 443 2720 Poucquevillei
472 2668 596 2704 itiner.
628 2669 657 2715 1,
678 2670 705 2707 2
725 2680 813 2718 pag.

157 2721 238 2763 400
259 2737 341 2775 cap.
362 2726 415 2765 76
437 2722 495 2760 ed.
523 2736 678 2761 vernae.
706 2723 816 2761 Dod-

158 2780 256 2816 well.
276 2782 386 2818 Reise.
407 2779 444 2818 d.
464 2778 618 2819 Griech.
638 2781 686 2828 Π,
711 2783 730 2821 1
754 2793 816 2831 cp.

874 514 925 552 19
945 523 1033 562 pag.
1058 512 1137 550 190
1158 522 1238 562 seq.
1270 509 1376 545 Inter
1396 508 1532 560 Olym-

871 582 965 620 pum
993 574 1168 604 montem
1199 579 1243 603 rc
1267 579 1372 602 mare
1406 578 1531 616 angu-

871 633 973 662 stum
985 626 1149 676 spatium
1170 622 1286 675 idque
1296 630 1531 673 stagnosum‚

872 696 940 734 per
970 681 1074 734 quod
1093 681 1155 717 via
1184 679 1287 717 ducit
1308 693 1329 716 a
1349 679 1532 716 Macedo-

872 741 935 776 nia
955 741 995 775 in
1016 737 1282 785 Thessaliam,
1323 750 1345 773 a
1376 743 1532 788 septen-

868 798 992 833 trione
1013 808 1129 847 aquas
1149 795 1267 831 volvit
1277 795 1445 845 Enipeus
1456 793 1532 830 flu·-

869 854 952 890 vius
972 866 1041 904 per
1070 853 1267 902 planitiem
1297 858 1448 902 postera
1464 863 1532 887 ae·-

870 917 946 947 tate
977 910 1024 946 ob
1046 911 1311 946 Romanorum
1342 921 1385 945 ac
1406 909 1532 944 Mace-

871 966 1017 1004 donum
1055 978 1202 1017 pugnas
1230 966 1531 1012 celeberrimam,

872 1037 893 1060 a
922 1022 1081 1060 meridie
1123 1021 1260 1059 adsunt
1299 1023 1453 1072 Tempe
1487 1034 1532 1058 ac

872 1083 1044 1128 Peneus,
1069 1079 1116 1116 ad
1150 1080 1256 1116 cuius
1287 1080 1446 1116 alteram
1478 1079 1533 1114 ri-

871 1151 962 1189 pam
1000 1138 1168 1187 exsurgit
1200 1137 1291 1174 Ossa
1321 1149 1455 1183 mons,
1496 1141 1532 1172 et

870 1197 951 1246 ipse
972 1207 1158 1246 perquam
1177 1194 1286 1242 altus,
1308 1192 1374 1230 sed
1396 1194 1532 1243 Olym-

872 1265 968 1303 pum
1023 1264 1102 1288 nou
1153 1263 1333 1303 aequans.
1419 1251 1532 1286 Nunc

874 1310 1060 1361 Olympus
1087 1314 1180 1344 teste
1214 1309 1325 1344 Krus.
1366 1307 1494 1343 Hellas
1514 1306 1532 1342 1

870 1380 910 1417 p.
926 1369 1008 1407 282
1020 1379 1041 1402 a
1063 1364 1216 1402 Graecis
1235 1371 1394 1402 vocatur
1413 1363 1534 1401 Elim-

871 1424 911 1460 bo
945 1420 1183 1474 (”Ελιμπος)
1205 1434 1226 1457 a
1245 1422 1382 1458 Turcis
1404 1421 1534 1459 Sema-

870 1479 1054 1517 rat-Evi
1084 1480 1109 1516 i.
1141 1493 1173 1517 e.
1207 1479 1326 1515 domus
1355 1478 1532 1526 coelestis3

869 1537 909 1572 in
939 1549 1016 1587 quo
1047 1537 1129 1586 ipso
1165 1543 1334 1572 veterem
1367 1535 1532 1586 appella-

869 1594 1036 1641 tionem,
1068 1606 1117 1629 ex
1133 1605 1209 1644 qua
1240 1593 1450 1644 Olympum
1470 1605 1532 1628 se-

868 1649 957 1687 dem
968 1649 1129 1687 deorum
1140 1647 1533 1701 linxerant,quodam-

867 1706 986 1744 modo
1017 1708 1198 1757 cognosci
1227 1706 1379 1743 dixeris.
1453 1704 1532 1742 Sed

869 1763 917 1801 de
938 1762 1008 1811 his,
1030 1776 1128 1815 quae
1151 1762 1189 1800 h.
1210 1764 1236 1800 l.
1258 1763 1428 1814 pluribus
1441 1775 1532 1812 per-

868 1822 975 1872 sequi
996 1833 1075 1857 non
1095 1826 1226 1867 vacat,
1248 1819 1326 1856 vid.
1349 1820 1530 1855 Klausen.

865 1878 892 1914 l.
911 1879 951 1925 l.‚
977 1878 1043 1929 qui
1062 1876 1166 1913 idem
1187 1890 1224 1927 p.
1242 1874 1408 1917 3321100
1431 1889 1531 1927 quo-

868 1947 942 1986 que
964 1935 1096 1984 attigit,
1123 1934 1170 1969 ab
1202 1931 1397 1969 Herodoto
1424 1931 1530 1969 hunc

867 1998 1041 2027 montem
1089 1989 1311 2027 Thessaliae
1355 1989 1528 2038 adscribi,

868 2061 958 2085 cum
993 2048 1056 2084 alii
1103 2048 1250 2084 serioris
1289 2047 1528 2098 potissimum

868 2105 997 2141 aetatis
1041 2105 1241 2155 scriptores
1282 2117 1372 2139 eum
1409 2102 1528 2140 modo

867 2160 1087 2198 ThessaIIae
1124 2160 1242 2198 modo
1279 2159 1529 2197 Macedoniae

869 2215 990 2269 (unde
1022 2219 1084 2256 vel
1119 2216 1359 2254 Macedonici
1387 2218 1530 2254 montis

866 2288 1011 2312 nomen
1042 2275 1266 2327 acquisivit)
1298 2273 1452 2311 addant.
1472 2296 1529 2302 —

865 2333 924 2369 De
971 2333 1063 2370 Ossa
1101 2331 1179 2370 vid.
1218 2338 1313 2371 nott.
1357 2330 1406 2369 ad
1445 2332 1528 2381 VII,

924 2442 990 2484 διοῖ
1013 2443 1133 2496 μέσου
1150 2459 1190 2484 τε
1213 2441 1348 2484 αὐτῶν
1365 2439 1528 2484 αὐλῶνα

869 2498 1024 2540 στεινόν
1065 2497 1376 2552 πυνθανόμενος
1413 2497 1529 2549 εἶναι,

870 2551 927 2595 δι’
960 2551 1010 2596 οὗ
1044 2556 1123 2605 ῥέει
1152 2557 1176 2598 ὅ
1209 2555 1401 2609 Πηνειός]
1434 2559 1527 2593 Iun-

869 2624 1005 2662 gamus
1024 2611 1127 2651 hisce
1148 2628 1204 2663 ea,
1236 2628 1334 2667 quae
1354 2615 1434 2659 VII,
1447 2614 1525 2652 173

872 2676 1040 2707 exstant:
1072 2665 1232 2710 οἷπίκετο
1250 2671 1289 2718 ἔς
1308 2667 1355 2709 τοὶ
1372 2668 1527 2719 Τέμπεα

871 2723 911 2772 ἐς
929 2723 1002 2777 τήν
1022 2724 1202 2779 ἐσβολήν,
1215 2723 1317 2777 ἥπερ
1339 2721 1419 2764 virro*
1432 2727 1527 2763 Μα-

870 2782 1054 2834 κεδονίης
1086 2786 1158 2834 τῆς
1184 2780 1290 2822 κάτω
1318 2781 1357 2828 ἐς
1378 2781 1526 2820 Θεσσα-
