1897 3340
128 348 138 369 Χ

399 210 458 252 94
803 212 1260 248 HERODOTt

399 317 651 370 βαίνοντος,
683 316 773 372 ἅμα
795 322 848 373 τῇ
870 323 996 375 φωνῇ
1027 320 1263 375 μετέβαλον
1284 320 1356 362 καὶ
1385 319 1463 363 τὸν
1483 319 1684 374 §vanam

374 389 493 428 Ξτῶν
511 385 788 440 γραμμάτων.
833 389 1087 439 Περιοίκεον
1117 388 1164 429 δέ
1187 399 1322 442 σφεας
1345 386 1397 429 τοὶ
1417 389 1553 431 πολλὰ
1571 393 1661 432 τῶν

404 453 562 507 χώρων
589 455 750 494 τοῦτον
779 451 856 495 τὸν
885 451 1050 507 χρόνον
1073 452 1290 508 Ἑλλήνων
1307 454 1474 505 Ἴωνες·
1506 459 1550 499 οἳ
1580 471 1660 499 πα-

404 518 668 573 ραλαβόντες
690 520 843 575 διδαχῇ
864 520 983 571 παρὰ
999 524 1086 564 ταῖν
1100 523 1323 565 Φοινίκων
1341 521 1393 566 τοὶ
1413 521 1658 577 γράμματα,

402 585 831 641 μεταρῤυθμίσαντές
846 597 994 642 σφεων
1015 586 1151 643 ὀλίγα,
1173 588 1380 644 ἐχρέωντο
1393 603 1402 613 ·
1423 588 1689 645 χρεώμενοιὸ

347 779 481 831 pidum
516 788 772 830 narratorem,
803 780 877 820 hoc
906 795 1005 835 quo-

346 849 421 888 que
449 837 534 873 loco
555 844 685 874 tenere
708 851 858 876 morem
877 852 1004 887 suum,

347 905 469 944 quum
492 906 532 930 se
559 907 639 931 non
667 902 811 932 certam
831 903 867 932 et
886 897 1004 946 vulgo

346 948 530 986 creditam
582 964 687 999 rem,
744 951 812 989 sed
858 953 1003 989 famam

345 1004 541 1057 quandam
560 1008 630 1044 sibi
649 1009 848 1058 probatam
867 1008 1002 1045 afferre

344 1061 555 1112 significet,
585 1065 665 1115 ipse
688 1077 840 1113 cavens,
870 1079 920 1102 ne
940 1066 1002 1102 cui

342 1117 555 1169 myzhicam
597 1134 680 1157 rem
709 1134 778 1171 pro
808 1129 1002 1173 comperta

345 1173 487 1212 habere
502 1176 657 1214 liberast
686 1177 871 1216 Valcken.
893 1177 941 1215 ad
961 1177 1000 1216 h.

342 1232 372 1268 l.
402 1230 450 1268 de
477 1233 591 1270 literis
621 1233 797 1271 Cadmeis
826 1236 1004 1271 citaverat

343 1287 538 1325 Plutarch.
585 1290 622 1324 Π
658 1303 747 1340 pag.
785 1292 866 1330 738
887 1292 934 1327 Ε.
966 1297 1003 1327 et

347 1346 454 1384 1009
473 1346 532 1392 E„
554 1344 657 1396 apud
676 1347 906 1383 Pausaniam
924 1347 1003 1383 fre-

345 1407 506 1451 quenter
521 1404 815 1439 commemorari
825 1402 1003 1440 adiiciens

343 1457 466 1507 prisca
477 1459 752 1508 epigrammata
767 1460 881 1496 literis
902 1461 1004 1497 anti-

345 1514 429 1563 quis
455 1514 589 1550 Atticis
608 1517 757 1565 scripta,
778 1517 840 1561 VI,
865 1518 914 1556 19
936 1516 1004 1553 fin.

343 1569 391 1614 V,
425 1571 486 1616 17,
519 1572 558 1609 3.
588 1571 632 1617 V,
661 1571 1002 1619 22W2V11L25

345 1626 384 1670 §-
408 1627 444 1663 1-
473 1625 578 1670 Quae
598 1600 673 1662 uita
694 1640 783 1662 cum
804 1627 882 1663 aliis
903 1641 1002 1679 quo-

346 1694 422 1733 que
443 1683 619 1719 excitavit
651 1683 810 1720 Siebelis
832 1683 879 1720 ad
899 1686 1003 1720 Pau-

345 1750 424 1774 san.
446 1739 474 1785 1,
492 1741 518 1778 2
538 1739 576 1783 ξ,
593 1738 618 1778 4
640 1740 725 1775 coll.
748 1739 795 1776 ad
815 1740 878 1786 VI,
893 1743 942 1781 19
964 1742 1001 1786 §-

344 1796 370 1833 3
391 1807 429 1844 p.
451 1796 518 1834 71.
549 1795 613 1830 Tu
639 1796 768 1831 confer
798 1809 952 1848 quoque
981 1809 1003 1833 a

349 1848 381 1886 C
397 1863 425 1886 r.
476 1850 673 1898 laudatum
721 1853 913 1889 Letronnc
961 1854 1002 1889 in

344 1906 482 1942 Journ.
513 1905 549 1944 d.
571 1908 661 1944 Sav.
694 1911 800 1949 1820
828 1922 916 1960 pag.
948 1908 1001 1950 49

344 1962 638 2002 —51.Bene
669 1972 795 2001 autem
832 1966 1002 2002 observat

346 2020 476 2067 Zoega
508 2021 564 2056 De
595 2021 692 2056 obeli
686 2034 768 2058 sec.
799 2034 887 2071 pag.
920 2021 1001 2063 354

345 2088 425 2126 seq.
456 2078 722 2114 vetustissimas
764 2078 845 2114 litei
847 2091 885 2114 ls
920 2091 998 2114 non

346 2133 385 2167 in
405 2133 582 2182 sepulcris
602 2134 762 2169 inveniri
782 2133 848 2170 sed
870 2135 908 2170 iu
929 2133 1001 2170 do—

344 2188 468 2236 uariis,
479 2188 527 2225 ad
540 2202 637 2241 quae
646 2197 813 2240 spectent
826 2191 1001 2227 remotis-

345 2244 461 2280 simae
476 2247 604 2282 aetatis
616 2247 887 2297 insciiptiones,
903 2259 1001 2299 quae

347 2299 395 2336 ad
415 2314 482 2337 nos
502 2304 752 2370 pervenerint.
770 2325 819 2330 —-
842 2305 883 2339 In
878 2316 1001 2369 seqq

345 2369 414 2407 pro
429 2360 564 2409 πῦῶτα
576 2356 659 2408 μὲν,
681 2363 781 2398 τοῖσι
797 2358 861 2398 καὶ
874 2375 1002 2399 απαν-

345 2427 406 2458 τες
450 2413 637 2463 χρέωνται
679 2415 864 2461 Φοίνικες
901 2416 1002 2452 San-

346 2469 456 2506 crofti
486 2471 600 2506 liber:
647 2486 782 2521 πρωτα
813 2469 883 2520 μὲν
906 2487 1001 2511 του-

347 2536 448 2564 ‘coam
480 2525 692 2578 ἐχρέωντο,
731 2524 903 2580 κατάπερ
934 2527 1001 2567 καὶ

349 2576 517 2629 ἅπαντες
568 2581 755 2634 χρέωνται
803 2585 999 2631 Φοίνικες,

348 2637 451 2690 quod
463 2641 602 2689 recepit
621 2638 858 2677 Sclmesmms
880 2641 1000 2692 Fqui-

348 2694 533 2731 demeum
556 2697 707 2747 reliquis
724 2696 926 2733 editoribus
941 2710 1001 2732 re—

348 2752 538 2803 liquorum
573 2751 684 2788 codd.
719 2753 917 2789 lectionem
940 2766 1000 2789 re.-

346 2809 468 2855 stitui,
488 2810 756 2860 simpliciorem
775 2811 905 2862 ntique
923 2817 958 2846 et
979 2822 1000 2845 n

1063 782 1255 820 Sancrofti
1275 782 1414 821 codicis
1435 785 1586 822 llbrario
1606 798 1718 836 prae-

1060 841 1385 876 ternecessitatem
1400 843 1450 877 ita
1464 842 1719 891 explanatam.

1059 898 1158 932 Nam
1177 897 1365 946 scriptoris
1385 895 1479 933 haec
1491 904 1545 933 est
1562 905 1719 934 senten-

1058 953 1122 999 tia,
1145 951 1390 1004 Gephyraeos
1415 954 1545 1004 primis
1564 960 1719 1005 tempoe

1058 1009 1160 1046 ribus
1173 1022 1250 1046 non
1263 1010 1352 1046 alias
1370 1022 1568 1060 usurpasse
1578 1011 1717 1058 literas,

1059 1078 1178 1116 quam
1219 1078 1382 1117 quarum
1413 1067 1581 1116 ipsarum
1615 1065 1718 1117 apud

1057 1120 1268 1159 Phoenices
1287 1122 1399 1159 suerit
1419 1135 1527 1172 usus3
1548 1130 1632 1159 tum
1649 1122 1719 1160 de-

1056 1191 1188 1225 mum,
1228 1179 1295 1215 ubi
1332 1180 1517 1229 paulatim
1544 1180 1720 1230 linguam

1060 1235 1284 1284 (Punicam)
1306 1237 1500 1283 mutarint,
1524 1236 1719 1273 litera1·1un

1061 1303 1216 1342 quoque
1256 1290 1390 1327 ductus
1427 1298 1594 1328 mutasse
1633 1293 1717 1329 illos

1058 1346 1201 1395 videri,
1221 1347 1275 1383 ita
1293 1354 1336 1383 ut
1354 1348 1433 1384 iam
1453 1361 1475 1384 a
1493 1349 1640 1385 sinistra
1668 1347 1719 1386 acl

1060 1402 1235 1440 dextram
1254 1403 1378 1440 literas
1398 1405 1556 1455 pingere
1571 1405 1718 1456 incipe-

1058 1467 1143 1496 rent
1162 1461 1361 1512 ipsamque
1388 1462 1503 1497 etiam
1522 1462 1717 1498 literarum

1058 1517 1294 1565 singularum
1311 1517 1477 1552 formam
1491 1517 1538 1554 ab
1550 1519 1717 1555 orienta-

1058 1572 1153 1608 lium
1187 1572 1309 1608 sorma
1339 1572 1521 1624 quadrata
1555 1574 1594 1609 in
1631 1587 1717 1611 eam

1058 1629 1178 1678 magis
1188 1627 1426 1665 traducerent
1434 1630 1608 1679 figuram,
1619 1643 1717 1682 quae

1060 1685 1211 1721 Graecis
1240 1685 1355 1722 literis
1383 1685 1584 1736 postmodo
1606 1699 1717 1724 com-
1763 1689 1767 1693 ’

1058 1742 1185 1777 munis
1210 1742 1336 1778 fuerit.
1393 1744 1524 1794 Itaque
1551 1743 1715 1781 Wessel.

1058 1795 1128 1836 τόν
1161 1794 1322 1847 ῥυθμὸν
1360 1801 1441 1837 τῶν
1473 1796 1716 1850 γραμμάτων

1058 1855 1323 1904 interpretatur
1353 1855 1535 1892 literarum
1564 1856 1715 1905 modum,

1048 1911 1213 1960 figuram
1228 1917 1263 1947 et
1283 1912 1482 1961 scriptionis
1500 1914 1629 1960 seriem,
1642 1943 1644 1946 .
1659 1914 1716 1950 ci-

1058 1973 1140 2003 tans
1170 1968 1323 2004 Aristot.
1355 1969 1414 2003 De
1434 1969 1610 2007 mirabill.
1634 1968 1714 2010 104

1056 2036 1094 2073 p.
1130 2024 1235 2063 1165
1264 2025 1336 2070 Α.,
1372 2025 1437 2060 ubi
1468 2023 1546 2065 vid.
1575 2026 1714 2063 Niclas.

1057 2078 1438 2129 schweiglmeusems
1458 2083 1497 2117 iu
1517 2083 1612 2118 Lex.
1634 2083 1715 2119 He·-

1057 2135 1138 2172 rotl.
1159 2149 1188 2172 s.
1202 2149 1238 2173 v.
1261 2135 1369 2174 affert
1385 2136 1628 2175 Athenaeum
1648 2140 1714 2186 111,

1057 2194 1159 2243 991).
1187 2194 1261 2233 125
1280 2194 1336 2242 F„
1357 2195 1421 2230 ubi
1442 2192 1600 2245 ῥυθμὸς
1610 2197 1666 2245 fi„
1697 2217 1714 2224 -

1060 2260 1133 2284 ram
1161 2248 1314 2286 indicat.
1363 2251 1447 2296 Quo
1468 2250 1605 2287 eodem
1623 2250 1713 2302 per'-

1057 2305 1151 2340 tinet
1189 2306 1347 2342 verbum
1381 2307 1713 2358 μεταῤῥυθμίζειν

1059 2359 1105 2397 de
1143 2368 1286 2398 mutata
1314 2364 1392 2399 sive
1411 2364 1533 2400 forma
1553 2365 1631 2400 sive
1652 2363 1713 2401 di-

1058 2419 1222 2453 rectione
1238 2419 1430 2456 literarum
1442 2421 1480 2455 in
1498 2419 1711 2457 scribendo.

1056 2495 1111 2500 —
1141 2471 1187 2511 toi
1211 2471 1417 2526 γράμματα
1435 2476 1645 2525 siguificare
1669 2476 1713 2513 li-

1057 2533 1146 2566 tems
1165 2543 1194 2566 s·
1208 2528 1253 2569 τά
1275 2535 1442 2582 στοιχεῖα
1461 2533 1555 2578 (Nos
1567 2544 1576 2568 :
1589 2531 1711 2569 Buch-

1057 2587 1209 2632 stabcn),
1226 2589 1374 2624 monitu
1395 2589 1458 2624 vix
1480 2600 1586 2638 opus.
1645 2589 1709 2625 Tu

1058 2644 1157 2678 cons.
1190 2642 1351 2680 Fischer.
1385 2643 1431 2679 ad
1453 2645 1612 2680 W‘eller.
1635 2646 1650 2680 l
1671 2658 1710 2696 p.

1061 2698 1123 2737 14.
1182 2700 1256 2735 Pro
1277 2699 1444 2749 χωρίων,
1467 2700 1569 2751 qnod
1589 2702 1709 2738 Wes-

1058 2755 1215 2804 selingio
1236 2756 1438 2805 probatum
1460 2764 1649 2808 receperat
1669 2759 1707 2794 in

1057 2817 1204 2847 textum
1242 2811 1487 2860 Schaeferus,
1528 2813 1706 2865 equidem

1449 2953 1467 2973 ss
