1897 3340
424 253 508 293 22⁴}
820 253 856 288 H
884 253 917 288 E
947 252 980 290 R
1012 253 1043 290 Ο
1073 254 1107 288 D
1138 253 1168 289 Ο
1202 253 1239 289 Τ
1269 254 1285 289 l
1847 175 1864 318 k

1848 316 1861 340 ι’·
1879 337 1881 341 .

264 367 363 410 119
424 360 796 415 ἀπονοστήσουσι,
827 361 870 412 ἐς
898 359 978 403 τὸν
996 364 1193 417 ποταμὸν
1214 360 1503 412 ἐσπίπτοντες.
1564 363 1688 407 Μετὰ
1847 343 1871 409 ll
1892 347 1897 388 Ῐ

91 429 164 492 51555.
159 429 366 493 ἳθωΡΜᾞΜ
426 429 494 479 δὲ,
528 426 782 482 παρεόντων
811 429 885 472 καὶ
916 429 1162 484 διαβάντων
1191 430 1268 473 τόν
1298 430 1563 483 Μαίανδρον
1599 434 1690 474 τῶν
1849 401 1874 510 ¹5}

93 506 191 534 ⁸5³¹¹¹
425 494 643 550 Περσέων,
682 496 874 538 ἐνθαῦτα
900 495 967 538 ἐπὶ
990 501 1058 553 τῷ
1079 497 1272 554 Μαρσύῃ
1300 501 1481 552 ποταμῷ
1511 498 1691 552 συνέβα-
1850 506 1867 592 i.-

424 561 504 606 λόν
532 577 576 605 τε
605 567 719 605 τοῖσι
751 562 949 618 Πέρσῃσι
989 564 1032 605 οἱ
1062 567 1223 619 Κᾶρες,
1259 566 1332 609 καὶ
1371 564 1512 622 μάχην
1542 565 1717 621 {fluxe-5

425 642 559 675 σαντο
609 630 811 685 ἰσχυρὴν,
850 630 924 673 καὶ
963 630 1035 674 ἐπὶ
1070 632 1233 687 χρόνον
1264 632 1452 676 πολλόν·
1493 632 1614 684 τέλος
1643 632 1690 677 δὲ

396 698 688 753 Ξὲσσεόθησαν
738 696 811 741 διὰ
851 701 1031 753 πλῆθος.
1092 700 1298 754 Περσέων
1327 700 1405 756 μὲν
1445 699 1498 755 δὴ
1535 700 1691 743 ἔπεσον
1852 715 1861 767 ¹·

425 765 580 819 ἄνδρες
609 764 652 815 ἐς
682 766 940 821 δισχιλίους,
984 769 1150 820 Καρῶν
1191 768 1238 811 δὲ
1277 768 1319 819 ἐς
1356 769 1557 823 μυρίους.
1626 767 1691 812 ἐν·
1854 776 1856 811 l
1896 823 1897 826 Ἴ

422 837 579 876 θεῦτεν
617 831 662 874 δὲ
702 848 744 875 οι
783 832 1079 896 διαφυγόντες
1119 834 1266 879 αυτῶν
1295 835 1616 891 κατειλήθησαν
1644 835 1744 887 ἐς10
1860 827 1864 843 ’

426 900 674 955 Λαβρανδα,
705 900 746 951 ἐς
765 902 875 953 Διὸς
895 905 1117 957 Στρατίου
1147 903 1246 957 ἷρὸν
1267 903 1376 959 μέγα
1395 919 1439 946 τε
1459 903 1532 946 καὶ
1562 919 1699 959 αγιον-
1746 901 1870 944 436

395 968 559 1018 3αλσος
597 969 913 1012 πλατανίστων.
973 974 1134 1025 μοῦνοι
1163 972 1230 1024 δὲ,
1268 975 1359 1014 τῶν
1393 970 1515 1026 ἡμεῖς
1551 972 1690 1026 ἴδμεν,
1862 975 1868 983 “

423 1036 566 1089 Κᾶρές
596 1037 676 1079 εἰσι
705 1039 747 1079 οι
773 1039 852 1080 Διϊ
880 1040 1080 1098 Στρατίῳ
1109 1040 1270 1090 θυσίας
1299 1037 1523 1094 ανάγουσι.
1553 1053 1691 1082 κατει·

425 1102 626 1159 ληθέντες
664 1103 710 1147 δὲ
739 1105 801 1147 ὠν
845 1099 968 1149 οὗτοι
1008 1106 1222 1159 ἐνθαῦτα,
1263 1105 1552 1163 ἐβουλεύοντο
1592 1106 1690 1161 περὶ

425 1173 660 1227 σωτηρίης,
717 1170 899 1226 ὁκότερα
948 1173 975 1228 ἢ
1022 1173 1292 1228 παραδόντες
1337 1174 1474 1230 σφέας
1525 1172 1690 1225 αὐτοὺς

426 1239 641 1297 Πέρσῃσι,
687 1239 716 1296 ἢ
767 1240 1014 1292 ἐκλιπόντες
1057 1241 1107 1285 τό
1155 1240 1365 1297 παράπαν
1413 1242 1494 1298 τὴν
1531 1239 1688 1298 Ἀσίην,
1703 1250 1746 1284 15

372 1446 420 1484 ad
462 1448 761 1496 V,111.1u
796 1461 902 1514 seqq.
943 1457 1032 1487 ante

370 1505 486 1541 verba
525 1500 554 1555 ἢ
596 1503 711 1554 σφισὶ
750 1506 891 1542 inserui
941 1519 1031 1543 cum

370 1559 592 1611 Schweigh.
634 1568 671 1597 et
711 1562 827 1598 Gaisf.
868 1564 1029 1612 μᾶλλον,

370 1618 487 1668 vulgo
519 1618 721 1665 omissum,
748 1619 918 1670 itemque
946 1626 1032 1670 post

372 1671 525 1725 δηλαδή
539 1675 649 1725 posui
669 1674 964 1711 distinctionem.

568 1775 660 1826 cap.
691 1776 829 1815 CXIX.

426 1839 773 1894 κατειλήθησανὲς
785 1839 1026 1896 Λάβρανὸα]

369 1901 427 1936 De
448 1900 640 1936 locutione
661 1901 763 1937 conf.
784 1907 878 1937 nott.
902 1900 949 1937 ad
962 1902 1028 1948 111,

371 1959 437 1998 13.
493 1958 614 1993 Paulo
647 1964 734 1994 ante
775 1951 908 1996 αὐτῶν
941 1956 1030 1994 dedi

367 2025 437 2063 pro
468 2008 631 2052 αὐτέων.
690 2009 916 2065 Λάβρανδα
939 2015 1030 2050 Flo-

370 2070 538 2106 rentiuus
561 2069 713 2106 exhibet
734 2084 821 2106 cuin
833 2071 924 2118 aliis,
947 2072 1032 2106 Me-

371 2124 498 2163 dio-eus
525 2133 560 2163 et
598 2128 778 2163 Marmor.
817 2128 942 2164 Oxou.
982 2129 1030 2174 11,

373 2184 424 2222 12
443 2177 708 2233 Λάβραυνδα,
722 2184 784 2219 alii
796 2180 1031 2234 Λάβρυνδα,

371 2251 470 2289 quae
500 2240 610 2276 lectio
641 2238 744 2275 haud
772 2240 849 2276 scio
871 2252 920 2275 au
941 2239 1031 2276 iude

371 2295 544 2342 fluxerit,
602 2295 706 2346 quod
748 2296 838 2332 olim
878 2292 1030 2345 λαβρϋν

370 2350 470 2402 Lydi
498 2358 535 2388 et
567 2351 677 2388 Cares
706 2354 853 2388 securim
892 2350 1030 2388 dixisse

371 2408 544 2444 seruntur
572 2415 665 2444 teste
696 2406 902 2444 Plutarcho
936 2409 970 2443 11
991 2421 1030 2458 p.

372 2466 453 2504 302
482 2465 529 2501 A.
588 2465 640 2501 At
667 2463 769 2514 apud
799 2464 1029 2501 Strabonem

371 2521 496 2569 (cuius
518 2521 647 2557 locum
667 2520 714 2556 ad
734 2522 763 2567 I,
788 2523 862 2560 171
897 2521 1030 2558 citavi-

370 2578 474 2626 mus)
497 2585 609 2629 atque
631 2579 669 2613 in
691 2578 816 2613 munis
836 2572 1029 2627 Λάβραυ-

371 2633 421 2672 δα
448 2635 617 2686 it'emque
648 2635 817 2684 Iuppiter
839 2634 1029 2684 Λαβραν-

372 2687 495 2740 δηνός
525 2697 561 2727 et
601 2686 867 2741 Λαβρανδεύς
907 2691 1029 2727 cultus

372 2747 411 2782 in
443 2744 516 2784 hoc
548 2747 650 2794 vico,
692 2747 753 2783 cui
783 2759 924 2782 nomen
954 2748 1031 2782 La-

372 2802 516 2840 branda
538 2833 548 2853 ‚
607 2816 726 2854 prope
765 2803 951 2853 Mylasaun
974 2803 1029 2839 ’in

372 2867 516 2898 moute.
586 2860 696 2897 Conf.
741 2857 948 2897 Prokesch.
990 2860 1029 2896 in

1087 1451 1229 1487 Annal.
1251 1449 1473 1488 Viennenss.
1495 1451 1546 1488 T.
1557 1451 1647 1488 LIX
1660 1451 1747 1487 An-

1088 1509 1184 1558 zeig.
1206 1508 1265 1543 Bl.
1287 1520 1373 1558 pag.
1395 1507 1434 1547 5.
1491 1509 1536 1544 In
1556 1509 1662 1545 cuius
1681 1509 1747 1544 Io-

1087 1565 1142 1601 vis
1172 1565 1258 1600 luco
1280 1564 1525 1614 probabiliter
1550 1565 1746 1611 sacellum,

1086 1621 1127 1656 iu
1149 1633 1225 1672 quo
1257 1621 1426 1670 Iuppiter
1448 1619 1641 1670 Στράτιος
1661 1633 1747 1657 ma-

1086 1690 1140 1713 nu
1168 1683 1318 1727 gestans
1348 1677 1533 1713 securim:
1583 1676 1631 1714 de
1669 1689 1747 1728 quo

1086 1734 1195 1784 plura
1215 1732 1441 1770 Plutarchus
1470 1734 1496 1770 l.
1517 1734 1542 1772 l.
1583 1734 1648 1771 Tu
1669 1732 1747 1771 vid.

1082 1796 1179 1826 nott.
1201 1788 1249 1826 ad
1275 1791 1305 1836 Ι,
1325 1792 1416 1830 171.

1145 1874 1232 1929 ἱρόν
1257 1876 1354 1930 μέγα
1373 1892 1412 1916 τε
1442 1876 1510 1916 καὶ
1539 1873 1655 1930 ἅγιον
1677 1874 1747 1917 ἅλ-

1087 1946 1155 1981 σος
1183 1935 1485 1983 πλατανίστων]
1528 1935 1626 1972 citat
1663 1935 1748 1971 Eu-

1086 1989 1197 2029 stath.
1218 1990 1266 2027 ad
1287 1989 1394 2028 Iliad.
1416 2003 1503 2042 pag.
1528 1993 1618 2039 187,
1645 1993 1697 2032 17
1717 2004 1748 2028 s.

1092 2046 1181 2093 143,
1204 2051 1242 2086 7.
1274 2047 1567 2085 Valckenaerius
1587 2047 1635 2084 ad
1655 2045 1695 2084 h.
1720 2047 1748 2084 l.

1089 2105 1262 2140 observat
1298 2105 1344 2140 ab
1377 2103 1569 2141 Herodoto
1600 2110 1637 2141 et
1668 2104 1749 2141 aliis

1088 2161 1295 2210 permutari
1325 2173 1436 2197 voces
1462 2157 1547 2209 ἱρόν
1571 2168 1608 2198 et
1628 2157 1749 2206 ἄλσος
1784 2201 1786 2204 ,

1090 2223 1126 2252 et
1146 2215 1305 2266 τέμενος
1326 2224 1367 2253 ut
1380 2218 1522 2262 vl‚78.
1535 2219 1602 2258 79.
1635 2215 1747 2262 Quod

1087 2272 1190 2309 idem
1219 2279 1351 2309 mouet
1371 2271 1536 2309 Vo'lcker
1565 2275 1603 2309 in
1625 2272 1748 2309 lahnii

1089 2336 1125 2365 et
1148 2328 1313 2365 Seebod.
1343 2329 1498 2365 Anuall.
1528 2330 1677 2379 (1832)
1698 2329 1746 2376 11,

1092 2388 1108 2424 1
1135 2398 1222 2436 pag.
1247 2387 1313 2425 37.

1144 2463 1291 2510 θυσίας
1315 2457 1536 2517 α’νάγουσι]
1576 2462 1603 2500 i.
1625 2475 1658 2500 e.
1687 2475 1748 2500 sa—

1087 2533 1147 2557 cra
1172 2519 1315 2570 faciunt
1357 2533 1386 2557 s.
1429 2519 1593 2568 offerunt.
1661 2517 1749 2556 vid.

1087 2576 1225 2613 Herod.
1247 2578 1294 2623 ΙΙ,
1311 2579 1379 2617 60.
1399 2578 1468 2617 61.
1488 2574 1554 2616 40.
1567 2574 1633 2615 48.
1655 2577 1748 2615 122.

1087 2633 1150 2681 VI,
1183 2636 1272 2672 111.
1302 2634 1367 2679 lll,
1398 2635 1451 2673 79
1490 2632 1620 2682 ibique
1650 2637 1748 2668 nott.

1087 2711 1143 2716 —
1191 2691 1285 2726 Mox
1331 2702 1420 2726 cum
1469 2688 1664 2724 Gronovio
1704 2700 1748 2724 ac

1088 2744 1294 2783 Sclmel'ero
1317 2744 1470 2781 exhibui
1492 2742 1749 2794 κατειληθέν-

1087 2817 1148 2849 τες
1179 2800 1231 2840 δὲ
1264 2796 1328 2840 ὦν
1359 2815 1378 2837 e
1399 2799 1571 2837 Mediceo
1604 2799 1689 2837 cod.
1711 2805 1748 2836 et

1088 2858 1236 2896 duobus
1275 2859 1368 2895 aliis.
1464 2857 1614 2909 Reliqui
1661 2856 1746 2893 libri
