1897 3340
556 184 710 220 1³01.
742 184 774 218 Υ
806 180 1031 217 ΜΝΙΑ.
1094 181 1190 216 vll.
1420 187 1497 226 571

1557 295 1609 320 bus
1632 302 1723 321 naves
1749 296 1786 321 im

1559 333 1694 365 penitae.
1717 328 1814 354 Phoc·-

236 289 455 346 διηκόσιαι
495 290 576 333 ’καὶ
617 292 775 346 χίλιαι·
826 288 1087 343 παρείχοντο
1131 288 1176 330 δὲ
1219 288 1352 339 αὐτάς
1396 293 1497 334 οἴὸε.

244 359 447 409 Φοίνικες
478 359 569 414 μὲν,
600 358 683 401 σὺν
720 357 928 409 valoun
959 359 1072 399 τθῖὄι
1113 355 1161 398 ἐν
1190 359 1242 413 τῇ
1274 359 1504 402 Παλαῑσῖί·
1563 363 1835 422 ἰῗέἷζῖνέιῖξῗέῗιῑῗιῖιὶιι

209 431 321 481 Ξνῃ»
362 428 634 482 τριηκοσίας,
675 419 756 468 ὦδε
787 424 1107 478 ἐσκευασμένοι·
1165 424 1262 478 περὶ
1299 425 1378 479 μὲν
1405 430 1504 482 τῇσι
1560 425 1817 488 ἱῗὲζῐίἶ-ϊίξὶ-ἷῖἓῗζηη.

1563 493 1653 518 maris
1680 495 1760 520 rubri
1788 504 1835 521 ac-

237 497 454 550 κεφαλῇσι
482 492 639 544 κυνέας
667 491 785 547 εἶχον
831 490 1052 547 ἀγχοτάτω
1084 492 1376 548 πεποιημένας
1409 494 1504 548 τρό«
1562 527 1658 553 mac·
1686 527 1834 563 AegMnfi.

237 577 323 605 πον
361 561 438 604 τόν
473 560 744 616 Ἑλληνικόν·
804 559 1080 611 ἐνδεδυκότες
1120 561 1164 604 δὲ
1203 560 1409 618 θώρηκας
1447 567 1564 605 λι-50

237 627 376 680 νέους,
406 627 591 678 ἀσπίδας
622 628 666 671 δὲ
696 630 788 680 ἴτυς
819 628 902 673 οὐκ
924 628 1108 684 ἐχούσας
1126 627 1258 684 εἶχον,
1289 630 1362 672 καὶ
1381 627 1507 673 οἶκόν-

209 703 323 739 3τια.
349 718 352 721 v
391 691 516 739 οὗτοι
546 697 592 739 δὲ
623 698 667 739 οἱ
698 698 899 748 Φοίνικες
927 697 975 742 τὸ
1006 697 1196 740 παλαιόν
1241 700 1414 750 οἴκεον,
1447 697 1506 749 ὣς

237 761 362 807 αὐτοὶ
398 764 597 819 λέγουσι,
638 765 704 807 ἐπὶ
731 769 783 822 τῇ
810 764 1015 822 Ἐρυθρῇ
1043 766 1269 824 θαλάσσῃ·
1302 767 1507 810 ἐνθεῦτεν

237 832 282 875 δὲ
309 829 600 887 ὑπερβάντες,
654 838 731 889 τῆς
760 835 930 889 Συρίης
970 834 1161 878 οἰκέουσι
1190 835 1243 878 τοὶ
1274 834 1392 889 παρα
1423 835 1504 878 θοὶ-

178 1042 253 1078 rius
266 1049 459 1092 praeterea
474 1043 704 1079 excitaverat
717 1042 845 1092 Span-

178 1097 280 1136 hein.
317 1100 357 1134 in
405 1100 538 1137 Iulian.
571 1112 658 1150 pag.
693 1101 777 1140 280
808 1105 845 1134 et

177 1157 411 1205 VVesseling.
443 1155 493 1192 acl
520 1155 679 1192 Diodor.
713 1157 782 1202 XI,
804 1158 842 1202 ὃ,

180 1214 245 1264 qui
281 1211 434 1249 easdem
465 1219 578 1264 atque
627 1211 843 1249 Herodotus

179 1277 379 1306 enumerat
390 1277 534 1320 gentes,
556 1269 623 1307 sed
638 1271 676 1306 in
687 1270 845 1307 naviuin

178 1340 360 1374 numero,
385 1340 477 1378 quas
497 1328 669 1377 singulae
696 1327 844 1364 submi-

177 1384 389 1430 nistrarint‚
422 1384 588 1420 multum
618 1385 665 1420 ab
700 1397 744 1420 eo
766 1383 845 1420 dis-

177 1447 320 1490 crepat.
378 1441 428 1476 Et
459 1441 591 1477 confer
623 1443 670 1477 sis
691 1454 845 1492 qtloque

179 1497 326 1534 Ctesiae
342 1498 539 1549 Excerptt.
562 1499 684 1534 Perss.
708 1499 824 1543 §.23.

238 1587 425 1633 Φοίνικες
456 1585 528 1636 μὲν
559 1584 634 1627 o‘v'v
661 1588 846 1638 Συρίοισι

180 1647 281 1682 τοῖσι
296 1643 337 1682 ἐν
356 1646 407 1697 τῇ
432 1645 708 1698 Παλαιστίνῃ]
733 1645 845 1681 Conf.

179 1707 308 1737 notata
325 1699 374 1737 ad
394 1702 423 1749 I,
449 1704 485 1740 1.
505 1701 598 1743 105.

239 1776 410 1826 α’σπίδας
446 1778 530 1826 ἰ’τυς
567 1775 641 1819 ου’κ
675 1777 845 1831 ἐχούσας

182 1834 301 1888 εἶχον]
319 1835 402 1882 ἴτυς
423 1835 595 1886 designat
615 1838 740 1889 clypei
761 1850 845 1873 am-

184 1895 306 1932 bitum
315 1907 344 1930 s.
361 1894 465 1930 labra
486 1894 607 1930 ferrea
619 1924 628 1940 ,
659 1907 748 1930 cum
766 1896 845 1944 ipse

181 1952 336 2002 clypeus
373 1963 422 1986 ex
457 1951 528 1986 alia
561 1958 656 1987 esset
698 1958 849 2001 paratus

181 2008 353 2046 materia.
410 2006 528 2057 Apud
547 2008 755 2059 Polybium
784 2009 846 2056 Vl,

182 2068 250 2112 21,
273 2077 389 2116 quem
410 2066 500 2101 citat
520 2066 751 2115 WVesseling.
773 2063 846 2102 hoc

182 2128 341 2159 vocatur
351 2121 543 2171 σιδηροῦν
555 2117 737 2172 σιάλωμα
758 2123 844 2163 coll.

183 2177 350 2229 Hesych.
379 2191 408 2215 s.
438 2192 474 2217 V.
516 2176 644 2228 Πέλτη
676 2180 726 2215 Τ.
752 2180 787 2215 ΙΙ
804 2194 842 2230 p.

185 2237 279 2281 909,
300 2234 365 2271 ubi
375 2241 449 2271 est:
475 2233 608 2285 πέλτη·
627 2231 845 2282 α’σπὶςῖτυν

187 2286 262 2329 οὐκ
286 2289 440 2340 ἔχουσα.
497 2292 554 2328 Ac
585 2294 736 2343 proprie
757 2295 846 2345 qui-

187 2346 277 2384 dem
309 2346 393 2392 ἰ’τυς
431 2349 604 2397 quemvis
641 2350 773 2386 orbem
815 2364 845 2388 s.

188 2401 446 2453 περιφέρειαν
483 2403 638 2451 indicat,
669 2413 711 2442 ut
743 2414 847 2443 rotae

188 2458 291 2510 apud
320 2461 477 2496 Homer.
509 2461 553 2497 Il.
584 2461 647 2506 IV,
669 2461 762 2509 486,
783 2465 849 2500 ubi

188 2517 334 2554 consul.
386 2522 530 2552 veteres
569 2521 850 2567 grammaticos,

191 2574 316 2623 clypei
327 2572 429 2622 apud
451 2572 622 2622 Euripid.
652 2571 850 2615 Phoeniss.

194 2632 315 2670 1393.
338 2627 519 2679 Xenoph.
550 2630 675 2666 Anah.
717 2633 780 2678 lv,
811 2635 850 2679 7,

195 2687 266 2724 12:
304 2698 379 2736 quo
412 2685 548 2722 eodem
586 2699 698 2723 seusu
738 2689 852 2724 etiam

195 2739 296 2790 apud
315 2744 529 2779 Homerum
567 2741 704 2780 dicitur
732 2741 852 2793 ἄντυξ

195 2797 238 2836 11.
257 2797 320 2845 vl,
345 2801 436 2839 118.

960 1035 1071 1080 οὗτοι
1091 1040 1133 1080 δὲ
1157 1041 1198 1082 οἱ
1218 1044 1404 1091 Φοίνικες
1424 1041 1467 1084 τὸ
1486 1062 1564 1085 πα·-

900 1095 1016 1136 λαιόν
1039 1098 1172 1138 οἴκεον
1193 1115 1230 1139 κ.
1251 1116 1284 1139 τ.
1305 1102 1360 1149 λ.]
1391 1101 1566 1140 Vid.uo-

900 1160 977 1190 tata
1010 1154 1058 1191 ad
1087 1158 1117 1203 Ι,
1142 1160 1160 1196 1
1192 1170 1281 1208 pag.
1302 1158 1342 1199 5.
1402 1159 1564 1197 Contra-

899 1212 995 1247 riam
1016 1214 1244 1250 senteutiam
1264 1228 1367 1253 nunc
1392 1218 1490 1253 tueri
1509 1219 1565 1254 vi-

903 1267 974 1304 deo
1005 1270 1067 1306 Fr.
1099 1271 1148 1307 H.
1184 1272 1336 1313 muller.
1369 1273 1409 1309 in
1448 1273 1565 1311 Com-

901 1332 1021 1362 ment.
1054 1327 1112 1363 De
1145 1329 1256 1365 rebus
1278 1330 1429 1367 Semitt.
1450 1344 1489 1381 p.
1510 1334 1565 1371 20

902 1381 1055 1431 (Berol.
1101 1386 1260 1434 1851),
1292 1387 1357 1438 qui
1390 1389 1566 1437 regiones

900 1440 1009 1476 iuxta
1018 1440 1213 1477 Libanum
1226 1449 1340 1494 atque
1360 1444 1566 1481 Iordanem

901 1498 1107 1547 praecipua
1137 1497 1381 1537 Phoenicum
1418 1499 1566 1538 habita-

903 1554 990 1590 cula
1009 1554 1123 1590 fuisse
1141 1563 1282 1605 censet,
1306 1570 1471 1609 quorum
1481 1571 1566 1608 pars

902 1623 933 1647 S.
972 1611 1123 1647 colonia
1151 1611 1242 1649 inde
1277 1614 1326 1651 acl
1369 1616 1566 1652 Persicum

904 1666 1008 1718 quod
1039 1667 1177 1705 dicitur
1204 1683 1330 1720 mare,
1373 1680 1568 1709 mercatu-

901 1737 965 1760 rae
986 1738 1076 1761 cum
1101 1726 1204 1763 Indis
1229 1726 1320 1766 hinc
1351 1728 1496 1765 facilius
1524 1742 1567 1765 ac

902 1781 1076 1818 breviore
1125 1784 1262 1820 itinere
1310 1784 1566 1822 instituendae

903 1850 1026 1884 causa,
1052 1852 1092 1875 se
1112 1842 1309 1890 receperit.
1368 1843 1424 1878 Ac
1446 1856 1569 1892 nuper

907 1907 1063 1946 quoque
1084 1904 1237 1934 exortus
1269 1905 1324 1934 est
1353 1900 1568 1949 Hengsten-

906 1951 1026 2001 berg„
1050 1954 1129 2003 qui,
1164 1966 1261 2005 quae
1283 1955 1498 1993 Herodotus
1521 1955 1568 1992 de

904 2005 1147 2045 Phoenicum
1184 2010 1335 2048 sedibus
1369 2014 1570 2063 primitivis

905 2063 953 2101 ad
974 2078 1081 2102 mare
1102 2067 1262 2104 rubrum
1293 2076 1454 2117 enarrat,
1476 2070 1569 2107 falsa

902 2122 1107 2159 Persarum
1142 2124 1344 2162 traditione
1373 2127 1443 2163 niti
1472 2140 1568 2163 con-

901 2178 1085 2227 tendens,
1115 2179 1341 2230 Phoenices,
1361 2185 1487 2234 prouti
1507 2197 1570 2220 se-

902 2248 966 2272 cra
1005 2238 1188 2287 scriptura
1227 2237 1383 2287 edocet,
1443 2242 1569 2278 statim

901 2299 987 2343 post
1007 2296 1155 2344 generis
1177 2293 1337 2332 humani
1366 2296 1570 2348 dispersio·

901 2362 995 2386 nem
1031 2364 1092 2388 eas
1108 2379 1124 2396 ,
1166 2365 1258 2404 quas
1279 2361 1411 2404 postea
1430 2361 1568 2392 tenue—

903 2408 979 2443 rint
999 2409 1185 2457 regiones,
1206 2411 1245 2446 in
1262 2412 1340 2461 ipsa
1360 2410 1568 2448 Phoenicia

905 2462 955 2499 ad
993 2466 1108 2502 maris
1154 2466 1423 2505 mediterranei
1463 2482 1569 2505 oram

905 2520 1106 2558 incoluisse
1144 2525 1285 2562 statuit.
1342 2524 1428 2562 vid.
1452 2526 1570 2563 Come-1

905 2583 1041 2614 mentt.
1063 2578 1109 2615 de
1130 2581 1251 2618 Rebb.
1273 2582 1385 2632 Tyrr.
1418 2583 1568 2631 pag.93

906 2645 1082 2684 seqq.——
1111 2637 1155 2672 In
1176 2650 1281 2689 seqq.
1304 2651 1372 2688 pro
1394 2635 1440 2676 τιὶ
1460 2634 1568 2686 accos}

907 2686 1117 2730 θάλασσαν
1136 2693 1311 2730 Eustath.
1333 2693 1380 2730 ad
1409 2694 1567 2743 Dionys.

907 2746 1055 2798 Perieg.
1086 2748 1166 2790 904
1196 2748 1351 2787 exhibet
1385 2746 1432 2787 τα)
1452 2748 1569 2801 περὶ

907 2799 1132 2844 θάλασσαν.
1324 2842 1328 2844 .
