1897 3340
523 183 995 224 POLYMNIA.
1054 183 1154 219 Vll.

1383 193 1466 230 617

205 296 293 335 τῶν
321 292 570 350 προσεχέων
600 295 765 337 πολίων
793 295 846 348 τῇ
878 287 1104 346 Παλλήνῃ,
1135 288 1468 345 ὁμουρεουσέων

207 360 251 402 δὲ
281 364 342 416 τῷ
382 364 582 418 Θερμαίῳ
613 360 782 414 κόλπῳ·
821 362 920 415 τῇσι
961 357 1189 411 οὐνόματά
1234 357 1322 401 ἐστι
1352 360 1523 414 τάδε,90

204 429 422 481 Λίπαξος,
486 427 740 484 Κώμβρεια,

177 499 371 550 3Σμίλα,
401 497 563 539 Αἴνεια.

204 564 279 606 καὶ
320 565 362 615 ές
401 562 499 606 τόδε
535 560 742 604 καλέεται.

799 428 953 477 Λίσαι,

633 494 659 550 ἡ
693 494 738 537 δὲ
767 494 956 536 τουτέων
997 492 1117 549 χώρη
1149 494 1376 549 Κροσσαίη
1409 493 1470 536 ἔτι

815 559 917 605 'And
964 562 1009 605 δὲ
1040 563 1236 617 Αἰνείης,

1013 428 1208 481 Γίγωνος
1219 459 1229 478 ,
1289 424 1467 478 Κάμψα,

1295 561 1339 611 ές
1387 559 1468 616 τὴν

196 629 425 675 ἐτελεύτων
462 629 711 685 καταλέγων
741 630 817 679 τὰς
856 627 1005 681 πόλις,
1063 627 1146 672 ἀπο
1189 628 1348 685 ταύτης
1384 629 1468 686 ἤδη

204 698 247 748 ές
278 695 413 740 αὐτόν
452 712 496 739 τε
526 696 603 739 τὸν
635 701 853 751 Θερμαῖον
881 696 1049 740 κόλπον
1080 698 1243 752 ἐγίνετο
1274 700 1335 754 τῷ
1364 702 1523 739 ναν-95

203 768 309 820 τικῷ
351 767 517 822 στρατῷ
563 762 586 807 ὁ
640 763 797 816 πλόος,
846 764 918 808 καὶ
955 770 1037 821 γῆν
1074 765 1155 821 τήν
1195 765 1468 820 Μυγδονίην.

173 831 349 874 4πλέωυ
389 833 434 875 δὲ
474 830 650 876 ἀπίκετο
682 833 726 884 ἔς
755 849 798 877 τε
828 833 907 890 τήν
936 832 1251 889 προειρημένην
1283 832 1470 888 Θέρμην,

145 1034 253 1079 post:
284 1027 415 1068 πλέων
442 1025 486 1068 δὲ
524 1021 689 1069 α’πίκετο
712 1028 751 1077 ἔς
768 1044 810 1070 τε

146 1081 220 1135 τὴν
247 1084 539 1137 προειρημένην
575 1084 809 1140 Θέρμηνκαὶ

147 1139 299 1181 Σινδόν
311 1157 348 1182 κ.
358 1158 391 1181 τ.
403 1147 437 1181 λ.

202 1198 396 1246 Λίπαξος,
414 1194 645 1250 Κώμβρεια,
665 1198 805 1248 Λίσαι,

147 1254 336 1307 Γίγωνος,
361 1253 539 1306 Κάμψα,
561 1256 704 1306 Σμίλα,
729 1256 808 1295 Αἴ-

146 1313 260 1360 νεια]
293 1314 370 1349 Has
391 1313 502 1349 urbes
524 1313 723 1364 plerasque
744 1314 808 1349 alii

145 1369 343 1419 scriptores
356 1367 457 1405 haud
469 1368 636 1405 indicant
648 1386 659 1417 ,·
688 1383 807 1406 unam

146 1425 325 1474 Gz'gonum
372 1426 537 1476 appellat
585 1424 807 1477 Thucydid.

145 1482 176 1529 1,
207 1484 270 1530 61,
301 1482 368 1518 ubi
396 1482 497 1519 conf.
527 1484 658 1519 Wass.
680 1490 717 1520 et
735 1485 806 1521 Ae-

147 1539 243 1575 niam
269 1540 399 1576 Livius
427 1539 563 1587 XLIV,
594 1541 668 1586 10,
710 1553 808 1592 quae

150 1594 294 1634 Αἴνεια
316 1595 452 1633 dicitur
470 1597 664 1647 aScylace
683 1596 748 1637 l.l.
771 1603 808 1634 et

150 1653 307 1703 Dionys.
335 1653 457 1690 Halic.
478 1653 525 1690 A.
548 1655 592 1689 R.
614 1654 642 1700 Ι,
659 1652 807 1694 47.49.

150 1709 207 1744 Αο
235 1707 392 1746 laudant
428 1711 554 1760 Heyn.
592 1711 752 1746 Excurs.
791 1712 809 1746 I

152 1763 200 1801 ad
212 1765 451 1815 Virgil.Aen.
466 1768 520 1802 111
540 1767 592 1803 T.
610 1767 646 1801 II
665 1767 808 1816 p.562.

152 1822 465 1858 Promontorium
522 1823 653 1859 Aenion
704 1824 810 1860 novit

154 1878 312 1928 Scymn.
348 1877 463 1915 Chius
498 1882 578 1919 627
592 1908 601 1925 ‚
623 1879 688 1915 ubi
708 1881 808 1916 conf.

152 1935 252 1971 Gail.
289 1935 399 1972 Urbis
427 1936 575 1972 incolae
603 1935 811 1972 Thessalo-

152 1992 265 2028 nicen
284 1993 435 2028 cessisse
456 1991 645 2031 videntur.
698 1992 809 2030 conf.

152 2049 340 2085 Mannert.
358 2049 425 2085 VII
443 2062 480 2099 p.
505 2047 585 2088 466
606 2062 685 2100 seq.

209 2115 434 2168 Κροσσαίη]
465 2117 538 2153 Ubi
564 2117 720 2153 Pallene
741 2116 810 2153 de-

154 2173 240 2208 sinit
260 2185 378 2223 prope
398 2172 642 2222 Potidaeam,
677 2175 810 2225 incipit

157 2227 333 2265 Cressaea
367 2230 471 2279 regio
510 2231 810 2281 septentrionem

156 2296 284 2320 versus
295 2283 343 2320 ad
354 2283 566 2322 Thermam
577 2300 697 2338 usque
718 2300 809 2338 por-

157 2346 270 2387 recta,
293 2352 391 2391 quae
413 2342 648 2392 Κροῦσιςγῆ
677 2345 810 2395 appel-

157 2397 255 2433 latur
274 2395 374 2446 apud
395 2395 666 2448 Thucydidem
686 2401 732 2446 11,
755 2401 809 2440 79

158 2461 193 2489 et
215 2451 403 2503 Stephan.
422 2454 583 2504 Byzant.
603 2467 633 2490 s.
661 2467 697 2493 v,
720 2468 807 2505 pag.

157 2507 250 2550 483.
310 2509 420 2546 Couf.
449 2511 605 2559 Dionys.
626 2511 747 2548 Halic.
760 2512 809 2548 A.

158 2567 201 2603 R.
239 2567 269 2612 I,
302 2565 355 2605 47
387 2564 480 2613 (ubi
523 2564 643 2612 ἔθνος
677 2568 810 2617 Κρου-

159 2619 294 2674 σαῖον)
307 2628 343 2658 et
362 2623 392 2668 I,
413 2620 478 2669 49,
500 2622 564 2657 ubi
577 2624 811 2672 Κρουσαῖοι,

159 2677 261 2714 unde
293 2678 409 2716 etiam
426 2679 467 2714 in
496 2676 690 2714 Herodoto
719 2679 810 2715 olim

163 2734 368 2785 Κρουσαίη
389 2734 572 2772 exstitisse
592 2740 699 2785 putat
707 2735 812 2772 Pau-

160 2798 267 2826 wuls.

922 1027 990 1069 καὶ
1021 1031 1099 1082 γῆν
1131 1026 1206 1080 τὴν
1248 1028 1522 1081 Μυγδονίην]

864 1086 1074 1138 Mygdonia
1093 1093 1193 1123 terra
1205 1115 1215 1134 ,
1237 1099 1334 1138 quae
1356 1099 1405 1122 ex
1424 1086 1524 1122 anti-

865 1145 1052 1196 quissimis
1072 1142 1161 1180 inde
1180 1142 1413 1194 temporibus
1438 1143 1525 1178 Ma-

865 1199 1047 1237 cedoniae
1069 1201 1348 1248 accensebatur,
1371 1197 1524 1235 Chalci-

864 1257 975 1294 dicen
1010 1264 1046 1294 et
1066 1258 1281 1294 Bottiaeam
1301 1269 1322 1293 a
1363 1254 1525 1292 meridie

862 1321 1042 1364 tangens,
1084 1315 1271 1351 orientem
1316 1325 1444 1350 versus
1476 1311 1524 1349 ad

865 1371 1132 1422 Strymonium
1156 1372 1284 1407 lacum
1304 1369 1382 1406 fere
1404 1371 1524 1420 perti-

863 1429 947 1464 nuit
968 1435 1033 1465 aut
1052 1434 1152 1464 certe
1166 1441 1288 1479 usque
1309 1425 1357 1462 ad
1375 1427 1524 1462 Bolben

862 1483 1045 1535 paludem
1061 1514 1070 1531 ,
1092 1497 1269 1521 occasum
1288 1496 1416 1520 versus
1434 1483 1526 1520 Axii

863 1541 969 1578 fluvii
1010 1542 1112 1578 ostiis
1154 1542 1368 1578 terminata.
1438 1538 1525 1576 vid.

863 1599 1053 1634 Mannert.
1084 1597 1154 1635 VII
1174 1611 1213 1648 p.
1233 1596 1328 1638 468.

922 1662 1085 1704 οἷπίκετο
1108 1663 1147 1710 ἔς
1156 1678 1195 1702 τε
1208 1660 1254 1714 τὴ
1263 1660 1523 1714 νῇΘέρμην]

863 1724 921 1758 De
929 1722 1080 1758 Therma
1089 1719 1166 1759 vid.
1179 1727 1275 1757 nott.
1288 1719 1335 1756 ad
1345 1720 1447 1766 VH,1
1457 1723 1525 1760 21.

865 1780 969 1815 Intra
979 1777 1193 1815 Thermam
1210 1783 1245 1813 et
1255 1777 1402 1812 Axium
1410 1776 1526 1812 fiuvi-

865 1849 933 1871 um
945 1833 1243 1885 ponamSz'ndum
1255 1832 1526 1879 etChalestmm,

865 1892 972 1928 cuius
1001 1892 1198 1940 utriusque
1227 1890 1369 1926 incolas
1398 1887 1527 1926 Thes-

866 1948 1060 1985 salonicen
1086 1953 1216 1997 postea
1258 1947 1408 1982 cessisse
1449 1953 1527 1982 sta—-

866 2005 1009 2042 tuimus
1046 2015 1136 2040 cum
1163 2003 1353 2038 Mannert.
1384 2002 1453 2038 VII
1488 2016 1526 2053 p.

867 2058 948 2101 475
971 2061 1019 2097 ob
1042 2059 1238 2097 Strabonis
1264 2059 1527 2097 auctoritatem

865 2118 935 2153 VII
953 2131 989 2167 p.
1014 2118 1094 2156 330
1115 2128 1144 2152 S.
1165 2115 1245 2157 509
1266 2116 1314 2152 A.
1345 2116 1402 2151 De
1414 2114 1527 2152 Sinde

866 2174 967 2213 conf.
1009 2173 1123 2209 etiam
1157 2178 1254 2209 nott.
1287 2170 1335 2208 ad
1368 2172 1431 2219 IV,
1458 2174 1524 2213 28.

867 2230 1050 2268 Claalestra
1073 2229 1114 2264 iu
1135 2241 1200 2265 ora
1219 2229 1323 2265 sinus
1343 2227 1526 2266 Macedo-

865 2287 943 2323 uici
962 2287 1032 2323 sita
1051 2285 1123 2322 fuit
1145 2291 1239 2322 teste
1259 2285 1361 2322 Plin.
1385 2285 1450 2332 IV,
1473 2288 1525 2326 10

866 2341 958 2394 (17)
989 2343 1027 2388 ξ.
1057 2344 1134 2389 56,
1175 2340 1224 2378 ad
1252 2340 1527 2378 occidentalem

864 2400 956 2436 Axii
979 2400 1103 2449 ripam
1131 2399 1321 2435 Paeoniae
1350 2397 1441 2435 hinc
1461 2411 1526 2435 ac-

867 2454 1078 2501 censenda,
1120 2462 1162 2491 ut
1187 2456 1309 2505 placet
1338 2456 1524 2492 Gatterer.

865 2512 990 2547 Ueber
1009 2510 1198 2548 Herodots
1219 2510 1361 2550 Thrac.
1393 2518 1464 2549 etc.
1486 2524 1524 2560 p.

869 2565 963 2607 143.
996 2562 1224 2616 Χάλεστρον
1245 2569 1410 2618 appellat
1428 2567 1524 2602 Dio-

866 2621 948 2659 dor.
976 2623 1094 2659 XXX
1124 2622 1188 2671 (H
1207 2637 1294 2674 pag.
1317 2622 1429 2671 578),
1460 2622 1525 2657 ubi

865 2679 1143 2730 Wesselingius
1163 2681 1261 2716 bene
1286 2690 1436 2715 memor
1455 2678 1525 2713 fuit

869 2734 1054 2772 Herodoti
1081 2743 1195 2787 atque
1215 2733 1409 2772 Plutarch.
1449 2734 1523 2771 vit.

871 2791 1080 2830 Alexandr.
1110 2791 1164 2833 49
1193 2806 1231 2842 p.
1265 2793 1357 2839 692,
1387 2791 1428 2826 in
1449 2801 1524 2842 quo
