1897 3340
417 193 502 233 396
817 192 1275 230 HERODOTI

87 307 153 326 rum
174 298 300 327 familia.

86 332 272 360 Proditionis
285 332 345 360 cri—

85 375 153 393 men
173 366 240 393 huic
258 367 344 394 sanii-

84 400 150 427 Jiue
169 400 222 426 illo
245 405 362 436 tempo-

84 441 119 460 re
137 438 249 460 mettun
269 435 309 466 [c.

83 466 130 493 11·
119 466 161 499 -1.]
187 467 360 494 Herodotus

84 499 250 531 diligenter
270 500 360 530 diluit

85 533 196 566 [a.121.
209 534 244 560 ud
253 533 339 573 124].

82 568 176 594 Alrtn
179 576 208 593 1(
213 567 323 594 auidae

107 600 223 633 vrinde,
243 609 278 627 ae
288 601 358 628 (Jal-

98 633 143 659 ias
147 637 208 668 ft)
215 642 331 674 rannos-

82 654 211 695 maxime
227 667 341 704 perosi.

415 297 753 356 Ἀλκμαιωνίὸας
785 299 839 345 ἄν
868 317 965 344 κοτε
986 299 1187 352 ἀναδέξαι
1211 300 1404 355 Πέρσῃσι
1434 299 1482 343 ἐκ
1511 301 1677 357 συνθή-

418 384 554 424 ματος
593 367 770 418 ἀσπίδα,
809 369 1105 424 βουλομένους
1144 367 1231 411 inc»
1261 367 1523 423 βαρβάροισί
1553 384 1597 411 τε
1624 367 1675 412 εἷ-
1688 375 1732 411 65

417 452 491 480 ναι
532 435 786 491 Ἀθηναίους
826 437 899 479 καὶ
939 434 1024 479 ὑπὸ
1051 435 1212 492 Ἱππίῃ·
1252 437 1404 485 οἵτινες
1432 439 1619 489 μᾶλλον,
1648 435 1676 492 ἢ

415 502 578 559 ὁμοίως
608 505 774 559 Καλλίῃ
818 506 879 559 τῷ
915 504 1190 555 Φαινίππου,
1231 503 1484 546 Ἱππονίκου
1523 503 1569 546 δὲ
1597 519 1676 547 πα-

386 571 507 626 Ξτρὶ,
551 572 785 626 φαίνονται
822 569 1135 624 μισοτύραννοι
1167 569 1320 620 ἐόντες.
1398 572 1586 626 Καλλίης
1629 587 1674 616 τε

415 639 500 695 γάρ
528 643 691 694 μοῦνος
715 635 963 692 Ἀθηναίων
992 636 1195 680 ἁπάντων
1224 636 1398 692 ἐτόλμα,
1439 637 1549 688 ὅκως
1572 641 1673 683 Πει-

415 708 640 760 σίστρατος
680 705 851 747 ἐκπέσοι
894 704 942 746 ἐκ
977 708 1064 747 τῶν
1100 703 1339 761 Ἀθηνέων,
1384 721 1437 748 τα
1476 706 1673 762 χρήματα

416 773 556 818 αὐτοῦ
597 771 902 827 κηρυσσόμενα
943 770 1030 814 ὑπὸ
1077 776 1157 815 τοῦ
1197 773 1409 827 δημοσίου
1448 773 1671 826 ω’νέεσθαι,
1682 784 1728 844 70

413 842 487 886 καὶ
513 858 567 884 τα
598 839 706 883 ἄλλα
733 838 786 882 τὰ
816 839 990 894 ἔχθιστα
1020 839 1061 889 ἐς
1090 837 1226 882 αυτὸν
1250 839 1389 882 πάντα
1418 840 1670 898 ἐμηχανᾶτο.

411 909 604 951 Καλλίεω
641 906 688 950 δὲ
730 905 891 950 τούτου
942 905 1064 958 αξιον
1102 911 1322 963 πολλαχοῦ
1367 908 1540 965 μνήμην
1582 910 1671 954 ἐστὶ

410 975 553 1020 πάντα
578 973 678 1019 τινὰ
699 973 821 1030 ἔχειν.
851 977 983 1018 τοῦτο
1009 976 1087 1030 μὲν
1113 974 1223 1031 γὰρ,
1252 975 1305 1019 τοὶ
1337 977 1670 1033 προλελεγμένα,

250 918 349 963 122

81 981 200 1008 Calliae
217 982 248 1010 ln
268 982 346 1009 Pici-

80 1020 210 1043 stratum
229 1016 291 1043 odii
301 1016 354 1044 do-

1727 976 1810 1019 495

353 1160 498 1198 sissima
517 1161 584 1198 ubi
604 1161 805 1212 agebatur,
837 1174 880 1198 ea
910 1162 1012 1198 cele-
1069 1160 1245 1197 omnium
1291 1158 1598 1199 Atheniensium.
1675 1162 1727 1200 At

357 1217 493 1255 brandi
525 1224 562 1254 et
591 1219 637 1254 ab
665 1220 802 1254 iniusta
831 1219 1012 1254 crimina-

356 1275 459 1311 tione
488 1273 633 1312 tuendi.
693 1274 802 1311 Conf.
831 1281 927 1311 nott.
962 1273 1009 1311 ad

339 1329 414 1377 VI,
439 1333 531 1372 108.
576 1329 747 1381 Υἰόεωῐ·
767 1338 894 1368 autem
914 1329 1009 1368 haec

353 1387 566 1424 criminatio
597 1388 764 1424 multum
792 1387 893 1438 apud
921 1389 1008 1425 vul—

351 1456 421 1494 gus
450 1451 657 1494 propagata
685 1445 798 1481 fuisse
825 1446 1007 1495 gentique

349 1501 604 1537 nobilissimae
624 1501 809 1538 invidiam
829 1502 1006 1548 attulisse,

350 1569 468 1606 quam
497 1556 679 1604 eandem,
702 1558 857 1607 opinor,
886 1559 1008 1606 tangit

347 1611 536 1650 Pindarus
572 1615 630 1664 P)
622 1612 687 1650 th
712 1614 780 1650 VII
810 1614 874 1651 fin.
904 1628 947 1652 το
972 1609 1006 1651 δ’

350 1665 545 1720 α’χνυμαι,
589 1665 754 1718 φθόνον
793 1665 1007 1720 αμειβόιιε-

347 1740 423 1764 νον
442 1741 489 1764 τα
511 1723 612 1764 καλοὶ
638 1725 728 1777 ἔργα
747 1740 784 1763 κ.
805 1740 838 1764 τ.
859 1729 892 1763 λ.
925 1728 1006 1762 He-

347 1795 366 1817 1
369 1780 527 1818 odoteae
539 1781 586 1818 de
597 1781 653 1819 his
674 1795 762 1818 narr
764 1783 880 1819 ationi
891 1781 1005 1819 Thu-

350 1831 555 1889 cydnlenm
568 1838 858 1890 praeferendam
878 1845 1006 1875 censet

347 1893 581 1933 Dahlmann.
619 1894 762 1932 Herod.
809 1908 897 1946 pag.
938 1896 1004 1944 58,

348 1964 439 1988 cum
458 1952 672 1989 Herodotus
701 1952 807 2001 vulgi
835 1950 1006 1988 traditio-

347 2021 439 2044 nem
458 2016 657 2060 sequatur,
687 2010 924 2046 Pisistratum
943 2009 1006 2044 iu-

346 2063 447 2100 vidi&
485 2066 703 2115 prementis.
768 2063 864 2102 Mihi
897 2077 1006 2102 secus

344 2119 510 2158 videtur.

400 2171 842 2224 ιῖναδέξαι-ιῖσπίδα]
868 2176 1004 2226 Respi-

345 2232 396 2268 cit
427 2232 475 2269 ad
504 2233 565 2280 VI,
598 2233 674 2273 115
704 2233 770 2269 fin.
810 2229 1001 2278 ἀναδέξαι

344 2287 392 2325 de
412 2290 519 2339 signo
538 2319 546 2335 ‚
579 2286 682 2339 quod
704 2289 867 2334 tollitur,
889 2290 1001 2325 inve-

341 2345 444 2381 nitur
472 2358 625 2396 quoque
659 2345 739 2390 vll,
784 2347 875 2385 128.
941 2346 999 2381 De

341 2402 535 2438 locutione
557 2401 598 2440 ἐκ
616 2396 876 2450 συνθήματος
896 2402 997 2437 conf.

342 2458 388 2504 V,
410 2456 462 2498 74
484 2465 520 2494 et
540 2457 587 2493 ad
608 2470 671 2501 ea,
704 2469 801 2508 quae
829 2471 1000 2509 sequun-

341 2520 429 2551 tur:
468 2511 547 2553 ’ὑπὸ
576 2510 817 2565 βαρβάροισί
834 2528 873 2552 τε
898 2510 1000 2552 εἶναι

340 2571 442 2608 cons.
470 2577 566 2607 nott.
587 2569 635 2606 ad
656 2572 719 2617 111,
741 2569 805 2609 45.
829 2571 872 2617 V,
896 2572 963 2610 30.

396 2625 629 2666 Ἰππονίκου
661 2624 704 2664 δὲ
734 2625 881 2675 πατρὶ]
914 2627 998 2662 Cri-

341 2684 508 2721 minatur
518 2681 808 2720 liaeol’lutarclt.
822 2684 874 2720 t.1.
888 2684 998 2733 quip-

341 2754 390 2790 pe
419 2753 442 2777 a
472 2747 576 2791 patre
596 2738 771 2777 historiae
793 2739 937 2776 adiecta
959 2741 996 2775 in

338 2798 501 2848 gratiam
543 2797 769 2850 Hipponici,
827 2795 998 2834 ditissimi

1067 1218 1132 1254 illa
1152 1224 1274 1253 aetate
1294 1230 1415 1268 quum
1432 1219 1531 1255 iuter
1560 1216 1727 1256 Atheni-

1068 1287 1175 1311 enses
1197 1272 1334 1311 divitiis
1356 1281 1393 1311 et
1424 1275 1557 1325 opibus
1579 1275 1726 1312 emine-

1066 1337 1124 1367 ret
1151 1332 1386 1380 Hipponicus
1435 1330 1510 1379 (de
1539 1345 1615 1383 quo
1645 1330 1726 1369 vid.

1065 1393 1162 1424 nott.
1194 1386 1241 1423 ad
1270 1386 1462 1426 Plutarch.
1492 1388 1616 1425 Alcib.
1636 1401 1726 1439 pag.

1064 1445 1132 1484 99.
1166 1443 1284 1492 100),
1323 1443 1489 1496 indeque
1509 1445 1726 1483 notissimus

1065 1506 1159 1536 esset
1175 1528 1184 1545 ‚
1215 1501 1359 1550 optima
1380 1499 1470 1537 hinc
1491 1501 1570 1538 eius
1597 1502 1725 1538 nomi-

1062 1554 1182 1592 nandi
1201 1557 1358 1603 occasio,
1373 1558 1526 1607 qualem
1544 1558 1721 1608 nuspiam

1062 1613 1266 1662 praeterire
1276 1613 1371 1648 solet
1383 1612 1609 1650 Herodotus.
1641 1614 1721 1649 Cu-

1062 1669 1120 1704 ius
1142 1668 1348 1718 Hipponici
1367 1669 1484 1716 filius,
1516 1671 1578 1706 cui
1598 1676 1635 1706 et
1650 1670 1720 1721 ipsi

1061 1737 1205 1760 nomen
1237 1725 1403 1773 Callias,
1435 1732 1539 1775 patr(
1571 1738 1719 1777 avoque

1060 1782 1239 1817 illustrior
1267 1781 1351 1817 fuit.
1408 1780 1494 1822 vid.
1531 1781 1579 1821 ad
1612 1783 1719 1819 Alci-

1061 1836 1162 1875 biad.
1185 1843 1281 1874 nott.
1302 1838 1327 1873 l.
1349 1838 1374 1874 l.
1388 1844 1425 1874 et
1444 1836 1531 1874 add.
1545 1836 1719 1875 Schultz.

1060 1895 1244 1949 Apparat.
1265 1895 1346 1931 crit.
1365 1907 1454 1945 pag.
1477 1896 1530 1936 38
1549 1901 1631 1933 not.
1653 1894 1719 1936 64.

1259 1995 1352 2046 Cap.
1373 1996 1531 2033 CXXII.

1119 2062 1300 2105 Καλλίεω
1327 2060 1370 2101 δὲ
1384 2060 1527 2102 τούτου
1548 2077 1583 2101 κ.
1601 2077 1635 2104 τ.
1661 2064 1716 2112 λ.]

1062 2119 1321 2170 Quaecunque
1349 2117 1422 2155 hoc
1452 2120 1573 2169 capite
1592 2121 1718 2157 conti·

1060 2182 1210 2223 nentur,
1234 2188 1255 2211 a
1274 2173 1467 2223 Mediceo,
1498 2176 1715 2213 Florentino

1062 2244 1105 2268 ac
1124 2232 1240 2268 tribus
1253 2231 1331 2268 aliis
1353 2230 1463 2271 codd.
1476 2232 1622 2281 absunt,
1644 2245 1716 2269 ne-

1058 2301 1132 2339 que
1144 2288 1365 2324 narrationis
1376 2301 1522 2326 nexum
1529 2287 1585 2325 his
1597 2290 1716 2326 omis-

1056 2346 1105 2381 sis
1135 2345 1278 2380 turbari
1305 2346 1456 2381 monuit
1487 2346 1714 2394 Gronovius,

1057 2402 1230 2451 quamvis
1251 2399 1344 2438 haec
1358 2430 1368 2447 ,
1388 2401 1418 2438 si
1439 2401 1632 2439 Herodoto
1644 2403 1715 2439 ab·

1054 2457 1292 2504 iudicentur,
1326 2470 1405 2494 non
1436 2457 1580 2495 indocti
1612 2465 1714 2495 certe

1055 2512 1233 2561 hominis,
1254 2513 1463 2551 admodtun
1482 2514 1638 2565 quidem
1651 2528 1712 2551 re-

1056 2572 1174 2608 centis
1186 2569 1251 2607 sed
1269 2572 1439 2621 apprime
1451 2572 1632 2607 inCalliae
1642 2584 1712 2607 ne·-

1055 2629 1166 2675 gotiis
1185 2634 1221 2664 et
1233 2628 1373 2663 familia
1387 2628 1554 2664 callentis
1565 2625 1712 2663 haben-

1056 2683 1104 2719 da
1136 2697 1214 2721 esse
1245 2686 1327 2720 iure
1355 2696 1513 2719 monere
1540 2682 1711 2720 videatur

1054 2741 1220 2777 wessel.
1251 2741 1392 2777 Contra
1412 2738 1606 2776 Herodoto
1626 2751 1712 2776 ma-

1054 2798 1159 2835 xime
1179 2795 1337 2848 indigua
1357 2794 1451 2835 haec
1472 2796 1587 2836 verba
1607 2794 1711 2833 iude-
