1897 3340
409 228 464 267 37
467 227 493 266 2

811 225 1276 263 HERODOTI

381 341 400 374 7
409 332 459 376 ‘O
487 333 566 389 μὲν
586 331 639 389 δή
670 331 963 389 πρεσβύτερος
991 336 1079 377 τῶν
1098 334 1268 376 παίδων
1286 335 1346 391 τῷ
1367 332 1533 388 Κίμωνι
1562 336 1670 390 Στη-

410 397 599 478 σαγόρης
637 394 694 455 ἦν
732 404 968 454 τηνικαῦτα
1011 400 1129 456 παρά
1172 405 1232 456 τῷ
1271 400 1422 456 πάτρῳ
1453 399 1670 458 Μιλτιάδῃ

409 467 676 523 τρεφόμενος
706 467 753 509 ἐν
782 471 834 522 τῇ
864 468 1150 526 Χερσονήσῳ·

1198 466 1221 511 ὁ
1252 468 1297 510 δὲ
1327 467 1537 521 νεώτερος
1565 465 1670 521 παρ’

412 534 531 591 αὐτῷ
562 536 733 588 Κίμωνι
771 532 818 576 ἐν
855 532 1088 591 Ἀθήνῃσι,
1119 533 1312 590 τοῦνομα
1343 535 1449 590 ἔχων
1478 533 1564 578 άπὸ
1594 537 1674 578 τοῦ

253 663 352 709 104

410 601 604 646 οἰκιστέω
643 605 721 656 τῆς
769 601 1054 658 Χερσονήσου
1088 603 1364 652 Μιλτιάδεω,
1416 600 1672 656 Μιλτιάδης.

412 664 551 719 Οὗτος
581 667 634 723 δὴ
665 662 730 711 ὦν
758 666 853 711 τότε
883 667 905 712 ὁ
937 667 1207 724 Μιλτιάδης,
1237 668 1357 724 ἥκων
1387 668 1433 711 ἐκ
1461 672 1536 724 τῆς
1566 671 1708 722 Χερ-1

411 737 623 792 σονὴσου,
653 735 727 778 καὶ
756 734 1032 791 ἐκπεφευγὼς
1063 734 1245 778 διπλόον
1275 735 1492 787 θάνατον,
1524 736 1672 788 ἐστρα-

385 805 536 859 Ξτήγεε
562 802 818 859 Ἀθηναίων.
875 803 963 858 ἅμα
997 803 1075 857 μὲν
1108 802 1192 858 γάρ
1223 805 1266 845 οἱ
1298 805 1497 854 Φοίνικες
1535 801 1707 855 αύτὸνῖγ

409 872 453 913 οἱ
484 870 783 923 ἐπιδιώξαντες
812 871 936 926 μέχρι
952 869 1134 925 Ἴμβρου
1163 870 1262 922 περὶ
1286 874 1451 913 πολλοῦ
1482 872 1672 914 ἐποιεῦν-

408 955 457 981 το
488 941 636 994 λαβεῖν
666 954 709 981 τε
740 939 812 981 καὶ
845 938 1077 993 ἀναγαγεῖν
1119 937 1238 991 παρὰ
1266 937 1463 992 βασιλέα,
1504 939 1592 994 ἅμα
1622 939 1702 982 δὲ5

410 1005 660 1060 ἐκφυγόντα
690 1021 733 1047 τε
763 1005 967 1058 τούτους,
998 1005 1071 1048 καὶ
1101 1002 1369 1059 ἀπικόμενον
1389 1005 1431 1056 ἐς
1459 1005 1539 1061 τὴν
1568 1006 1672 1049 ἑωυ-

409 1076 488 1114 τοῦ
519 1071 729 1115 δοκέοντά
757 1088 801 1116 τε
831 1071 943 1116 εἶναι
967 1071 1013 1115 έν
1045 1074 1254 1129 σωτηρίῃ,
1285 1071 1368 1127 ἤδη
1391 1072 1439 1118 τό
1470 1072 1672 1116 ἐνθεῦτέν

410 1155 486 1194 μιν
529 1141 573 1182 οἱ
615 1140 768 1195 ἐχθροὶ
797 1138 1133 1195 ὑποδεξάμενοι,
1173 1141 1246 1184 καὶ
1275 1139 1362 1184 ὑπὸ
1392 1139 1674 1197 δικαστήριον

411 1206 546 1250 αὐτὸν
587 1207 839 1263 ἀγαγόντες,
880 1208 1059 1259 ἐδίωξαν
1098 1210 1358 1262 τυραννίδος
1388 1211 1462 1264 τῆς
1491 1209 1538 1252 ἐν
1567 1212 1671 1263 Χερ-
1688 1216 1731 1249 10

341 1329 343 1333 ι
380 1273 601 1331 3σονήσῳ.
646 1273 890 1330 ἀποφυγὼν
919 1276 965 1319 δὲ
994 1276 1067 1319 καὶ
1095 1275 1294 1330 τούτους,
1335 1276 1569 1332 στρατηγὸς
1599 1276 1674 1320 οὕ-

410 1357 469 1384 τω
494 1341 741 1398 Ἀθηναίων
770 1341 1008 1401 ἀπεδέχθη,
1051 1344 1239 1400 αἱρεθεὶς
1275 1342 1364 1388 ὑπὸ
1401 1347 1480 1388 τοῦ
1519 1344 1673 1400 δήμου.

355 1534 443 1572 pag.
460 1520 542 1562 432
556 1536 655 1574 seq„
678 1538 818 1576 equos,
851 1528 914 1579 qui
936 1535 1014 1565 ter-

356 1591 422 1615 nas
444 1577 469 1614 h
473 1591 510 1614 as
533 1579 734 1631 Oljmpiae
753 1584 926 1620 victmias
951 1598 1014 1621 re-

355 1642 618 1685 portaverant,
676 1639 716 1673 in
762 1639 958 1677 Ceramico
992 1654 1014 1677 a

356 1691 523 1727 Miltiade
540 1705 618 1729 esse
637 1695 815 1744 sepultos,
845 1698 1014 1749 itemque

355 1748 574 1798 Euagoram
603 1762 720 1800 equos
757 1750 1016 1789 houmificen-

355 1805 496 1840 tissime
527 1803 717 1845 humasse.
748 1828 803 1835 —
852 1809 914 1845 Ad
935 1810 1015 1846 for-

356 1873 461 1896 mam
493 1856 721 1910 τεθάφαται
749 1865 848 1903 conf.
879 1864 1014 1903 matth.

357 1917 425 1953 Gr.
460 1918 526 1953 Gr.
556 1931 644 1968 pag.
675 1922 772 1960 377.
831 1923 906 1959 Pro
928 1937 1014 1962 του-

357 1972 455 2011 τέων
476 1972 564 2009 dedi
584 1971 751 2015 τούτων.

412 2049 455 2090 Ὁ
475 2049 546 2100 μὲν
580 2049 631 2103 δή
650 2049 917 2106 πρεσβύτερος
939 2058 1018 2095 τῶν

357 2108 513 2146 παίδων
535 2110 589 2158 τῷ
617 2109 803 2159 Κίμωνι]
827 2112 1019 2149 Consimi—

356 2164 400 2199 lis
422 2162 538 2200 dativi
560 2171 745 2201 structura
766 2168 828 2214 lv,
851 2168 918 2208 51.
948 2170 1003 2204 lx

361 2221 452 2265 107,
475 2226 515 2255 ut
537 2228 668 2257 monet
688 2223 920 2274 VVesseliug.
951 2225 1015 2261 Tu

358 2275 460 2311 cous.
480 2282 577 2312 nott.
594 2275 641 2312 ad
670 2278 700 2324 Ι,
729 2277 796 2317 34.

413 2378 520 2414 παρα
558 2379 610 2415 τῳ
654 2360 884 2420 πατρω],
889 2369 1016 2415 ,Recte

357 2417 530 2456 Eustath.
564 2422 602 2456 in
634 2421 916 2472 11.11p.239‚
942 2427 1014 2465 16:

359 2490 413 2521 ως
437 2471 528 2526 παρ’
555 2473 751 2530 Ἡροδότω
791 2474 957 2531 Πάτρως
994 2479 1018 2520 ὁ

360 2526 440 2570 dno*
471 2535 664 2583 πατρικοῦ
691 2529 870 2582 α’δελφοῦ
903 2541 1016 2584 θεῖος

361 2583 466 2626 ου’τω
494 2603 568 2626 νυν
599 2590 659 2634 (ΙΙ
679 2590 726 2637 11
750 2593 859 2640 661)
892 2590 912 2631 ὁ
936 2589 1015 2632 ‹c'no

361 2646 553 2694 ματρικοῦ
594 2640 788 2697 Mrjrpoeg.
848 2650 927 2685 Hac
960 2657 1017 2686 et-

362 2701 438 2736 iam
460 2701 497 2736 in
519 2713 612 2737 voce
631 2702 701 2738 sibi
731 2710 876 2740 constat
895 2707 1018 2742 uero-

361 2755 470 2792 dotus
490 2758 536 2803 ΙΙ,
554 2759 642 2798 133.
664 2758 803 2805 1v‚76.
822 2759 902 2808 Vn,
927 2764 1017 2801 10.“

367 2811 427 2849 Va
443 2812 483 2849 lc
495 2813 516 2849 Ι.-
529 2826 545 2850 e
557 2826 593 2850 n.
647 2815 853 2865 Pet-peram
892 2825 1019 2855 nostro

1068 1529 1110 1565 in
1136 1529 1223 1565 loco
1252 1525 1426 1565 Thomas
1455 1529 1558 1579 Mag.
1588 1541 1628 1579 p.
1650 1527 1730 1568 848

1072 1586 1236 1636 explioat
1264 1582 1391 1636 ’ἤγουν
1410 1587 1463 1638 τῷ
1489 1582 1654 1639 πάππῳ.

1292 1674 1384 1724 cap.
1416 1674 1511 1711 c1v.

1130 1747 1212 1801 ἅμα
1232 1749 1303 1802 μὲν
1322 1749 1397 1804 γάρ
1417 1767 1452 1790 κ.
1471 1767 1503 1790 τ.
1529 1752 1586 1800 λ.]
1619 1751 1730 1789 Cous.

1071 1806 1207 1844 Matth.
1229 1809 1294 1847 Gr.
1317 1810 1382 1847 Gr.
1404 1821 1491 1859 pag.
1515 1809 1646 1856 1195,
1667 1810 1733 1860 qui

1072 1864 1175 1900 idem
1213 1863 1262 1900 ad
1291 1867 1466 1916 proxime
1502 1864 1730 1902 antecedens

1072 1917 1186 1970 ’ἥκων
1207 1923 1351 1958 consul.
1372 1934 1460 1973 pag.
1489 1921 1582 1961 956
1629 1920 1731 1958 Add.

1074 1977 1212 2014 Suidas
1242 1992 1271 2015 5.
1301 1992 1338 2015 v.
1370 1972 1598 2027 Μιλτιάδης
1627 1978 1676 2014 Τ.
1697 1978 1734 2014 11

1074 2046 1162 2084 pag·
1185 2033 1278 2074 562.
1337 2035 1413 2070 Pro
1443 2034 1616 2085 βασιλῆα
1644 2033 1733 2071 dedi

1074 2087 1250 2141 βασιλέα.

1130 2143 1208 2195 ἤδη
1239 2142 1283 2184 τό
1314 2143 1505 2184 ἐνθεῦτέν
1531 2159 1601 2195 μιν
1631 2145 1673 2184 οἵ
1698 2144 1734 2185 ἒ-

1075 2200 1194 2252 χθροὶ
1217 2198 1535 2251 ὑποδεξάμενοι]
1557 2202 1644 2238 Noli
1663 2200 1733 2238 de-

1075 2258 1152 2294 Ιειε
1185 2272 1253 2307 μιν
1285 2264 1348 2294 aut
1380 2264 1527 2294 mutare
1561 2258 1600 2293 iu
1638 2257 1733 2309 μένς

1073 2326 1144 2350 nec
1164 2314 1285 2364 magis
1306 2313 1541 2350 delendum
1531 2327 1734 2366 lusequeus

1075 2365 1217 2417 αὐτὸν,
1266 2383 1354 2406 cum
1393 2371 1432 2406 in
1464 2371 1598 2408 talibus
1629 2371 1733 2423 apud

1074 2425 1312 2463 Herodotum
1332 2428 1537 2463 verbonum
1558 2426 1651 2464 haec
1671 2441 1735 2464 re-

1075 2481 1284 2520 dundantia
1314 2485 1509 2520 neminem
1537 2483 1732 2521 offendere

1074 2538 1223 2576 debeat.
1280 2539 1341 2576 Ad
1362 2541 1477 2577 verba
1505 2537 1583 2579 ὖπό
1619 2541 1733 2580 δικα-

1075 2591 1306 2646 στήριον-
1318 2592 1531 2648 ἀγαγόντες
1550 2595 1732 2635 vid.u0tt.

1076 2652 1123 2688 ad
1154 2654 1217 2699 Vl,
1239 2656 1306 2693 72.
1337 2651 1469 2690 matth.
1502 2654 1568 2689 Gr.
1596 2654 1662 2690 Gr.
1691 2667 1731 2704 p.

1079 2711 1197 2755 1188,
1220 2711 1285 2760 qui
1308 2708 1411 2745 idem
1433 2710 1470 2753 ξ.
1492 2711 1573 2749 369
1589 2723 1628 2760 p.
1650 2712 1729 2751 683

1077 2764 1124 2800 ad
1152 2766 1265 2801 verba
1297 2765 1464 2812 ἐδίωξαν
1495 2766 1731 2818 τυραννίδος

1077 2827 1114 2857 et
1133 2834 1220 2872 pag.
1252 2821 1334 2863 562
1365 2820 1413 2858 ad
1434 2822 1549 2859 verba
1588 2823 1659 2873 τῆς
1687 2820 1731 2861 ἒν
