1897 3340
77 574 228 610 Tripodes
250 573 334 601 The—

407 202 463 241 96

409 308 599 350 παλαιοῦ
650 307 693 349 οἱ
729 304 894 358 Ἴωνες,
945 306 1010 350 ὅτι

808 199 1268 236 HERODOTI

1058 307 1156 350 κοτὲ
1200 306 1247 349 ἐν
1305 304 1436 348 σπάνι
1488 305 1664 361 βύβλων
1721 309 1804 352 400

413 375 624 430 ἐχρέωντο
664 374 899 430 διφθέρῃσι
938 374 1105 430 αἰγέῃσί
1141 389 1186 416 τε
1223 373 1296 415 καὶ
1325 371 1486 429 ὀϊὲῃσι·
1531 373 1590 414 ἔτι
1619 373 1666 416 δὲ

410 442 484 486 καὶ
514 441 563 485 τό
593 439 692 485 κατ’
723 442 793 497 ἐμὲ
821 442 974 485 πολλοὶ
1003 445 1090 484 τῶν
1119 440 1358 496 βαρβάρων
1388 441 1429 491 ἐς
1457 437 1662 490 τοιαύτας
1677 448 1721 481 10

284 508 350 552 59
411 509 627 565 διφθέρας
665 507 898 566 γράφουσι.
951 507 1072 552 Ἵδον
1113 508 1159 551 δὲ
1196 509 1269 552 καὶ
1299 505 1432 558 αὐτὸς
1462 507 1665 563 Καδμήϊα

80 609 124 636 bis
141 611 173 638 in
191 607 305 644 templo
354 611 361 614 “

353 667 441 697 ante
452 659 585 710 papyri
596 669 706 694 usum
714 657 1010 692 instrumentum

356 723 394 754 et
438 713 686 753 commodum
714 717 762 751 Yet
790 718 1010 762 promptum

355 772 595 824 praebuerint
626 768 743 819 pelles
763 767 812 804 ad
839 768 1011 804 scriben—

356 828 450 865 dum
459 828 544 863 satis
555 825 663 861 utiles
674 838 684 873 3
704 831 745 861 ut
756 825 891 876 papyri
899 836 1011 860 usum

354 885 395 920 in
418 886 498 934 ipsa
519 883 716 932 Aegypto,
745 880 847 932 quod
877 887 933 916 tot
952 887 1011 916 te-

355 947 500 977 stantur
532 939 726 976 volumina
754 938 794 973 iu
840 935 1013 973 Thebai—

355 997 407 1033 cis
451 996 589 1046 cryptis
627 999 795 1045 reperta,
843 994 1014 1044 peranti-

356 1057 499 1104 quum',
540 1051 656 1088 serius
688 1049 843 1087 demum
873 1048 962 1086 inde
991 1061 1013 1085 a

355 1106 625 1145 Psammetichi
643 1119 761 1157 regno
784 1105 905 1158 (quod
915 1106 1012 1142 inci-

355 1166 411 1216 pit
431 1166 478 1202 ab
499 1177 598 1201 anno
621 1166 698 1203 671
718 1176 752 1199 a.
774 1161 862 1199 Chr.
883 1175 946 1210 n.;
964 1162 1012 1199 cf.

355 1227 440 1258 nott
459 1220 508 1258 ad
525 1222 573 1268 ΙΙ,
598 1220 696 1270 157)
718 1218 766 1256 ad
786 1219 874 1255 alias
887 1219 1013 1254 natio-

354 1290 422 1314 nes
434 1284 546 1329 atque
557 1276 907 1326 imprimisGraecos
923 1288 1012 1324 per-

355 1335 501 1371 venisse
521 1345 610 1371 cum
631 1331 768 1369 eodem
796 1332 877 1368 viro
900 1329 1011 1367 docto

354 1402 444 1441 pag.
467 1392 520 1430 82
541 1402 648 1441 seqq.
677 1395 839 1425 statuere
865 1387 1011 1434 malim,

356 1447 423 1482 ubi
441 1446 539 1482 bene
568 1447 630 1481 ille
662 1444 808 1492 adiicit,
836 1445 896 1481 vel
925 1450 1011 1480 ante

357 1500 686 1539 Psammetichum
711 1502 777 1537 vix
814 1501 867 1536 ita
904 1500 1013 1536 clau-

358 1571 441 1595 sam
469 1558 580 1594 fuisse
611 1558 852 1608 Aegyptum,
889 1562 933 1592 ut
963 1554 1012 1592 ad

359 1613 569 1651 Phoenices
589 1614 723 1664 byblus
738 1613 924 1663 pertinere
934 1624 1013 1648 non

358 1671 536 1722 potuerit.
603 1670 787 1714 Quocirca
832 1666 1015 1704 Herodoti

359 1728 476 1765 verba
495 1725 537 1766 ἔν
563 1721 686 1764 σπάνι
713 1722 896 1776 βύβλων,
927 1724 1015 1775 qui-

359 1783 428 1820 bus
437 1783 665 1820 nonnullum
675 1789 774 1818 certe
792 1781 896 1831 bybli
904 1793 1016 1817 usum

359 1840 513 1876 Ionibus
543 1839 602 1875 vel
630 1846 712 1875 tum
741 1838 851 1874 fuisse
870 1830 1016 1886 signifi—

362 1902 441 1943 cat,
475 1894 522 1932 ad
538 1896 662 1945 priora
683 1896 796 1931 etiam
815 1894 1016 1930 Psamme-

362 1950 463 1989 ticho
508 1958 680 2002 tempora
736 1963 825 1987 cum
879 1948 1015 1986 eodem

361 2006 551 2045 Nitzschio
577 2008 714 2044 referre
751 2007 893 2057 placet,
926 2018 1016 2042 cum

364 2077 440 2116 quo
477 2064 662 2100 crebriora
689 2062 844 2113 posthac
877 2061 966 2098 inde
994 2074 1016 2098 a

361 2118 630 2157 Psammetichi
651 2126 781 2166 aetate,
798 2120 1017 2170 praesertim

365 2176 553 2213 Amasidis
582 2177 650 2213 sub
672 2188 789 2226 regno
811 2174 939 2226 (qnod
969 2175 1014 2210 ab

366 2246 466 2270 anno
506 2234 586 2273 570
622 2245 657 2268 a.
683 2232 771 2268 Chr.
796 2245 836 2268 n.
865 2231 1014 2281 incipit3

365 2290 413 2326 cs.
434 2295 528 2325 nott.
550 2287 597 2325 ad
616 2290 681 2335 111,
707 2288 760 2337 1),
785 2289 1015 2324 Graecorum

365 2359 455 2383 cum
471 2346 667 2396 Aegyptiis
689 2345 916 2381 commercia
946 2341 1017 2378 sso-

366 2415 496 2449 ruere‚
538 2414 582 2437 eo
621 2402 741 2450 magis
771 2402 883 2436 etiam
914 2400 1018 2450 bybli

364 2471 475 2495 usum
495 2471 562 2508 per
581 2459 742 2494 Graecos
768 2463 1017 2507 propagatum

364 2516 476 2552 fuisse
506 2521 803 2550 consentaneum
830 2514 888 2549 sit.
946 2512 1018 2548 At-

366 2585 440 2624 que
448 2571 508 2608 vel
520 2570 725 2620 διφθερῶν
737 2583 822 2606 usus
834 2569 933 2619 perG
940 2582 1018 2604 rae-

365 2630 463 2665 ciam
484 2627 574 2663 olim
602 2628 718 2663 rarior
738 2627 848 2662 fuisse
870 2624 1017 2661 videtur

365 2685 407 2721 C.
430 2685 474 2720 Ο.
509 2683 667 2719 M'ullero
699 2683 894 2731 (Gotting.
919 2682 1017 2717 Anz.

368 2742 469 2780 1831
490 2753 544 2775 m·-
566 2742 615 2779 31
640 2752 726 2790 Pssg·
749 2739 827 2779 295
848 2751 930 2788 sqq.
960 2738 1016 2772 De

365 2797 443 2847 ipsa
464 2795 562 2846 byblo
581 2808 610 2832 s.
622 2808 756 2846 papyro
787 2793 864 2831 vid.
895 2795 1017 2830 Hero-

1066 653 1146 692 dot.
1176 657 1223 703 11,
1254 658 1309 696 92
1328 657 1421 708 ibiq.
1454 663 1549 693 nott.
1616 655 1722 700 Quae

1066 712 1195 761 planta
1208 740 1218 758 ‚
1251 711 1354 763 quod
1370 714 1512 749 mirum
1532 724 1634 758 sane,
1655 712 1723 748 vix

1067 780 1169 803 nunc
1189 781 1257 818 per
1276 768 1497 819 Aegyptum
1526 769 1722 818 reperitur.

1067 823 1150 868 Qu&
1189 822 1236 859 de
1275 837 1314 859 re
1352 837 1475 874 nuper
1513 822 1723 860 admodum

1067 881 1219 916 uberius
1250 878 1421 917 disseruit
1448 880 1515 917 Vir
1533 880 1724 916 nobilissi-

1068 950 1153 974 mus
1173 938 1230 972 De
1251 937 1425 973 Minutoli
1439 966 1448 983 ‚
1469 934 1725 972 Abhandlun—

1069 1006 1143 1043 gen
1159 991 1412 1030 vermischteu
1422 990 1565 1029 Inhalts
1577 992 1727 1041 (Berlin'

1072 1052 1197 1099 1831)
1218 1051 1235 1086 Ι
1253 1062 1341 1100 pag.
1367 1049 1442 1090 114
1462 1061 1568 1101 seqq.

1126 1104 1166 1152 ἐς
1191 1103 1373 1152 τοιαύτας
1405 1104 1605 1156 διφθέρας
1621 1099 1723 1156 γρά-

1069 1163 1210 1210 φουσι]
1240 1164 1338 1198 Nota
1371 1163 1532 1198 verbum
1551 1158 1725 1213 γράφειν

1066 1216 1129 1254 hic
1153 1220 1339 1268 primitiva
1367 1218 1560 1265 incidendi,
1591 1216 1724 1254 inscul-

1062 1274 1175 1322 pendi
1207 1274 1364 1324 (literas
1397 1275 1438 1310 in
1466 1274 1610 1326 pelles)
1648 1285 1723 1310 uo-

1067 1331 1184 1366 tione.

1287 1420 1378 1470 Cap.
1405 1420 1509 1457 LIX.

1114 1494 1220 1552 ’'I-dov
1242 1495 1363 1537 δὲκαὶ
1381 1493 1515 1546 αὐτός]
1539 1498 1614 1534 Pro
1636 1497 1724 1538 ἴδον

1069 1554 1309 1590 Florentinus
1331 1551 1460 1601 εἶδον,
1492 1553 1595 1605 quod
1615 1567 1724 1591 rece-

1068 1611 1123 1661 pit
1160 1608 1340 1646 Matthiae
1356 1641 1365 1658 ,
1425 1617 1630 1646 annotante
1673 1612 1724 1648 H.

1068 1667 1204 1716 Apetz.
1227 1662 1334 1705 εἶδον
1355 1679 1466 1717 saepe
1479 1666 1580 1717 apud
1599 1669 1725 1704 Hero-

1073 1721 1206 1759 dotum
1251 1724 1332 1759 sine
1381 1722 1593 1759 diversitate
1636 1724 1724 1773 legi,

1072 1778 1161 1818 ἰ’δον
1180 1791 1392 1830 numquam
1412 1780 1484 1815 nisi
1505 1792 1594 1816 cum
1621 1780 1724 1817 varia

1070 1835 1232 1871 lectione
1274 1833 1401 1895 εἶρον;
1449 1836 1578 1887 itaque
1617 1831 1726 1875 εἶδον

1071 1891 1331 1928 Herodoteum
1342 1891 1473 1939 videri,
1488 1891 1574 1931 ἴδον
1586 1893 1725 1929 Gram-

1070 1949 1315 1995 maticorum,
1347 1949 1412 1999 qni
1439 1949 1605 1985 Ionismo
1638 1943 1725 1985 fue-

1071 2005 1144 2040 rint
1164 2006 1243 2055 ipso
1264 2004 1457 2051 Herodoto
1486 2005 1726 2043 amantiores.

1074 2060 1183 2106 Quod
1204 2060 1251 2097 ad
1272 2067 1542 2111 argumentum
1560 2062 1634 2098 loci
1664 2067 1724 2098 at—

1071 2118 1165 2153 tinet
1184 2130 1272 2153 sane
1293 2119 1576 2167 gravissimum,
1605 2130 1725 2168 appa-

1072 2180 1127 2209 ret
1156 2173 1248 2210 haec
1282 2175 1360 2224 ipsa
1392 2174 1503 2210 adiici
1534 2186 1555 2210 a
1574 2175 1722 2222 Nostro,

1072 2243 1146 2281 qno
1167 2231 1219 2266 rei
1239 2243 1376 2281 parum
1405 2229 1573 2267 credibili
1600 2231 1728 2266 maxi-

1071 2299 1210 2338 meque
1231 2288 1348 2323 mirae
1369 2287 1583 2324 conciliaret
1596 2285 1732 2344 fidem..

1072 2343 1127 2378 Ac
1167 2344 1370 2379 Pausanias
1401 2355 1552 2395 quoqne
1581 2343 1649 2389 IX,
1674 2344 1725 2382 10

1074 2400 1110 2444 ξ.
1127 2399 1150 2436 4
1163 2401 1260 2435 inter
1272 2399 1446 2450 tripodes,
1461 2398 1725 2450 quibusApol-

1073 2455 1156 2491 linis
1187 2457 1337 2491 lslnenii
1368 2457 1551 2505 templum
1572 2454 1641 2490 fuit
1661 2466 1725 2490 or-

1072 2519 1224 2557 natum,
1248 2525 1366 2548 unum
1386 2512 1620 2562 potissimum
1639 2522 1726 2546 me-

1074 2575 1193 2604 morat
1217 2568 1403 2618 tripodem
1425 2567 1644 2618 antiquitate
1659 2579 1726 2602 ae-

1075 2637 1148 2675 que
1187 2625 1435 2668 celebratum,
1475 2630 1586 2674 atque
1617 2621 1725 2659 dedi-

1074 2681 1191 2716 cantis
1215 2681 1353 2730 gloria,
1395 2678 1595 2715 donarium
1625 2680 1724 2715 Am-

1073 2735 1281 2786 phitryonis
1302 2735 1366 2775 ἐπὶ
1384 2733 1563 2785 Ἡρακλεῖ
1575 2735 1725 2784 δαφνη-

1075 2789 1307 2843 φορήσαντι,
1340 2790 1439 2828 unde
1460 2799 1586 2828 tamen
1607 2791 1725 2827 alium
