1897 3340
498 194 970 234 POLYMNIA.
1029 193 1131 234 v11.

1370 203 1453 243 ‹527›

193 305 439 361 ἐπεθύμησε
454 303 631 356 πλώσας
661 303 910 360 θεήσασθαι
931 300 1014 357 τήν
1043 301 1230 358 ἐκβολὴν
1251 308 1332 347 τοῦ
1363 310 1453 362 Πη-

190 377 335 417 νειοῦ·
368 374 434 417 ὅτι
463 372 543 428 τὴν
573 372 664 416 ἅνω
694 370 803 415 ὁδόν
832 370 976 424 ἔμελλε
1015 369 1118 413 ἐλᾶν
1148 369 1221 414 διὰ
1250 373 1452 416 Μακεδό-

190 458 296 494 νων,
327 445 415 484 τῶν
444 440 688 494 κατύπερθε
719 437 978 495 οἰκημένων,
1007 437 1050 489 ἐς
1072 438 1350 495 Περῥαιβούς
1376 446 1509 483 στα-45

190 508 244 564 ροὲ
289 510 464 554 Γόννον
492 507 641 553 πόλιν·
681 506 816 563 ταύτῃ
846 505 930 562 γάρ
961 504 1293 562 ἀσφαλέστατον
1322 507 1452 551 ἐπυν-

133 718 292 757 Accedit
311 720 438 766 etiam,
469 715 573 769 quod
592 717 662 754 ista
690 717 796 768 regio

132 789 236 813 nunc
273 777 442 811 maxime
471 775 671 811 insalubris
701 788 794 810 cen-

131 839 233 869 setur
261 833 500 883 minimeque
520 838 600 867 tuta
620 832 793 882 peregri-

130 889 336 926 natoribus.
387 889 498 925 Conf.
519 887 792 925 vaudoncourt

129 946 155 982 1.
176 946 201 981 I.
219 958 307 996 pag.
331 943 426 986 342.
457 946 730 997 Poucqueville
759 947 789 993 Ι,

131 1004 150 1041 1
176 1015 235 1053 cp.
257 1005 310 1042 76
331 1015 420 1052 pag.
442 1000 536 1041 404.
594 1003 715 1038 Aliter
730 1003 790 1039 vi·-

129 1056 240 1095 detur
281 1057 471 1095 Dodwell,
508 1059 535 1095 l.
562 1059 587 1095 l.
634 1059 790 1095 laetissi-

127 1128 234 1151 mam
272 1116 378 1151 illam
412 1116 611 1165 regionem
631 1128 790 1152 accura—

127 1173 201 1209 tius
240 1171 486 1220 describenti,
530 1185 647 1224 quam
684 1186 788 1209 nunc

128 1229 310 1279 appellari
334 1229 514 1279 Tzampas
536 1228 651 1267 addit.
711 1231 787 1266 Per

126 1285 301 1322 medium
336 1298 476 1322 aevum
503 1286 674 1323 faucibus
713 1299 788 1323 no-

128 1356 218 1378 men
247 1341 479 1393 Lycost0m03
524 1356 545 1378 a
576 1344 714 1379 Turcis
738 1344 787 1379 il-

127 1400 186 1436 lae
197 1400 413 1437 vocitantur
431 1399 587 1447 Bogaz:
619 1413 694 1451 qua
705 1401 786 1450 ipsa

127 1469 221 1494 voce
253 1455 381 1506 fauces
411 1454 600 1505 designari
631 1470 660 1493 s.
690 1459 787 1493 viam

127 1516 329 1562 angustam,
359 1516 496 1550 arctam
516 1520 699 1550 asserunt.
728 1514 786 1550 Ac

127 1583 216 1607 sane
237 1571 268 1607 si
287 1570 400 1607 totius
419 1570 585 1620 regionis
614 1569 786 1607 indolem

126 1633 283 1678 spectes,
316 1626 444 1677 fauces
483 1628 609 1677 potius
648 1626 786 1664 dixeris

127 1684 277 1734 Tempe
299 1697 416 1735 quam
436 1684 598 1730 vallem3
623 1685 787 1734 perfau-

127 1754 188 1778 ces
229 1741 334 1777 enim
379 1753 501 1792 aquae
543 1739 788 1778 Thessalicae

127 1798 274 1834 exitum
294 1802 528 1847 repererunt,
559 1803 596 1833 et
616 1811 684 1847 per
705 1810 789 1834 eas-

130 1852 220 1890 dem
240 1853 368 1890 fauces
394 1854 434 1889 in
466 1851 688 1890 Thessaliae
709 1861 790 1891 tra-

127 1917 209 1947 ctus
235 1911 429 1946 interiores
461 1911 658 1960 pervenire
688 1911 788 1958 licet,

129 1979 221 2019 quas
250 1967 511 2017 contemplans
537 1968 684 2007 Xerxes
706 1969 791 2003 exi-

127 2031 287 2076 tumque
308 2025 448 2070 Penei,
479 2025 790 2073 angustissimum

130 2082 241 2117 illum
257 2079 414 2132 quidem
434 2081 612 2132 utrinque
623 2082 722 2117 saxis
733 2082 792 2117 al—

127 2139 173 2175 tis
202 2138 410 2185 inclusum,
433 2135 662 2188 adspiciens,
703 2151 790 2174 ma·-

127 2195 233 2231 xima
262 2193 511 2231 admiratione
531 2195 706 2245 abreptus
726 2195 792 2231 fu-

128 2252 199 2288 isse
219 2252 299 2287 iure
321 2249 481 2287 dicitur:
525 2250 568 2290 ἐν
602 2247 790 2302 θωύματι

131 2303 284 2360 μεγάλῳ
307 2305 492 2356 ἐνέσχετο.
552 2307 663 2352 Quod
683 2308 788 2345 idem

130 2364 239 2400 nobis
259 2363 460 2412 contigisse
483 2362 669 2412 fatemur,
698 2378 788 2402 cum

130 2420 171 2457 in
207 2418 510 2470 splendidissimo
543 2431 656 2469 opere
695 2422 782 2458 Lib.

126 2478 268 2515 Baron.
309 2475 357 2512 de
398 2473 660 2525 Stackelberg,
707 2476 789 2525 (La

129 2533 265 2572 Graue.
322 2533 423 2569 Vues
461 2532 710 2582 pittoresques
751 2540 789 2569 et

128 2588 461 2641 topograpliiques.
512 2587 618 2623 Paris
682 2590 784 2628 1831

128 2646 214 2693 fol.)
255 2647 526 2697 inspiceremus
555 2644 700 2679 tabulas
729 2644 788 2680 la-

130 2702 209 2752 pidi
244 2704 400 2749 incisas,
438 2702 477 2737 in
499 2700 635 2752 quibus
668 2700 788 2736 Penei

129 2758 236 2794 fluvii
264 2772 414 2805 cursus,
445 2759 602 2808 ipsaque
623 2756 785 2806 Tempe,

132 2813 316 2865 oppidum
333 2816 491 2852 Gonnus
501 2827 532 2852 s.
552 2812 671 2860 Baba,
691 2812 786 2849 aliae

188 2872 409 2908 Hssnonor.
430 2871 499 2907 111.

850 715 962 755 huius
982 718 1147 768 regionis
1166 726 1303 770 partes,
1333 721 1510 758 luculen-

849 776 991 811 tissime
1030 774 1079 811 ad
1118 777 1318 814 oculorum
1354 791 1509 815 sensum

850 829 1040 868 exhibitae
1062 839 1163 869 sunt.

904 884 966 928 ὅτι
1003 885 1076 938 τήν
1118 885 1204 928 ἅνω
1240 886 1334 929 ὁδὸν
1379 888 1510 940 ἔμελλε

847 942 976 994 ἐλᾶν]
1027 943 1056 996 ἦ
1099 942 1184 983 ἅνω
1220 942 1315 992 ὁδός
1359 946 1508 995 dicitur,

846 1014 945 1053 quae
982 1015 1052 1052 pei·
1081 1002 1358 1039 mediterranea
1393 1003 1509 1051 ducit,

846 1071 968 1110 eaque
993 1066 1191 1107 montosa,
1221 1060 1252 1096 si
1291 1059 1450 1111 quidem
1482 1059 1512 1112 ἦ

845 1112 953 1154 κοὲτω
984 1113 1075 1162 ὁδὸς
1105 1128 1149 1153 ea
1179 1122 1251 1164 est,
1283 1129 1382 1169 quae
1401 1118 1509 1155 iuxta

844 1185 950 1208 mare
972 1171 1088 1210 ducit.

903 1228 942 1275 ἔς
962 1225 1236 1281 Περῤαιβοϋς]
1252 1229 1380 1268 Minus
1392 1237 1506 1279 recte,

843 1286 1032 1337 plerisque
1054 1286 1154 1323 libris
1174 1287 1299 1323 invitis
1314 1317 1324 1336 ‚
1362 1290 1509 1339 Περαι-

843 1337 957 1393 βούς.
1014 1344 1072 1379 De
1105 1356 1180 1395 qua
1201 1345 1303 1380 vocis
1324 1344 1509 1395 scriptura

842 1406 991 1450 praeter
1009 1399 1183 1437 Eustath.
1215 1399 1263 1436 ad
1282 1400 1389 1439 Iliad.
1419 1414 1508 1452 pag.

845 1455 924 1496 335
953 1469 982 1493 S.
1002 1456 1098 1504 254,
1129 1460 1178 1496 10
1201 1465 1362 1507 egerunt
1382 1459 1504 1495 inter-

843 1519 965 1562 pretes
993 1512 1216 1565 Thucydid.
1245 1514 1309 1562 IV,
1339 1516 1391 1554 78
1421 1515 1507 1553 coll.

843 1568 1001 1606 Diodor.
1022 1572 1091 1617 XI,
1110 1573 1134 1610 3
1156 1577 1193 1607 et
1214 1583 1236 1607 a
1255 1570 1509 1608 Friedeman-

843 1639 894 1662 no
906 1627 1008 1663 citati
1020 1626 1069 1663 ad
1079 1627 1256 1664 Strabon.
1269 1627 1507 1670 Commentt.

843 1684 860 1718 I
880 1696 968 1734 pag.
987 1682 1083 1724 430.
1117 1683 1236 1721 Sedes
1257 1686 1391 1734 gentis,
1409 1699 1508 1737 quae

845 1740 937 1776 olim
967 1739 1016 1776 ad
1045 1742 1221 1777 Peneum
1241 1742 1508 1794 Larissamque

844 1795 1050 1843 habitabat,
1079 1804 1209 1847 postea
1230 1799 1352 1848 magis
1373 1798 1420 1835 ad
1445 1812 1508 1835 se-

844 1855 1101 1904 ptentrionem
1137 1854 1378 1906 quaerendae
1416 1862 1506 1892 sunt

847 1909 894 1946 ad
905 1909 1072 1946 Pindum
1084 1918 1256 1947 montem
1271 1913 1362 1947 eain
1377 1911 1506 1949 Thes-

845 1967 959 2003 saliae
979 1974 1098 2018 parte,
1121 1981 1218 2019 quae
1238 1968 1507 2006 Macedoniam

846 2036 966 2075 usque
988 2025 1208 2074 attingebat.
1253 2026 1364 2062 Nunc
1385 2032 1506 2062 terrae

845 2093 989 2116 nomen
1010 2083 1161 2129 Zagorz‘.
1218 2080 1305 2119 Vid.
1326 2083 1506 2120 strabon.

845 2138 903 2173 IX
923 2151 960 2188 p.
984 2140 1078 2178 671.
1110 2136 1191 2178 674
1212 2151 1292 2189 seq.
1312 2152 1342 2176 s·
1362 2153 1400 2189 p.
1421 2138 1505 2180 439

843 2207 924 2246 seq.
945 2192 1028 2234 442
1049 2194 1134 2231 coll.
1165 2195 1354 2232 Mannert.
1379 2196 1447 2234 VII
1465 2209 1505 2249 p.

846 2251 940 2292 522.
962 2250 1057 2290 562.

899 2304 1010 2357 παρὰ
1033 2303 1189 2346 Γόννον
1216 2303 1361 2356 πόλιν]
1404 2308 1505 2346 Gon·

844 2377 910 2401 nus
938 2364 1026 2400 urbs
1062 2363 1164 2412 (sive
1187 2364 1332 2414 Gonni)
1361 2365 1504 2416 inipso

844 2421 1036 2467 faucium,
1058 2433 1156 2472 quae
1185 2421 1338 2471 Tempe
1359 2434 1504 2459 vocan-

844 2483 917 2523 tur,
946 2478 1103 2513 introitu
1135 2478 1204 2514 sita
1235 2477 1403 2530 indeque
1431 2491 1504 2528 po-

843 2539 941 2569 stero
969 2545 1075 2580 aevo,
1086 2533 1149 2569 ubi
1167 2535 1331 2571 crebrius
1351 2546 1503 2570 memo-

845 2595 949 2625 ratur
977 2590 1017 2625 in
1038 2589 1142 2626 bellis
1163 2590 1422 2627 Macedonum
1442 2596 1502 2626 at-

845 2658 920 2696 que
939 2647 1215 2693 Romanorum,
1238 2647 1334 2683 bene
1355 2646 1502 2681 munita

843 2702 926 2739 fuit.
984 2701 1069 2739 vid.
1099 2704 1288 2739 Mannert.
1317 2703 1385 2737 Vll
1412 2713 1502 2751 pag.

844 2757 940 2798 558.
996 2760 1121 2805 Nunc,
1151 2760 1217 2795 ubi
1247 2758 1373 2794 fauces
1403 2757 1501 2793 inci-

842 2814 963 2863 piunt,
976 2813 1081 2852 Baba
1100 2815 1204 2852 vicus
1223 2820 1362 2862 exstat3
1384 2825 1501 2865 quem

1171 2868 1226 2909 40
