1897 3340
392 208 1410 252 TERPSlcflORE.v.1-1.·›

149 357 175 377 „
165 323 326 379 ,ἡμέων
355 321 546 365 οἰκέουσι
578 317 849 372 Ταναγραῖοί
876 331 920 359 τε
950 314 1022 358 καὶ
1052 316 1308 368 Κορωναῖοι
1336 316 1410 358 καὶ

149 389 402 445 ,,Θεσπιέες,
452 385 524 429 καὶ
554 385 679 428 οὐτοί
705 400 753 440 γε
794 383 882 439 ἅμα
912 381 1018 439 ἡμῖν
1048 382 1131 425 αἰεὶ
1159 382 1411 438 μαχόμενοι,

147 492 159 512 ,
164 455 416 514 ,προθύμως
445 452 790 508 συνδιαφέρουσι
817 451 894 494 τὸν
920 449 1133 506 πόλεμον,
1163 451 1204 493 τί
1235 452 1304 494 δεῖ
1318 450 1414 494 τού·
1425 456 1469 492 55

150 541 264 580 „nov
293 539 340 580 γε
371 520 570 573 δέεσθαι,
610 518 721 563 ἀλλὰ
758 523 924 576 μᾶλλον
961 517 1020 574 μὴ
1058 515 1113 561 οὐ
1146 521 1274 561 τοῦτο
1306 513 1334 575 ἦ
1361 535 1410 561 το

28 598 96 643 80
152 589 451 649 ,,χρηστήριον.
454 591 479 610 “
541 591 733 632 Τοιαῦτα
774 586 825 643 δὴ
864 584 1196 643 ἐπιλεγομένων,
1238 584 1329 630 εἷπε
1360 584 1413 643 δή
1471 594 1514 620 Ae
1498 601 1567 653 eam
1571 595 1640 653 01ἷῖ
1657 593 1730 720 {dim

150 673 248 704 κοτε
275 654 436 714 μαθών
464 670 549 706 τις·
587 653 720 710 ,,Έγώ
750 671 826 711 μοι
857 655 994 699 δοκέω
1015 653 1213 698 συνιέναι
1242 655 1290 699 τὸ
1321 654 1415 698 έθέ-
1471 636 1598 721 {fuglam
1586 669 1645 727 qu.
1607 660 1698 720 ’οἐ11ιι

116 735 156 777 2,
160 731 235 780 ,λει
277 723 417 780 λέγειν
453 722 560 780 ἡμῖν
596 722 646 767 τό
685 722 915 780 μαντήϊον.
969 721 1174 767 Ἀσωποῦ
1212 722 1415 780 λέγονται
1472 727 1584 755 Aeacid
1588 736 1730 754 0000000

1471 762 1515 790 lio
1499 761 1572 789 oim
1573 761 1699 797 sissent,

90 895 193 951 apnd
222 896 526 936 Demosthenem
554 905 591 936 et
623 899 665 935 in
690 899 754 934 in-

89 958 294 1007 scriptione
328 955 497 1008 quadam
526 956 653 993 vocari
692 955 755 995 ἐκ-

89 1013 257 1064 κλησίαν
293 1019 402 1049 notat
429 1011 604 1052 Boeckh.
637 1013 752 1063 Corp.

90 1072 207 1107 lusor.
230 1070 417 1107 Graecc.1
431 1082 517 1120 pag.
530 1072 626 1110 730.
659 1070 754 1106 Mox

92 1127 181 1164 dedi
200 1123 337 1166 αὐτῶν
359 1133 396 1163 et
415 1124 566 1166 τούτων
585 1139 655 1178 pro
678 1122 753 1165 αὕ-

90 1183 190 1224 τέων
217 1191 254 1221 et
272 1185 459 1223 τουτέων.

138 1241 378 1293 Ίαναγραῖοί
389 1254 430 1278 τε
442 1237 506 1279 καὶ
523 1240 757 1290 Κορωναῖοι

91 1296 161 1337 καὶ
201 1296 417 1345 Θεσπιέες]
469 1298 551 1332 Hae
587 1296 757 1332 civitates

97 1355 337 1406 pertinebant
366 1353 415 1390 ad
443 1351 577 1389 foedus
598 1353 757 1388 Boeoti-

93 1424 196 1459 cum,
228 1412 334 1448 cuius
356 1417 470 1461 caput
490 1408 651 1447 Thebae
670 1409 757 1445 fue-

93 1475 201 1506 runt:
250 1479 487 1520 quamquam
517 1479 615 1518 quae
643 1464 756 1502 huius

93 1524 257 1562 foederis
276 1526 384 1572 ratio,
415 1536 512 1575 quae
531 1524 701 1560 instituta
718 1528 756 1558 et

93 1583 292 1619 civitatum
321 1582 560 1631 singularum
593 1591 756 1616 munera

93 1652 137 1675 ac
162 1639 266 1687 iura,
307 1639 419 1690 quale
457 1636 684 1674 Thebarum
713 1637 755 1672 iu

91 1696 258 1747 singulas
315 1695 523 1746 imperium
579 1693 755 1745 adeoque

90 1754 342 1804 principatus,
377 1752 538 1788 minime
578 1763 758 1801 comper-

90 1817 177 1847 tum
214 1810 420 1846 habemus:
479 1807 596 1859 idque
631 1807 759 1858 ipsum

93 1879 162 1918 pro
197 1873 419 1917 temporum
464 1867 611 1902 ratione
647 1863 759 1901 valde

93 1930 288 1960 mutatum
317 1924 431 1959 fuisse
460 1922 656 1973 probabile
691 1927 760 1958 est.

97 1981 255 2028 Siaruti
275 1979 348 2017 hoc
365 1986 449 2016 utar
490 1978 759 2030 Thespienses,

96 2050 192 2091 quos
222 2039 343 2074 socios
370 2051 433 2073 nio
460 2035 620 2073 laudant
650 2033 762 2072 The-

95 2095 186 2132 bani
213 2095 331 2143 (circa
366 2094 521 2145 Olymp.
553 2093 637 2143 68),
667 2104 763 2129 mox

95 2152 255 2188 Persicis
279 2152 386 2188 bellis
406 2151 648 2201 potissimum
666 2148 763 2185 effe-

97 2216 204 2246 ctum
226 2215 300 2256 est,
343 2214 386 2244 ut
407 2208 543 2244 animis
573 2219 594 2243 a
616 2205 764 2243 Thebis

101 2278 219 2317 quam
256 2266 427 2301 maxime
461 2264 665 2301 abalienati
693 2276 764 2300 ex-

101 2323 272 2370 isterent3
293 2322 340 2358 de
362 2335 438 2374 quo
458 2320 536 2359 vid.
549 2321 593 2358 G.
606 2320 766 2358 &Mal-

100 2379 168 2416 ler.
193 2377 424 2416 Orchomen.
453 2391 542 2429 pag.
573 2377 654 2418 413
677 2377 764 2414 coll.

103 2434 184 2476 403
205 2449 286 2487 seq.
307 2443 345 2472 et
365 2435 412 2472 de
432 2437 668 2472 Boeotorum
680 2434 766 2470 foe-

106 2490 195 2527 dere
221 2491 500 2530 Wachsmuth.
521 2493 674 2528 Hellen.
693 2491 767 2527 Al-

103 2546 329 2586 terthumsk.
358 2550 389 2598 I,
419 2552 437 2589 1
471 2561 560 2600 pag.
594 2550 687 2590 129.
722 2548 766 2585 C.

104 2605 148 2640 F.
164 2606 372 2643 Hermann.
391 2603 598 2642 Lehrbuch
627 2612 698 2641 etc.
727 2606 766 2650 §.

110 2662 188 2701 179
224 2663 311 2699 cou.
340 2661 514 2699 Boeckh.
552 2664 666 2713 Corp.
698 2661 766 2697 In-

107 2719 249 2768 scriptt.
264 2719 420 2756 Graeco.
433 2721 450 2755 l
462 2732 550 2771 pag.
564 2723 589 2760 7
593 2722 645 2761 26
658 2730 765 2769 seqq.

108 2774 194 2823 (ubi
240 2775 390 2825 singula
433 2775 510 2812 huc
557 2776 766 2828 spectantia

109 2833 227 2881 citat)
268 2830 650 2884 Staatshaushaltung
698 2831 766 2869 der

167 2890 395 2926 HenonoT.
423 2891 493 2929 ΠΙ.

809 896 953 939 Athen.
974 899 1010 935 Π
1041 911 1131 950 pag.
1153 900 1248 945 370,
1285 897 1352 935 ubi
1371 904 1474 935 recte

809 963 954 1003 mouet,
976 955 1132 993 Thebas
1143 969 1222 992 non
1237 956 1472 1006 imperitasse

809 1014 962 1065 reliquis
975 1013 1200 1060 civitatibus,
1222 1025 1320 1064 quae
1332 1013 1390 1049 sui
1409 1013 1473 1048 iu-

808 1072 859 1107 ris
893 1071 1007 1121 plane
1036 1071 1197 1117 fuerint,
1236 1068 1304 1106 sed
1333 1071 1476 1121 primas

809 1129 993 1164 exstitisse
1012 1128 1112 1164 iuter
1131 1139 1255 1178 pares.

867 1180 1094 1237 προθύμως
1159 1179 1476 1234 συνδιαφέρουσι

811 1237 879 1280 τὸν
915 1237 1119 1291 πόλεμον]
1166 1242 1192 1277 i.
1225 1253 1257 1277 e.
1298 1242 1476 1276 strenuam

810 1298 909 1335 nobis
928 1300 965 1335 in
986 1297 1073 1335 bello
1093 1296 1244 1346 gerendo
1265 1298 1476 1333 continuan-

814 1354 925 1404 doque
950 1357 1137 1405 praestant
1169 1365 1320 1403 operam.
1379 1353 1477 1389 Ver-

812 1411 909 1448 bum
942 1409 1225 1460 συνδιαφέρειν
1259 1409 1416 1446 obv-ium
1445 1411 1475 1457 Ι,

816 1470 868 1508 18
895 1467 960 1505 fin.
982 1469 1026 1515 V,
1052 1469 1128 1514 99,
1151 1467 1216 1502 ubi
1235 1467 1401 1504 Wessel.
1419 1467 1479 1503 af-

812 1524 885 1560 fert
893 1523 1043 1575 Ioseph.
1055 1525 1100 1560 B.
1110 1522 1196 1560 Iud.
1210 1525 1240 1570 I,
1256 1522 1320 1571 14,
1332 1521 1371 1561 4.
1382 1521 1479 1559 Phi-

813 1581 850 1618 lo
862 1580 947 1618 Iud.
959 1581 1148 1631 deAgric.
1160 1593 1199 1631 p.
1215 1581 1296 1620 209
1315 1580 1357 1616 C.
1381 1581 1482 1616 Pro-

815 1650 901 1688 cop.
912 1639 959 1675 B.
970 1637 1086 1675 Goth.
1099 1638 1182 1685 1,5.
1203 1634 1313 1674 Suid.
1334 1649 1364 1672 5.
1377 1650 1414 1673 v.
1427 1637 1480 1674 T.

813 1696 913 1752 lup.
923 1695 1020 1736 400.
1041 1694 1227 1732 Adverba
1239 1690 1293 1744 μή
1306 1689 1355 1732 ου’
1363 1695 1481 1733 τοῦτο

813 1753 839 1806 ῄ
860 1752 963 1789 conf.
991 1751 1128 1789 Matth.
1150 1752 1216 1788 Gr.
1238 1751 1306 1787 Gr.
1327 1751 1362 1796 ξ.
1385 1750 1483 1791 517·

1007 1811 1100 1860 oap.
1125 1809 1291 1845 LXXX.

879 1868 1053 1905 Τοιαῦτα
1086 1861 1136 1915 δη
1170 1862 1481 1916 ἐπιλεγομένων]

817 1923 843 1959 i.
865 1935 899 1959 e.
916 1922 1019 1960 Haec
1039 1925 1155 1971 igitur
1175 1922 1258 1959 dum
1274 1921 1485 1972 disceptant.

818 1979 991 2016 Verbum
1012 1978 1266 2030 ἐπιλέγεσθαι
1277 1979 1391 2015 simili
1406 1980 1486 2015 fere

818 2036 939 2073 modo
960 2038 990 2085 I,
1012 2039 1081 2078 78.
1101 2037 1147 2084 V,
1169 2038 1235 2076 30.
1255 2036 1324 2081 IX,
1347 2037 1413 2084 97,
1434 2048 1486 2072 ne

818 2094 942 2145 plura.
998 2093 1062 2130 Ad
1103 2091 1229 2132 ἐθέλει
1267 2090 1346 2129 vid.
1386 2100 1485 2130 nott.

821 2149 870 2187 ad
888 2151 953 2198 IV,
977 2153 1053 2191 131
1077 2162 1164 2201 pag.
1187 2149 1266 2190 508
1282 2178 1291 2195 ,
1328 2150 1395 2186 ubi
1414 2162 1485 2201 pro

819 2208 865 2255 V,
888 2209 950 2249 86
980 2208 1058 2258 leg.
1078 2207 1124 2254 V,
1147 2209 1171 2247 8
1185 2209 1226 2247 0.
1280 2206 1375 2243 Mox
1396 2219 1488 2244 cum

820 2265 1042 2301 melioribus
1092 2262 1206 2300 codd.
1248 2264 1389 2300 retinui
1441 2261 1486 2303 το“

821 2319 1041 2373 μαντήϊον,
1063 2322 1169 2358 cuius
1190 2321 1276 2356 loco
1298 2319 1403 2372 quod
1423 2322 1488 2357 alii

822 2379 1008 2429 praebent
1055 2373 1294 2429 χρηστήριον
1320 2407 1330 2425 ,
1385 2377 1426 2414 id
1465 2391 1487 2413 e

820 2436 1046 2485 glossemate
1076 2441 1204 2472 ortum
1232 2432 1396 2472 videtur.
1427 2435 1487 2472 Cf.

821 2493 869 2541 H,
896 2492 988 2533 152.

878 2544 1061 2589 Ἀσωποῦ
1088 2544 1269 2600 λέγονται
1295 2545 1487 2601 γενέσθαι

823 2621 858 2645 κ.
869 2621 902 2644 τ.
913 2607 965 2655 λ.]
980 2604 1130 2642 Eadem
1152 2611 1301 2642 exstant
1320 2606 1360 2641 in
1371 2602 1486 2642 scho-

821 2664 880 2700 liis
909 2662 958 2700 ad
984 2661 1097 2699 Pind.
1125 2663 1237 2698 Nem.
1267 2662 1331 2709 IV,
1364 2664 1416 2701 30
1439 2671 1487 2694 ex

822 2718 1020 2756 Herodoto
1051 2719 1209 2756 forsitan
1235 2717 1362 2755 ducta.
1421 2717 1487 2752 Tu

822 2775 911 2813 add.
930 2778 1067 2826 Heyne
1092 2776 1276 2812 observv.
1297 2773 1345 2810 ad
1363 2772 1488 2822 Apol-

821 2832 945 2871 lodor.
976 2833 1043 2881 IH,
1065 2831 1104 2881 5,
1126 2833 1151 2871 6
1173 2832 1210 2876 §.
1235 2834 1254 2871 1
1278 2842 1368 2881 pag.
1388 2829 1485 2869 239·
