1897 3340
617 234 1052 273 ERATO.V1.

1387 239 1469 276 ⁴⁰3

207 345 267 397 εἷς
293 346 404 403 ἀνὴρ
436 346 633 389 ἀπίκετο·
665 343 710 399 (ἡ
742 343 788 386 δὲ
818 341 1014 399 Σύβαρις
1033 338 1191 396 ἤκμαζε
1210 356 1370 384 τουτον
1399 343 1474 386 τὸν

205 413 370 469 χρόνον
409 412 616 468 μάλιστα·
622 414 636 462 )
686 411 760 454 καὶ
788 411 971 466 Σιρίτης
1000 408 1232 464 Δάμασος,
1271 407 1473 464 Ἀμύριος

176 484 290 524 2τοῦ
319 483 465 535 σοφοῦ
492 477 729 534 λεγομένου
758 477 870 529 πάις.
922 494 1046 521 ουτοι
1076 477 1156 532 μὲν
1186 474 1270 519 α’πό
1300 474 1474 533 Ἰταλίης

204 543 359 604 ἦλθον.
412 545 482 589 Ἐκ
524 547 571 590 δὲ
610 550 692 590 τοῦ
730 545 899 590 κόλπου
919 548 1001 589 τοῦ
1029 543 1210 595 Ἰονίου,
1239 541 1472 601 Ἀμφίμνη-
1485 554 1528 588 55

205 627 304 665 στος
322 611 616 670 Ἐπιστρόφου
646 612 942 670 Ἐπιδάμνιος·
974 606 1106 663 οὗτος
1136 612 1183 655 δὲ
1213 611 1259 655 ἐκ
1289 616 1370 656 τοῦ
1397 610 1469 656 ’10-

201 684 302 725 νίου
350 679 530 724 κόλπου.

601 681 794 733 Αἰτωλὸς
841 681 888 725 δὲ
934 677 1065 737 ἦλθε,
1119 680 1338 736 Τιτόρμου
1391 686 1472 725 τοῦ

200 747 481 803 ὑπερφύντος
515 765 560 793 τε
585 748 802 806 “EM-qvas
845 747 981 805 ἰσχύϊ,
1033 749 1107 792 καὶ
1148 748 1368 804 φυγόντος
1398 747 1473 792 ἇν-

200 816 409 870 θρώπους
428 816 472 867 ἒς
500 817 577 867 τοὶς
608 816 802 873 ἐσχατιὰς
822 821 898 872 τῆς
928 816 1168 867 Αἰτωλίδος
1185 814 1337 873 χώρης,
1368 816 1471 861 τού-

172 889 284 927 3του
323 887 406 927 τοῦ
439 883 662 939 Τιτόρμου
703 884 912 941 ἀδελφεός
941 882 1113 939 Μάλης.
1166 882 1270 928 'Ami
1301 885 1347 929 δὲ
1380 889 1468 929 Πε-
1481 894 1526 928 60

145 1045 322 1099 dyridam
363 1047 632 1099 sequebantur.
703 1045 807 1084 Adel.

149 1103 286 1142 Suidas
315 1117 345 1141 s.
366 1118 402 1142 v.
438 1105 724 1156 Συβτιριτικαῖς
754 1105 805 1141 Τ.

143 1163 198 1198 ΙΠ
222 1175 260 1211 p.
291 1163 387 1202 387.
408 1161 556 1197 Aelian.
579 1162 626 1198 V.
658 1162 707 1198 H.
736 1161 805 1208 IX,

143 1216 208 1259 24.
231 1218 318 1264 XII,
340 1215 406 1266 24,
426 1218 556 1270 ibique
570 1219 748 1255 Perizon.
770 1224 808 1254 et

144 1287 242 1326 quae
263 1275 334 1310 alia
355 1273 403 1310 de
432 1273 505 1311 hac
535 1273 806 1326 Smindyridae

144 1332 295 1368 luxuria
326 1329 429 1382 apud
462 1338 607 1369 veteres
639 1332 807 1368 multum

145 1394 355 1439 propagata
375 1387 515 1426 excitat
536 1387 707 1428 Schultz,
731 1388 756 1425 l.
777 1389 805 1426 l.

145 1457 234 1496 pag.
255 1446 280 1484 9
301 1451 381 1481 not.
402 1447 466 1485 17.

200 1500 231 1552 η’
253 1498 295 1539 δὲ
306 1497 487 1553 Σύβαρις
505 1498 655 1553 ἤκμαζε
667 1520 715 1530 -
731 1497 809 1552 μά·-

145 1558 275 1606 λιστα]
296 1559 478 1609 Respexit
489 1557 646 1595 forsitan
659 1556 708 1595 ad
727 1558 808 1595 cla—

146 1613 237 1651 dem
255 1615 384 1662 illam,
416 1627 534 1667 quam
563 1616 666 1651 urbis
697 1627 808 1651 ever-

145 1672 198 1708 sio
226 1679 355 1708 secuta
384 1679 438 1708 est
462 1672 616 1723 Olymp.
651 1672 806 1719 LXVII,

145 1731 172 1769 2
191 1741 221 1765 s.
241 1727 323 1769 510
344 1741 377 1765 a.
400 1726 490 1766 Chr.
510 1742 550 1765 n.
564 1729 806 1780 Quantopere

145 1791 275 1821 autem
301 1792 413 1822 antea
437 1784 620 1822 ducentos
640 1785 719 1821 fere
739 1798 808 1836 per

146 1853 267 1877 annos
293 1841 463 1878 floruerit
489 1842 553 1877 illa
568 1842 658 1878 urbs
677 1840 808 1878 homi-

145 1909 242 1934 num
262 1897 498 1950 frequentia,
530 1899 653 1935 omnis
687 1911 807 1949 gene-

146 1955 194 1991 ris
217 1955 350 2004 opibus
370 1961 484 2006 atque
505 1953 663 2002 divitiis,
694 1961 807 1993 testes

144 2017 232 2048 sunt
259 2012 498 2061 potissimum
529 2011 667 2048 Strabo
697 2012 749 2048 Vl
768 2026 807 2063 p.

143 2069 224 2108 263
245 2079 275 2104 5.
297 2066 378 2108 404
399 2069 446 2105 A.
477 2067 636 2105 Diodor.
659 2069 744 2115 XII,
767 2071 806 2109 9.

143 2122 286 2162 Athen.
318 2125 404 2174 XII,
440 2125 616 2166 15—21
650 2138 690 2176 p-
726 2124 808 2165 518

147 2181 187 2218 C.
198 2193 305 2233 seqq.

201 2237 270 2277 καὶ
290 2236 454 2290 Σιρίτης
478 2234 670 2287 Δαμασος
687 2232 809 2289 Ἀμυ-

148 2307 233 2360 ριος
289 2296 362 2333 τοῦ
412 2297 544 2344 σοφοῦ
595 2294 808 2346 λεγομένου

144 2345 270 2399 παῖς]
299 2351 400 2387 Male
420 2352 513 2388 olim
533 2347 676 2402 Δάμας
697 2349 804 2391 ‹5an-

147 2401 303 2457 μόριος.
375 2409 475 2444 Nam
498 2407 678 2445 Damasus
706 2407 806 2445 filius

148 2460 286 2498 dicitur
295 2462 488 2514 Amyridis
501 2465 736 2516 Sybaritae,
726 2478 806 2516 lpse

150 2516 269 2556 Sirita
290 2517 424 2566 dictus,
454 2521 484 2557 si
505 2519 660 2572 quidem
678 2522 805 2573 Amy-

148 2575 198 2611 ris
218 2573 375 2625 posthac
397 2575 478 2614 Sin·
503 2577 620 2628 (quae
639 2578 805 2628 Magnae

149 2630 331 2668 Graeciae
371 2638 426 2669 est
464 2633 553 2669 urbs
597 2633 690 2669 olim
724 2646 805 2670 non

150 2686 345 2736 ignobilis,
383 2687 450 2725 sed
483 2701 581 2740 quae
611 2689 806 2738 Heraclea,

151 2742 191 2776 in
212 2755 360 2794 quam.
348 2744 484 2782 Siritae
504 2745 668 2795 migrare
687 2719 808 2783 coacti

152 2805 251 2846 sunt,
263 2799 414 2837 condita
426 2802 579 2853 Olymp.
593 2801 806 2850 LXXXVI,

153 2852 191 2901 4,
211 2855 344 2892 navale
365 2858 595 2894 Heracleotis
613 2858 805 2909 praebuit)

863 1043 994 1082 sedem
1014 1045 1110 1083 fixit.
1167 1048 1226 1083 De
1245 1049 1340 1085 urbe
1371 1048 1452 1087 Sz'rz'
1477 1049 1527 1087 ad

862 1102 969 1140 fluvii
991 1101 1088 1141 Siris
1108 1104 1201 1140 ostia
1221 1104 1292 1142 sit-<⁴1
1311 1106 1362 1142 cf.
1387 1107 1525 1144 Strabo

862 1160 915 1196 VI
943 1173 981 1211 p.
1015 1159 1098 1201 264
1135 1161 1185 1196 A.
1208 1160 1290 1202 405
1311 1176 1391 1215 seq.
1411 1164 1526 1201 Diod.

864 1215 942 1253 Sic.
963 1218 1050 1265 XII,
1082 1219 1147 1257 37.
1178 1219 1369 1257 Mannert.
1399 1222 1478 1269 IX,
1500 1225 1527 1262 2

863 1286 952 1324 pag.
985 1275 1066 1314 229
1095 1286 1176 1326 seq.
1249 1277 1309 1312 De
1344 1278 1526 1328 Amyride,

864 1343 982 1382 quem
1001 1331 1164 1367 maximi
1192 1331 1324 1370 fecisse
1349 1334 1527 1371 videntur

863 1393 1028 1435 veteres,
1068 1386 1146 1426 vid.
1179 1388 1322 1427 Athen.
1342 1391 1417 1427 XII
1437 1404 1526 1442 pag.

864 1443 946 1484 520
984 1445 1032 1481 A.
1074 1451 1111 1481 et
1150 1457 1248 1497 quae
1279 1447 1352 1484 alia
1386 1450 1527 1485 excitat

865 1498 1036 1537 Schultz.
1056 1500 1081 1538 l.
1092 1501 1119 1538 l.
1138 1509 1219 1539 not.
1235 1505 1299 1543 18
1314 1526 1366 1531 —-
1393 1505 1527 1543 Italiae

865 1569 1011 1593 nomen
1055 1557 1159 1608 apud
1197 1559 1438 1598 Herodotum
1478 1561 1526 1599 de

863 1611 1012 1662 BIagna
1048 1614 1205 1654 Graecza
1236 1629 1266 1653 S.
1295 1617 1338 1654 de
1365 1617 1530 1670 inferiori

863 1668 1009 1717 Italiae,
1023 1683 1234 1722 quaenunc
1246 1672 1394 1722 dicitur,
1415 1682 1524 1726 parte

862 1727 1159 1777 intelligendum
1186 1743 1300 1780 snpra
1330 1732 1409 1767 iam
1437 1745 1526 1770 mo-

861 1784 1031 1821 nuimus.
1087 1786 1181 1822 Mox
1200 1788 1314 1837 plene
1336 1787 1430 1825 dixit
1459 1786 1527 1829 τὸν

863 1835 1011 1879 κόλπον
1030 1838 1100 1880 τὸν
1116 1838 1284 1891 Ἰόνιον,
1314 1851 1357 1881 ut
1376 1847 1444 1894 IX,
1459 1849 1528 1894 92,

863 1897 930 1932 ubi
949 1895 1054 1934 haud
1074 1911 1158 1934 raro
1180 1901 1368 1937 omittitur
1388 1899 1411 1941 ὁ
1430 1898 1528 1942 κόλ-

863 1967 952 1999 πος.
1010 1953 1097 1991 Vid.
1136 1954 1318 2007 Thucyd.
1356 1959 1419 2006 VI,
1459 1958 1526 2007 34,

862 2011 994 2061 ibique
1036 2012 1164 2050 Wass.
1206 2011 1421 2054 Schwebel.
1477 2014 1527 2053 ad

863 2067 1001 2104 Lamb.
1018 2069 1107 2105 Bos.
1128 2070 1185 2105 De
1206 2070 1344 2122 ellipss.
1371 2085 1408 2122 p.
1430 2074 1528 2113 229.

863 2123 967 2160 Infra
985 2126 1121 2162 Noster
1139 2126 1287 2175 V11‚20
1306 2127 1360 2164 fin
1381 2127 1446 2168 ἐπὶ
1456 2125 1529 2168 τόν

860 2175 1010 2220 Ἰόνιον
1045 2178 1194 2222 πόντον
1232 2182 1371 2220 eodem
1409 2184 1528 2223 modo

866 2235 962 2274 dixit
999 2237 1047 2274 de
1086 2238 1269 2276 Adriatici
1295 2241 1420 2290 sinus,
1461 2243 1528 2294 qui

863 2305 968 2331 nunc
986 2292 1122 2332 dicitur
1124 2304 1252 2347 ,parte
1267 2297 1525 2348 meridionali,

865 2363 941 2403 qut
968 2352 1077 2389 Italia
1112 2354 1269 2391 infetior
1308 2367 1329 2391 a
1369 2356 1528 2393 Graecia

862 2415 1071 2459 separatur.

925 2461 1122 2518 Τιτόρμου
1137 2461 1326 2516 ἀδελφεὸς
1354 2464 1527 2519 Μάλης]

860 2522 919 2558 De
939 2522 1116 2559 Titormo
1138 2523 1327 2573 bubulco,
1358 2527 1526 2576 corporis

861 2578 999 2615 robore
1020 2585 1134 2631 atque
1154 2582 1358 2618 voracitate
1370 2582 1524 2633 insigni,

862 2635 931 2685 qui
951 2648 1040 2672 cum
1051 2637 1194 2673 Milone
1207 2638 1436 2686 Crotoniata,
1458 2652 1526 2675 ce-

862 2690 1066 2729 leberrimo
1098 2691 1239 2730 athleta
1263 2696 1436 2741 certarit,
1465 2701 1526 2730 te-

863 2753 1008 2785 stantur
1035 2749 1184 2786 Aelian.
1206 2749 1253 2787 V.
1282 2751 1330 2786 H.
1354 2751 1440 2796 XII,
1457 2749 1524 2796 24,

865 2803 950 2851 [ubi
982 2803 1060 2843 vid.
1092 2806 1291 2853 Perizon.]
1322 2804 1462 2842 Athen.
1484 2806 1522 2841 X

862 2871 950 2910 pag.
971 2859 1052 2901 412
1072 2862 1118 2898 Ε.
1138 2863 1181 2898 F.
1213 2860 1342 2898 Schol.
1363 2862 1524 2899 anian.

1145 2919 1198 2957 26
1221 2913 1247 2938 ᾖ

1537 344 1630 371 Athen
1696 354 1724 380 p
1724 356 1768 373 :ic

1531 381 1560 404 ἵν
1566 388 1580 405 r
1598 346 1751 412 lliippm-li-

1531 444 1581 470 Alc
1586 433 1717 473 maeonis
1742 456 1760 473 a

1530 479 1644 541 {iai-oceo
1666 481 1740 507 ditat

1869 765 1897 1087 ξ
