1897 3340
433 193 518 234 578
822 187 1291 227 HERODOTI

103 299 148 326 dis
169 302 200 326 et
226 298 312 326 Sacis
331 298 375 325 Ie<

103 333 154 361 cti.
182 331 377 360 Sidoniorum

102 375 195 394 naves
214 366 346 394 omnium

103 400 247 435 optimae.

434 298 508 343 καὶ
537 298 707 353 Μῆδοι,
749 297 820 340 καὶ
859 296 1016 340 Σάκαι.
1075 293 1245 339 τούτων
1273 294 1320 339 δὲ
1356 294 1511 350 ἄριστα
1539 293 1695 340 πλεού-
1708 303 1752 337 10

434 377 513 417 σας
551 365 807 420 παρείχοντο
845 365 945 415 νέας
978 365 1196 414 Φοίνικες,
1228 362 1302 405 καὶ
1340 363 1583 414 Φοινίκων,
1616 366 1695 407 Σι-

404 432 597 478 medum.
663 430 866 474 Τούτοισι
902 435 1019 482 πᾶσι,
1051 431 1122 474 καὶ
1158 436 1270 473 τοῖσι
1300 429 1342 481 ές
1371 429 1450 473 τόν
1469 429 1599 482 πεζόν
1628 444 1694 474 τε·

430 499 677 554 ταγμένοισι
712 495 872 547 αὐτῶν,
904 498 1067 552 ἐπῆσαν
1098 496 1317 541 ἑκάστοισι
1347 496 1571 552 ἐπιχώριοι
1600 494 1694 553 ἡγε-

432 566 581 622 μόνες·
639 566 729 604 τῶν
768 561 873 616 ἐγώ,
920 563 975 608 οὐ
1013 564 1098 620 γάρ
1139 564 1354 622 ἀναγκαίῃ
1395 565 1621 619 ἐξέργομαι
1650 563 1697 614 ἐς

403 641 424 675 3
443 633 633 687 ἱστορίης
662 628 808 683 λόγον,
839 629 896 672 ου’
925 633 1272 688 παραμέμνημαι.
1310 631 1411 675 οὔτε
1440 631 1521 687 γὰρ
1543 631 1695 682 ἔθνεος

432 699 614 743 ἑκάστου
645 697 809 748 ἐπάξιοι
837 693 948 752 ἦσαν
979 701 1022 742 οἱ
1050 699 1279 755 ἡγεμόνες·
1311 699 1357 742 ἓν
1382 715 1425 742 τε
1448 699 1570 742 ἔθνεϊ
1600 695 1692 740 ἑκά-
1708 703 1749 736 15

402 772 524 821 4στῳ
565 764 666 808 ὅσαι
695 780 774 819 περ
802 763 969 819 πόλιες,
1001 772 1204 810 τοσοῦτοι
1237 767 1310 810 καὶ
1342 767 1545 822 ἡγεμόνες
1571 761 1693 820 ἦσαν.

434 834 606 876 εἵποντο
637 833 682 875 δὲ
713 831 772 884 ὦς
803 832 856 876 οὐ
889 836 1140 891 στρατηγοὶ,
1188 832 1274 891 ἀλλ’
1304 834 1448 888 ὥσπερ
1489 835 1533 877 οἱ
1570 831 1698 876 ἄλλοι

435 899 772 956 στρατευόμενοι
802 903 968 944 δοῦλοι.
997 901 1086 944 ἐπεὶ
1118 902 1348 957 στρατηγοί
1375 918 1420 944 τε
1450 903 1494 945 οἱ
1525 900 1574 944 τὸ
1605 902 1695 943 πᾶν

434 968 600 1024 ἔχοντες
628 967 808 1021 κράτος,
845 969 917 1011 καὶ
948 966 1149 1023 ἄρχοντες
1177 973 1266 1012 τῶν
1296 969 1460 1013 ἐθνέων
1486 967 1693 1018 ἑκάστων,

103 1097 261 1126 Praefecti
280 1098 356 1125 clas-

102 1134 152 1160 sis.
181 1133 377 1159 Caeterorum

305 1034 370 1079 ΕΠ
430 1034 527 1079 ὅσοι
568 1032 716 1078 αὐτῶν
753 1031 866 1091 ἦσαν
908 1036 1097 1091 Πέρσαι,
1125 1037 1314 1090 εἰρέαταί
1354 1053 1441 1092 μοι.

435 1105 647 1147 ναυτικοῦ
686 1101 970 1159 ἐστρατήγεον
1009 1104 1120 1147 οἶδε’
1164 1101 1433 1161 Ἀριαβίγνης
1469 1119 1515 1147 τε
1543 1101 1568 1146 ὁ
1598 1106 1692 1145 Δα-

103 1165 297 1200 navigiorum
321 1172 376 1194 nu-

102 1207 212 1227 merus·

374 1266 534 1303 navibus
582 1264 815 1315 praebebant
865 1265 1033 1303 civitates

335 1326 338 1330 ⁴
375 1323 497 1359 Persis
545 1320 717 1358 subditae
745 1327 855 1358 antea
876 1335 1033 1359 enume-

376 1386 497 1427 ratae3
537 1375 603 1415 sed
623 1384 772 1429 praeter
793 1379 955 1429 remiges
976 1385 1034 1415 et·-

375 1437 452 1472 iam
471 1436 511 1471 iu
525 1435 681 1485 singulis
700 1435 858 1472 navibus
884 1436 1034 1472 inerant

374 1492 504 1529 milites
535 1491 733 1539 classiarii,
765 1488 969 1543 ἐπιβάται,
991 1498 1035 1529 ut

375 1555 560 1585 vocantur
571 1549 632 1594 VI,
659 1550 722 1587 12.
742 1548 822 1595 VII,
836 1551 928 1588 100.
941 1550 1033 1589 180.

380 1603 470 1645 184.
515 1605 585 1652 lx,
616 1607 684 1643 32.
715 1604 802 1640 0011.
835 1605 934 1652 vm,
966 1606 1033 1644 83.

376 1661 440 1708 90,
463 1661 528 1712 qui
548 1672 720 1710 pugnam
740 1661 1033 1708 committerent,

373 1717 522 1764 Persae,
554 1715 670 1763 Medi,
692 1716 832 1763 Sacae3
865 1715 912 1753 ad
939 1729 1033 1767 quos

374 1779 416 1809 ut
435 1771 508 1809 hoc
529 1773 626 1819 loco,
648 1773 699 1808 ita
719 1773 800 1819 Vll,
823 1775 914 1812 181.
933 1774 1032 1821 VIII,

378 1829 455 1868 130
475 1829 638 1880 pertinet
649 1828 809 1866 verbum
825 1826 1034 1879 ἐπιβατεύ-

375 1898 433 1923 ειν
450 1913 460 1930 ,
493 1884 540 1922 de
571 1897 646 1937 quo
680 1884 757 1922 vid.
795 1886 1034 1936 potissimum

373 1941 455 1988 VII⁷
479 1940 558 1982 184
580 1948 616 1978 et
635 1939 779 1981 Duker.
801 1940 850 1978 ad
871 1941 1035 1994 Thucy—-

372 1995 450 2033 did.
472 1997 536 2046 VI,
557 1996 688 2037 43.—
708 1998 803 2035 Mox
823 1997 911 2035 dedi
938 1996 1033 2038 τού-

372 2067 451 2092 των
483 2060 519 2090 et
539 2049 670 2092 αὐτῶν
696 2067 765 2105 pro
796 2053 964 2094 τουτέων
995 2062 1032 2092 et

375 2104 540 2148 αὐτέων.
598 2108 661 2146 Ad
690 2123 801 2148 voces
824 2109 862 2157 ές
884 2108 1031 2150 τὸνπε-

375 2162 442 2210 ζόν
459 2164 725 2216 τεταγμένοισι
757 2166 858 2205 conf.
880 2167 960 2216 VII,
976 2170 1026 2207 21

372 2220 463 2272 ibiq.
484 2227 580 2258 nott.

430 2325 479 2370 ου’
501 2327 575 2382 γάρ
596 2327 791 2385 ἀναγκαίῃ
823 2330 1028 2384 ἐξέργομαι

375 2386 413 2434 ἒς
435 2383 754 2439 ἴστορίηςλόγον]
784 2387 1029 2439 ,,Νεᾳιιεεηύη

375 2445 577 2480 necessitate
599 2444 802 2493 aclstrz'ngor
835 2443 955 2495 (haec
975 2459 1027 2482 sc.

372 2499 550 2536 narrandi
559 2500 800 2552 singulosque
813 2500 925 2539 duces
936 2515 1029 2538 enu-

373 2554 577 2603 merandi),
600 2556 690 2606 quod
711 2557 760 2594 ad
781 2557 885 2594 leuius
902 2572 1030 2596 narra*

373 2613 478 2649 tionis
529 2615 697 2649 rationem
752 2616 889 2651 attinet.
973 2616 1029 2652 Ita

373 2667 722 2719 Schweighaeuser.
750 2671 789 2706 in
820 2672 916 2707 Lex.
947 2673 1029 2707 He-

373 2722 496 2763 rodot.
536 2725 599 2762 Tu
620 2725 721 2765 conf.
742 2726 822 2773 VH,
846 2727 938 2768 139.
957 2729 1026 2776 IX,

375 2783 453 2823 111
468 2787 520 2822 et
536 2780 671 2823 Matth.
692 2783 759 2821 Gr.
789 2783 856 2822 Gr.
887 2784 926 2830 ς.
945 2783 1027 2827 535

1511 1038 1604 1078 Τοῦ
1646 1033 1691 1077 δὲ
1705 1039 1749 1073 20

1089 1272 1168 1304 not.
1183 1267 1207 1304 3
1228 1277 1316 1316 pag.
1342 1262 1462 1305 1052.
1519 1264 1654 1316 Neque
1673 1259 1750 1299 huo

1087 1336 1167 1360 non
1182 1322 1344 1372 pertinet
1362 1321 1444 1368 VH,
1473 1321 1525 1361 99
1556 1321 1640 1357 init.

1146 1376 1235 1418 οὕτε
1257 1375 1331 1430 γὰρ
1353 1376 1493 1423 ἔθνεος
1515 1372 1684 1416 ἑκάστου
1707 1372 1750 1414 ἒ-

1088 1430 1224 1483 πάξιοι
1243 1429 1349 1486 ἦσαν
1369 1432 1411 1472 οἷ
1425 1429 1641 1485 ἡγεμόνες]
1672 1429 1752 1469 Ne-

1091 1504 1155 1543 que
1188 1493 1278 1529 enim
1309 1491 1476 1540 cuiusque
1492 1489 1620 1541 populi
1646 1488 1752 1527 duces

1091 1549 1196 1598 digni
1213 1550 1334 1595 erant5
1364 1558 1509 1598 quorum
1523 1547 1630 1598 fieret
1651 1557 1750 1583 men-

1090 1609 1161 1652 tio,
1193 1607 1289 1641 etin
1318 1615 1522 1653 unoquoque
1542 1601 1672 1653 populo
1698 1604 1751 1638 tot

1089 1663 1194 1698 etiam
1223 1663 1322 1697 erant
1359 1660 1463 1696 duces
1493 1662 1576 1708 quot
1597 1659 1699 1696 urbes
1718 1670 1750 1697 s.

1091 1719 1264 1754 civitates.
1309 1717 1367 1752 De
1387 1715 1580 1766 particulis
1602 1711 1751 1754 οὕτε-

1090 1788 1130 1812 τε
1159 1772 1237 1811 vid.
1259 1773 1370 1809 allata
1390 1771 1438 1808 ad
1458 1772 1522 1819 VI,
1537 1773 1573 1812 1.
1595 1765 1751 1818 ἐπάξιοι

1091 1843 1180 1866 cum
1200 1835 1359 1866 recentt.
1389 1827 1450 1865 ed.
1470 1828 1628 1876 retinui;
1657 1838 1752 1863 nam

1091 1881 1173 1925 οἷπά
1179 1886 1312 1933 ξιοι,ι1ῑ
1322 1884 1640 1936 plures’praebent
1651 1883 1751 1931 libri,

1091 1943 1137 1979 ab
1167 1941 1240 1980 hoc
1260 1943 1345 1980 loco
1366 1942 1535 1978 alienum
1553 1939 1716 1978 videtur.
1741 1958 1749 1981 ς

1148 1996 1277 2051 ὥσπερ
1310 1997 1354 2038 οἷ
1388 1995 1501 2037 ἄλλοι
1541 1990 1749 2049 στρατευό-

1090 2069 1204 2106 μενοι
1223 2055 1389 2103 δοῦλοι]
1438 2054 1582 2091 Vocem
1610 2052 1749 2092 δοῦλοι

1087 2112 1223 2148 melius
1235 2111 1360 2148 omitti
1378 2116 1487 2160 putat
1496 2107 1747 2146 Valckenaer.

1086 2168 1139 2204 At
1156 2166 1235 2204 vid.
1264 2172 1393 2203 notata
1414 2164 1463 2202 ad
1486 2166 1567 2214 VII,
1589 2163 1628 2206 5.
1662 2166 1748 2202 Du-

1088 2236 1148 2260 ces
1178 2235 1208 2260 s.
1240 2221 1448 2274 στρατηγοὶ
1477 2220 1618 2259 harum
1647 2234 1747 2272 gen-

1086 2280 1183 2316 tium
1230 2279 1390 2315 minime
1423 2285 1460 2315 et
1499 2279 1568 2329 ipsi
1608 2278 1748 2317 δοῦλοι

1087 2341 1214 2382 eraut,
1245 2334 1311 2372 sed
1331 2335 1442 2382 liberi,
1473 2334 1617 2383 domini,
1641 2347 1663 2370 e
1682 2347 1747 2371 re-

1084 2392 1145 2441 gia
1179 2392 1381 2428 Persarum
1411 2391 1525 2442 stirpe
1553 2397 1746 2443 genteque

1084 2446 1458 2485 Achaemenidarum
1511 2448 1744 2485 nobilissima

1086 2506 1272 2555 prognati,
1302 2511 1345 2542 ut
1363 2517 1475 2555 supra
1500 2503 1580 2541 dixi
1599 2503 1648 2541 ad
1661 2503 1742 2552 VII,

1086 2562 1152 2600 81.
1178 2582 1235 2588 -
1283 2562 1376 2598 Mox
1412 2566 1496 2611 post
1525 2573 1637 2598 voces
1657 2558 1745 2599 ἐπεὶ

1086 2616 1294 2670 στρατηγοὶ
1334 2631 1355 2654 e
1388 2617 1606 2654 Florentino
1637 2617 1742 2654 inse-

1084 2674 1143 2709 rui
1163 2687 1225 2722 τε,
1248 2672 1467 2723 Schweigh.
1487 2679 1525 2709 et
1544 2673 1662 2712 Gaisf.
1683 2685 1743 2710 se-

1085 2736 1207 2770 cutus.
1264 2728 1328 2767 Ad
1371 2729 1535 2768 sormam
1574 2727 1744 2783 εἰρέαται

1084 2785 1187 2826 conf.
1206 2786 1287 2836 VII,
1307 2787 1374 2828 81.
