<?xml version="1.0" encoding="UTF-8"?>
<!DOCTYPE html PUBLIC "-//W3C//DTD XHTML 1.0 Transitional//EN"
    "http://www.w3.org/TR/xhtml1/DTD/xhtml1-transitional.dtd">
<html xmlns="http://www.w3.org/1999/xhtml" xml:lang="en" lang="en">
 <head>
  <title>
</title>
<meta http-equiv="Content-Type" content="text/html;charset=utf-8" />
  <meta name='ocr-system' content='tesseract 3.04.00' />
  <meta name='ocr-capabilities' content='ocr_page ocr_carea ocr_par ocr_line ocrx_word'/>
</head>
<body>
  <div class='ocr_page' id='page_1' title='image "./musaeher03hero/musaeher03hero_0058.png"; bbox 0 0 1897 3340; ppageno 0'>
   <div class='ocr_carea' id='block_1_1' title="bbox 106 389 361 452">
    <p class='ocr_par' dir='ltr' id='par_1_1' title="bbox 106 389 348 452">
     <span class='ocr_line' id='line_1_1' title="bbox 106 389 303 418; baseline -0.015 0"><span class='ocrx_word' id='word_1_1' title='bbox 106 391 189 418; x_wconf 78' lang='lat' dir='ltr'>cuiue</span> <span class='ocrx_word' id='word_1_2' title='bbox 211 389 303 417; x_wconf 79' lang='lat' dir='ltr'>filiam</span> 
     </span>
     <span class='ocr_line' id='line_1_2' title="bbox 106 422 361 452; baseline -0.017 0"><span class='ocrx_word' id='word_1_3' title='bbox 106 423 271 452; x_wconf 71' lang='lat' dir='ltr'>Pausanias</span> <span class='ocrx_word' id='word_1_4' title='bbox 293 422 361 449; x_wconf 78' lang='lat' dir='ltr'>Cle-</span> 
     </span>
    </p>
   </div>
   <div class='ocr_carea' id='block_1_2' title="bbox 103 455 380 519">
    <p class='ocr_par' dir='ltr' id='par_1_2' title="bbox 103 455 380 519">
     <span class='ocr_line' id='line_1_3' title="bbox 103 455 380 496; baseline -0.014 -11"><span class='ocrx_word' id='word_1_5' title='bbox 103 468 119 485; x_wconf 83' lang='grc' dir='ltr'>(ι</span> <span class='ocrx_word' id='word_1_6' title='bbox 113 459 171 485; x_wconf 68' lang='lat' dir='ltr'>iim!</span> <span class='ocrx_word' id='word_1_7' title='bbox 175 457 230 484; x_wconf 84' lang='lat' dir='ltr'>roti</span> <span class='ocrx_word' id='word_1_8' title='bbox 239 455 380 496; x_wconf 76' lang='lat' dir='ltr'>postilla</span> 
     </span>
     <span class='ocr_line' id='line_1_4' title="bbox 104 490 379 519; baseline -0.018 0"><span class='ocrx_word' id='word_1_9' title='bbox 104 492 134 519; x_wconf 90' lang='lat' dir='ltr'>in</span> <span class='ocrx_word' id='word_1_10' title='bbox 159 490 379 518; x_wconf 74' lang='lat' dir='ltr'>matrimonium</span> 
     </span>
    </p>
   </div>
   <div class='ocr_carea' id='block_1_3' title="bbox 105 523 377 563">
    <p class='ocr_par' dir='ltr' id='par_1_3' title="bbox 105 523 377 563">
     <span class='ocr_line' id='line_1_5' title="bbox 105 523 377 563; baseline -0.015 -11"><span class='ocrx_word' id='word_1_11' title='bbox 105 525 232 563; x_wconf 80' lang='lat' dir='ltr'>petiisse</span> <span class='ocrx_word' id='word_1_12' title='bbox 257 523 340 551; x_wconf 69' lang='lat' dir='ltr'>dicitu</span> <span class='ocrx_word' id='word_1_13' title='bbox 333 530 377 555; x_wconf 90' lang='grc' dir='ltr'><strong>ιιι·</strong></span> 
     </span>
    </p>
   </div>
   <div class='ocr_carea' id='block_1_4' title="bbox 103 557 379 592">
    <p class='ocr_par' dir='ltr' id='par_1_4' title="bbox 103 557 379 592">
     <span class='ocr_line' id='line_1_6' title="bbox 103 557 379 592; baseline -0.014 -6"><span class='ocrx_word' id='word_1_14' title='bbox 103 559 142 586; x_wconf 80' lang='lat' dir='ltr'>ad</span> <span class='ocrx_word' id='word_1_15' title='bbox 173 557 379 592; x_wconf 72' lang='lat' dir='ltr'>Aristagoram</span> 
     </span>
    </p>
   </div>
   <div class='ocr_carea' id='block_1_5' title="bbox 104 592 204 620">
    <p class='ocr_par' dir='ltr' id='par_1_5' title="bbox 104 592 204 620">
     <span class='ocr_line' id='line_1_7' title="bbox 104 592 204 620; baseline -0.01 -1"><span class='ocrx_word' id='word_1_16' title='bbox 104 592 204 620; x_wconf 73' lang='lat' dir='ltr'>mittit.</span> 
     </span>
    </p>
   </div>
   <div class='ocr_carea' id='block_1_6' title="bbox 312 1046 376 1090">
    <p class='ocr_par' dir='ltr' id='par_1_6' title="bbox 312 1046 376 1090">
     <span class='ocr_line' id='line_1_8' title="bbox 312 1046 376 1090; baseline 0 0"><span class='ocrx_word' id='word_1_17' title='bbox 312 1046 376 1090; x_wconf 85' lang='lat'>33</span> 
     </span>
    </p>
   </div>
   <div class='ocr_carea' id='block_1_7' title="bbox 105 1111 359 1182">
    <p class='ocr_par' dir='ltr' id='par_1_7' title="bbox 105 1111 346 1182">
     <span class='ocr_line' id='line_1_9' title="bbox 105 1111 272 1146; baseline -0.022 -6"><span class='ocrx_word' id='word_1_18' title='bbox 105 1111 272 1146; x_wconf 70' lang='lat' dir='ltr'>Assumptis</span> 
     </span>
     <span class='ocr_line' id='line_1_10' title="bbox 107 1132 359 1182; baseline -0.017 -9"><span class='ocrx_word' id='word_1_19' title='bbox 107 1148 204 1182; x_wconf 74' lang='lat' dir='ltr'>praet(</span> <span class='ocrx_word' id='word_1_20' title='bbox 204 1153 228 1170; x_wconf 86' lang='lat' dir='ltr'>r</span> <span class='ocrx_word' id='word_1_21' title='bbox 247 1132 284 1170; x_wconf 55' lang='lat' dir='ltr'>xi·</span> <span class='ocrx_word' id='word_1_22' title='bbox 287 1143 359 1169; x_wconf 79' lang='lat' dir='ltr'>ista-</span> 
     </span>
    </p>
   </div>
   <div class='ocr_carea' id='block_1_8' title="bbox 103 1173 1755 1301">
    <p class='ocr_par' dir='ltr' id='par_1_8' title="bbox 103 1173 1755 1301">
     <span class='ocr_line' id='line_1_11' title="bbox 103 1173 1192 1232; baseline -0.006 -9"><span class='ocrx_word' id='word_1_23' title='bbox 103 1188 168 1214; x_wconf 59' lang='grc' dir='ltr'>δ”·</span> <span class='ocrx_word' id='word_1_24' title='bbox 146 1187 219 1211; x_wconf 80' lang='grc'><strong>9“”””</strong></span> <span class='ocrx_word' id='word_1_25' title='bbox 248 1186 306 1212; x_wconf 72' lang='lat'>¹¹⁰⁰</span> <span class='ocrx_word' id='word_1_26' title='bbox 289 1184 342 1202; x_wconf 70' lang='lat'>¹¹⁸³</span> <span class='ocrx_word' id='word_1_27' title='bbox 405 1180 654 1230; x_wconf 73' lang='grc' dir='ltr'><strong><em>ΞΝαξίους,</em></strong></span> <span class='ocrx_word' id='word_1_28' title='bbox 700 1178 817 1220; x_wconf 79' lang='grc' dir='ltr'><strong><em>ἔπλεε</em></strong></span> <span class='ocrx_word' id='word_1_29' title='bbox 857 1176 1080 1232; x_wconf 81' lang='grc' dir='ltr'><strong><em>πρόφασιν</em></strong></span> <span class='ocrx_word' id='word_1_30' title='bbox 1122 1173 1192 1218; x_wconf 83' lang='grc' dir='ltr'>ἐπ’</span> 
     </span>
     <span class='ocr_line' id='line_1_12' title="bbox 433 1239 1755 1301; baseline -0.008 -10"><span class='ocrx_word' id='word_1_31' title='bbox 433 1264 478 1291; x_wconf 88' lang='grc' dir='ltr'>τε</span> <span class='ocrx_word' id='word_1_32' title='bbox 508 1247 554 1290; x_wconf 85' lang='grc' dir='ltr'>δὲ</span> <span class='ocrx_word' id='word_1_33' title='bbox 582 1244 748 1301; x_wconf 81' lang='grc' dir='ltr'><strong><em>ἐγένετο</em></strong></span> <span class='ocrx_word' id='word_1_34' title='bbox 778 1243 825 1286; x_wconf 80' lang='grc' dir='ltr'>ἐν</span> <span class='ocrx_word' id='word_1_35' title='bbox 854 1246 969 1300; x_wconf 87' lang='grc' dir='ltr'><strong><em>Χίω,</em></strong></span> <span class='ocrx_word' id='word_1_36' title='bbox 1009 1245 1101 1300; x_wconf 79' lang='grc' dir='ltr'><strong><em>ἔσχε</em></strong></span> <span class='ocrx_word' id='word_1_37' title='bbox 1136 1243 1214 1293; x_wconf 82' lang='grc' dir='ltr'><strong><em>τὰς</em></strong></span> <span class='ocrx_word' id='word_1_38' title='bbox 1250 1240 1351 1292; x_wconf 82' lang='grc' dir='ltr'><strong><em>νέας</em></strong></span> <span class='ocrx_word' id='word_1_39' title='bbox 1395 1241 1436 1291; x_wconf 82' lang='grc' dir='ltr'>ἐς</span> <span class='ocrx_word' id='word_1_40' title='bbox 1470 1239 1697 1291; x_wconf 84' lang='grc' dir='ltr'><strong><em>Καύκασα,</em></strong></span> <span class='ocrx_word' id='word_1_41' title='bbox 1710 1244 1755 1277; x_wconf 89' lang='grc'>80</span> 
     </span>
    </p>
   </div>
   <div class='ocr_carea' id='block_1_9' title="bbox 105 1199 342 1247">
    <p class='ocr_par' dir='ltr' id='par_1_9' title="bbox 105 1199 342 1247">
     <span class='ocr_line' id='line_1_13' title="bbox 105 1199 342 1247; baseline -0.018 -8"><span class='ocrx_word' id='word_1_42' title='bbox 105 1199 342 1247; x_wconf 66' lang='lat' dir='ltr'>quless’ffllfflllla</span> 
     </span>
    </p>
   </div>
   <div class='ocr_carea' id='block_1_10' title="bbox 105 1242 377 1279">
    <p class='ocr_par' dir='ltr' id='par_1_10' title="bbox 105 1242 377 1279">
     <span class='ocr_line' id='line_1_14' title="bbox 105 1242 377 1279; baseline -0.015 -7"><span class='ocrx_word' id='word_1_43' title='bbox 105 1255 153 1272; x_wconf 77' lang='lat' dir='ltr'>rer</span> <span class='ocrx_word' id='word_1_44' title='bbox 157 1254 215 1279; x_wconf 82' lang='grc' dir='ltr'><strong>ιιιιι,</strong></span> <span class='ocrx_word' id='word_1_45' title='bbox 244 1253 278 1270; x_wconf 67' lang='grc' dir='ltr'>ει.</span> <span class='ocrx_word' id='word_1_46' title='bbox 266 1242 377 1269; x_wconf 72' lang='lat' dir='ltr'>xci-citu</span> 
     </span>
    </p>
   </div>
   <div class='ocr_carea' id='block_1_11' title="bbox 105 1265 319 1314">
    <p class='ocr_par' dir='ltr' id='par_1_11' title="bbox 105 1265 319 1314">
     <span class='ocr_line' id='line_1_15' title="bbox 105 1265 319 1314; baseline -0.014 -8"><span class='ocrx_word' id='word_1_47' title='bbox 105 1265 215 1306; x_wconf 86' lang='lat' dir='ltr'>lonico</span> <span class='ocrx_word' id='word_1_48' title='bbox 226 1281 319 1314; x_wconf 82' lang='lat' dir='ltr'>atque</span> 
     </span>
    </p>
   </div>
   <div class='ocr_carea' id='block_1_12' title="bbox 433 268 489 309">
    <p class='ocr_par' dir='ltr' id='par_1_12' title="bbox 433 268 489 309">
     <span class='ocr_line' id='line_1_16' title="bbox 433 268 489 309; baseline 0 -2"><span class='ocrx_word' id='word_1_49' title='bbox 433 268 489 309; x_wconf 82' lang='lat'>50</span> 
     </span>
    </p>
   </div>
   <div class='ocr_carea' id='block_1_13' title="bbox 836 258 1297 299">
    <p class='ocr_par' dir='ltr' id='par_1_13' title="bbox 836 258 1297 299">
     <span class='ocr_line' id='line_1_17' title="bbox 836 258 1297 299; baseline -0.013 0"><span class='ocrx_word' id='word_1_50' title='bbox 836 258 1297 299; x_wconf 83' lang='lat' dir='ltr'>HERODOTI</span> 
     </span>
    </p>
   </div>
   <div class='ocr_carea' id='block_1_14' title="bbox 437 365 1690 496">
    <p class='ocr_par' dir='ltr' id='par_1_14' title="bbox 437 365 1690 496">
     <span class='ocr_line' id='line_1_18' title="bbox 437 365 1690 428; baseline -0.01 -11"><span class='ocrx_word' id='word_1_51' title='bbox 437 378 554 428; x_wconf 90' lang='grc' dir='ltr'><strong><em>ρεῖος</em></strong></span> <span class='ocrx_word' id='word_1_52' title='bbox 592 371 780 427; x_wconf 80' lang='grc' dir='ltr'><strong><em>ἐγένετο,</em></strong></span> <span class='ocrx_word' id='word_1_53' title='bbox 819 367 1171 423; x_wconf 81' lang='grc' dir='ltr'><strong><em>παρεσκευάσατο</em></strong></span> <span class='ocrx_word' id='word_1_54' title='bbox 1210 366 1288 421; x_wconf 78' lang='grc' dir='ltr'>μὲν</span> <span class='ocrx_word' id='word_1_55' title='bbox 1321 365 1542 420; x_wconf 83' lang='grc' dir='ltr'><strong>διηκοσίας</strong></span> <span class='ocrx_word' id='word_1_56' title='bbox 1571 365 1690 419; x_wconf 71' lang='grc' dir='ltr'><strong><em>τριή-</em></strong></span> 
     </span>
     <span class='ocr_line' id='line_1_19' title="bbox 437 431 1690 496; baseline -0.01 -11"><span class='ocrx_word' id='word_1_57' title='bbox 437 458 562 496; x_wconf 91' lang='grc' dir='ltr'><strong><em>ρεας,</em></strong></span> <span class='ocrx_word' id='word_1_58' title='bbox 591 437 756 483; x_wconf 78' lang='grc' dir='ltr'><strong><em>πολλὸν</em></strong></span> <span class='ocrx_word' id='word_1_59' title='bbox 784 439 830 482; x_wconf 82' lang='grc' dir='ltr'>δὲ</span> <span class='ocrx_word' id='word_1_60' title='bbox 858 437 994 490; x_wconf 85' lang='grc' dir='ltr'><strong><em>κάρτα</em></strong></span> <span class='ocrx_word' id='word_1_61' title='bbox 1024 433 1179 489; x_wconf 83' lang='grc' dir='ltr'><strong>ὅμιλον</strong></span> <span class='ocrx_word' id='word_1_62' title='bbox 1202 434 1407 488; x_wconf 81' lang='grc' dir='ltr'><strong><em>Περσέων</em></strong></span> <span class='ocrx_word' id='word_1_63' title='bbox 1435 447 1479 475; x_wconf 87' lang='grc' dir='ltr'>τε</span> <span class='ocrx_word' id='word_1_64' title='bbox 1508 431 1690 474; x_wconf 78' lang='grc' dir='ltr'><strong><em>καὶτῶν</em></strong></span> 
     </span>
    </p>
   </div>
   <div class='ocr_carea' id='block_1_15' title="bbox 437 505 879 562">
    <p class='ocr_par' dir='ltr' id='par_1_15' title="bbox 437 505 879 562">
     <span class='ocr_line' id='line_1_20' title="bbox 437 505 879 562; baseline -0.012 -9"><span class='ocrx_word' id='word_1_65' title='bbox 437 510 582 553; x_wconf 78' lang='grc' dir='ltr'><strong><em>ἄλλων</em></strong></span> <span class='ocrx_word' id='word_1_66' title='bbox 621 505 879 562; x_wconf 85' lang='grc' dir='ltr'><strong><em>συμμάχων·</em></strong></span> 
     </span>
    </p>
   </div>
   <div class='ocr_carea' id='block_1_16' title="bbox 435 497 1745 692">
    <p class='ocr_par' dir='ltr' id='par_1_16' title="bbox 435 497 1745 692">
     <span class='ocr_line' id='line_1_21' title="bbox 929 497 1745 557; baseline -0.01 -12"><span class='ocrx_word' id='word_1_67' title='bbox 929 499 1170 557; x_wconf 77' lang='grc' dir='ltr'><strong><em>στρατηγόν</em></strong></span> <span class='ocrx_word' id='word_1_68' title='bbox 1209 500 1255 544; x_wconf 81' lang='grc' dir='ltr'>δὲ</span> <span class='ocrx_word' id='word_1_69' title='bbox 1293 500 1481 542; x_wconf 85' lang='grc' dir='ltr'>τουτέων</span> <span class='ocrx_word' id='word_1_70' title='bbox 1519 497 1745 549; x_wconf 82' lang='grc' dir='ltr'><strong><em>άπέδεξε7ο</em></strong></span> 
     </span>
     <span class='ocr_line' id='line_1_22' title="bbox 438 565 1691 633; baseline -0.011 -12"><span class='ocrx_word' id='word_1_71' title='bbox 438 574 716 633; x_wconf 78' lang='grc' dir='ltr'><strong><em>Μεγαβάτην,</em></strong></span> <span class='ocrx_word' id='word_1_72' title='bbox 749 573 886 627; x_wconf 77' lang='grc' dir='ltr'><strong><em>ἄνδρα</em></strong></span> <span class='ocrx_word' id='word_1_73' title='bbox 917 569 1093 624; x_wconf 81' lang='grc' dir='ltr'><strong><em>Πέρσην</em></strong></span> <span class='ocrx_word' id='word_1_74' title='bbox 1110 585 1199 611; x_wconf 88' lang='grc' dir='ltr'><strong><em>των</em></strong></span> <span class='ocrx_word' id='word_1_75' title='bbox 1223 566 1557 622; x_wconf 81' lang='grc' dir='ltr'><strong>Ἀχαιμενιδέων,</strong></span> <span class='ocrx_word' id='word_1_76' title='bbox 1588 565 1691 609; x_wconf 82' lang='grc' dir='ltr'><strong><em>ἑωυ-</em></strong></span> 
     </span>
     <span class='ocr_line' id='line_1_23' title="bbox 435 634 1186 692; baseline -0.015 -3"><span class='ocrx_word' id='word_1_77' title='bbox 435 649 517 690; x_wconf 85' lang='grc' dir='ltr'><strong><em>τοῦ</em></strong></span> <span class='ocrx_word' id='word_1_78' title='bbox 555 659 598 687; x_wconf 83' lang='grc' dir='ltr'>τε</span> <span class='ocrx_word' id='word_1_79' title='bbox 639 642 711 686; x_wconf 82' lang='grc' dir='ltr'>καὶ</span> <span class='ocrx_word' id='word_1_80' title='bbox 750 640 943 692; x_wconf 83' lang='grc' dir='ltr'><strong><em>Δαρείου</em></strong></span> <span class='ocrx_word' id='word_1_81' title='bbox 984 634 1186 687; x_wconf 79' lang='grc' dir='ltr'><strong><em>ἀνεψιόν</em></strong></span> 
     </span>
    </p>
   </div>
   <div class='ocr_carea' id='block_1_17' title="bbox 1238 631 1689 688">
    <p class='ocr_par' dir='ltr' id='par_1_17' title="bbox 1238 631 1689 688">
     <span class='ocr_line' id='line_1_24' title="bbox 1238 631 1689 688; baseline -0.002 -11"><span class='ocrx_word' id='word_1_82' title='bbox 1238 638 1317 678; x_wconf 84' lang='grc' dir='ltr'><strong><em>τοῦ</em></strong></span> <span class='ocrx_word' id='word_1_83' title='bbox 1371 635 1626 688; x_wconf 83' lang='grc' dir='ltr'><strong><em>Παυσανίης</em></strong></span> <span class='ocrx_word' id='word_1_84' title='bbox 1666 631 1689 676; x_wconf 85' lang='grc' dir='ltr'>ὁ</span> 
     </span>
    </p>
   </div>
   <div class='ocr_carea' id='block_1_18' title="bbox 406 699 1748 1053">
    <p class='ocr_par' dir='ltr' id='par_1_18' title="bbox 406 699 1748 1029">
     <span class='ocr_line' id='line_1_25' title="bbox 436 699 1692 767; baseline -0.01 -11"><span class='ocrx_word' id='word_1_85' title='bbox 436 709 749 767; x_wconf 85' lang='grc' dir='ltr'><strong><em>Κλεομβρότεω</em></strong></span> <span class='ocrx_word' id='word_1_86' title='bbox 782 704 1150 759; x_wconf 80' lang='grc' dir='ltr'><strong><em>Λακεδαιμόνιος,</em></strong></span> <span class='ocrx_word' id='word_1_87' title='bbox 1187 704 1224 745; x_wconf 80' lang='grc' dir='ltr'>εἰ</span> <span class='ocrx_word' id='word_1_88' title='bbox 1257 702 1309 757; x_wconf 83' lang='grc' dir='ltr'>δὴ</span> <span class='ocrx_word' id='word_1_89' title='bbox 1338 699 1505 756; x_wconf 76' lang='grc' dir='ltr'><strong><em>ἀληθής</em></strong></span> <span class='ocrx_word' id='word_1_90' title='bbox 1531 717 1579 757; x_wconf 75' lang='grc' dir='ltr'>γε</span> <span class='ocrx_word' id='word_1_91' title='bbox 1605 701 1692 744; x_wconf 82' lang='grc' dir='ltr'><strong><em>ἐστὶ</em></strong></span> 
     </span>
     <span class='ocr_line' id='line_1_26' title="bbox 437 768 1693 834; baseline -0.011 -10"><span class='ocrx_word' id='word_1_92' title='bbox 437 779 461 824; x_wconf 88' lang='grc' dir='ltr'>ὁ</span> <span class='ocrx_word' id='word_1_93' title='bbox 491 777 645 834; x_wconf 78' lang='grc' dir='ltr'><strong><em>λόγος,</em></strong></span> <span class='ocrx_word' id='word_1_94' title='bbox 687 774 853 830; x_wconf 75' lang='grc' dir='ltr'><strong><em>ὑστέρῳ</em></strong></span> <span class='ocrx_word' id='word_1_95' title='bbox 883 771 1028 829; x_wconf 86' lang='grc' dir='ltr'><strong><em>χρόνῳ</em></strong></span> <span class='ocrx_word' id='word_1_96' title='bbox 1068 770 1236 815; x_wconf 88' lang='grc' dir='ltr'><strong><em>τούτων</em></strong></span> <span class='ocrx_word' id='word_1_97' title='bbox 1262 769 1484 825; x_wconf 84' lang='grc' dir='ltr'><strong><em>ἡρμόσατο</em></strong></span> <span class='ocrx_word' id='word_1_98' title='bbox 1512 768 1693 823; x_wconf 76' lang='grc' dir='ltr'><strong><em>θυγατὲ·</em></strong></span> 
     </span>
     <span class='ocr_line' id='line_1_27' title="bbox 435 837 1693 902; baseline -0.01 -12"><span class='ocrx_word' id='word_1_99' title='bbox 435 863 514 902; x_wconf 81' lang='grc' dir='ltr'><strong><em>ρα,</em></strong></span> <span class='ocrx_word' id='word_1_100' title='bbox 554 845 691 898; x_wconf 78' lang='grc' dir='ltr'><strong><em>ἔρωτα</em></strong></span> <span class='ocrx_word' id='word_1_101' title='bbox 731 838 848 895; x_wconf 79' lang='grc' dir='ltr'><strong><em>σχων</em></strong></span> <span class='ocrx_word' id='word_1_102' title='bbox 885 844 959 894; x_wconf 86' lang='grc' dir='ltr'><strong><em>τῆς</em></strong></span> <span class='ocrx_word' id='word_1_103' title='bbox 996 837 1203 889; x_wconf 79' lang='grc' dir='ltr'><em>Ἑλλάδος</em></span> <span class='ocrx_word' id='word_1_104' title='bbox 1231 837 1448 890; x_wconf 83' lang='grc' dir='ltr'><strong><em>τύραννος</em></strong></span> <span class='ocrx_word' id='word_1_105' title='bbox 1477 837 1693 892; x_wconf 76' lang='grc' dir='ltr'><strong><em>γενέσθαι.</em></strong></span> 
     </span>
     <span class='ocr_line' id='line_1_28' title="bbox 406 902 1748 963; baseline -0.009 -8"><span class='ocrx_word' id='word_1_106' title='bbox 406 910 649 962; x_wconf 76' lang='grc' dir='ltr'><strong><em>Βάποδέξας</em></strong></span> <span class='ocrx_word' id='word_1_107' title='bbox 699 907 746 950; x_wconf 80' lang='grc' dir='ltr'>δὲ</span> <span class='ocrx_word' id='word_1_108' title='bbox 787 906 1054 963; x_wconf 78' lang='grc' dir='ltr'><strong><em>Μεγαβάτην</em></strong></span> <span class='ocrx_word' id='word_1_109' title='bbox 1103 904 1346 960; x_wconf 80' lang='grc' dir='ltr'><strong><em>στρατηγὸν</em></strong></span> <span class='ocrx_word' id='word_1_110' title='bbox 1387 902 1748 959; x_wconf 81' lang='grc' dir='ltr'><strong><em>Ἀρταφέρνης,75</em></strong></span> 
     </span>
     <span class='ocr_line' id='line_1_29' title="bbox 435 970 1580 1053; baseline -0.01 -29"><span class='ocrx_word' id='word_1_111' title='bbox 435 979 652 1024; x_wconf 73' lang='grc' dir='ltr'><strong><em>ἀπέστειλε</em></strong></span> <span class='ocrx_word' id='word_1_112' title='bbox 682 972 758 1017; x_wconf 85' lang='grc' dir='ltr'><strong><em>τὸν</em></strong></span> <span class='ocrx_word' id='word_1_113' title='bbox 788 974 976 1028; x_wconf 81' lang='grc' dir='ltr'><strong><em>στρατὸν</em></strong></span> <span class='ocrx_word' id='word_1_114' title='bbox 1004 973 1123 1029; x_wconf 72' lang='grc' dir='ltr'><strong><em>παρά</em></strong></span> <span class='ocrx_word' id='word_1_115' title='bbox 1154 973 1229 1017; x_wconf 84' lang='grc' dir='ltr'><strong><em>τὸν</em></strong></span> <span class='ocrx_word' id='word_1_116' title='bbox 1258 970 1580 1053; x_wconf 81' lang='grc' dir='ltr'>Ἀρισταγόρεα.</span> 
     </span>
    </p>
   </div>
   <div class='ocr_carea' id='block_1_19' title="bbox 521 1033 1695 1097">
    <p class='ocr_par' dir='ltr' id='par_1_19' title="bbox 521 1033 1695 1097">
     <span class='ocr_line' id='line_1_30' title="bbox 521 1033 1695 1097; baseline -0.008 -10"><span class='ocrx_word' id='word_1_117' title='bbox 521 1040 799 1097; x_wconf 81' lang='grc' dir='ltr'><strong><em>Παραλαβών</em></strong></span> <span class='ocrx_word' id='word_1_118' title='bbox 837 1041 882 1084; x_wconf 81' lang='grc' dir='ltr'>δὲ</span> <span class='ocrx_word' id='word_1_119' title='bbox 922 1041 945 1085; x_wconf 88' lang='grc' dir='ltr'>ὁ</span> <span class='ocrx_word' id='word_1_120' title='bbox 984 1044 1247 1096; x_wconf 75' lang='grc' dir='ltr'><strong><em>Μεγαβάτης</em></strong></span> <span class='ocrx_word' id='word_1_121' title='bbox 1287 1040 1333 1082; x_wconf 81' lang='grc' dir='ltr'>ἐκ</span> <span class='ocrx_word' id='word_1_122' title='bbox 1371 1055 1447 1094; x_wconf 82' lang='grc' dir='ltr'><strong><em>της</em></strong></span> <span class='ocrx_word' id='word_1_123' title='bbox 1491 1033 1695 1092; x_wconf 85' lang='grc' dir='ltr'><strong><em>Μιλήτου</em></strong></span> 
     </span>
    </p>
   </div>
   <div class='ocr_carea' id='block_1_20' title="bbox 433 1102 1696 1165">
    <p class='ocr_par' dir='ltr' id='par_1_20' title="bbox 433 1102 1696 1165">
     <span class='ocr_line' id='line_1_31' title="bbox 433 1102 1696 1165; baseline -0.008 -10"><span class='ocrx_word' id='word_1_124' title='bbox 433 1111 510 1156; x_wconf 87' lang='grc' dir='ltr'><strong><em>τόν</em></strong></span> <span class='ocrx_word' id='word_1_125' title='bbox 539 1127 584 1163; x_wconf 84' lang='grc' dir='ltr'>τε</span> <span class='ocrx_word' id='word_1_126' title='bbox 611 1108 913 1165; x_wconf 82' lang='grc' dir='ltr'><strong><em>Ἀρισταγόρεα</em></strong></span> <span class='ocrx_word' id='word_1_127' title='bbox 935 1109 1009 1152; x_wconf 76' lang='grc' dir='ltr'>καὶ</span> <span class='ocrx_word' id='word_1_128' title='bbox 1031 1125 1110 1164; x_wconf 85' lang='grc' dir='ltr'><strong><em>την</em></strong></span> <span class='ocrx_word' id='word_1_129' title='bbox 1137 1107 1252 1151; x_wconf 82' lang='grc' dir='ltr'><strong><em>Ἰάδα</em></strong></span> <span class='ocrx_word' id='word_1_130' title='bbox 1277 1105 1480 1161; x_wconf 87' lang='grc' dir='ltr'><strong><em>στρατιὴν</em></strong></span> <span class='ocrx_word' id='word_1_131' title='bbox 1498 1104 1569 1147; x_wconf 85' lang='grc' dir='ltr'>καὶ</span> <span class='ocrx_word' id='word_1_132' title='bbox 1592 1102 1696 1154; x_wconf 84' lang='grc' dir='ltr'>τούς</span> 
     </span>
    </p>
   </div>
   <div class='ocr_carea' id='block_1_21' title="bbox 491 1355 650 1360">
    <p class='ocr_par' dir='ltr' id='par_1_21' title="bbox 491 1355 650 1360">
     <span class='ocr_line' id='line_1_32' title="bbox 491 1355 650 1360; baseline 0 0"><span class='ocrx_word' id='word_1_133' title='bbox 491 1355 650 1360; x_wconf 95' lang='lat' dir='ltr'> </span> 
     </span>
    </p>
   </div>
   <div class='ocr_carea' id='block_1_22' title="bbox 375 1414 1041 1457">
    <p class='ocr_par' dir='ltr' id='par_1_22' title="bbox 375 1414 1041 1457">
     <span class='ocr_line' id='line_1_33' title="bbox 375 1414 1041 1457; baseline -0.008 -1"><span class='ocrx_word' id='word_1_134' title='bbox 375 1419 487 1457; x_wconf 87' lang='lat' dir='ltr'>tionis</span> <span class='ocrx_word' id='word_1_135' title='bbox 535 1415 746 1453; x_wconf 85' lang='lat' dir='ltr'>istiusmodi</span> <span class='ocrx_word' id='word_1_136' title='bbox 787 1414 1041 1452; x_wconf 76' lang='lat' dir='ltr'>instituendae</span> 
     </span>
    </p>
   </div>
   <div class='ocr_carea' id='block_1_23' title="bbox 337 1473 1039 1526">
    <p class='ocr_par' dir='ltr' id='par_1_23' title="bbox 337 1473 1039 1526">
     <span class='ocr_line' id='line_1_34' title="bbox 337 1473 1039 1526; baseline -0.007 -13"><span class='ocrx_word' id='word_1_137' title='bbox 337 1496 340 1499; x_wconf 90' lang='grc'><em>“</em></span> <span class='ocrx_word' id='word_1_138' title='bbox 377 1477 486 1526; x_wconf 67' lang='lat' dir='ltr'>copia</span> <span class='ocrx_word' id='word_1_139' title='bbox 509 1474 580 1524; x_wconf 71' lang='grc' dir='ltr'>ΙΡὸΙ.</span> <span class='ocrx_word' id='word_1_140' title='bbox 599 1473 717 1509; x_wconf 74' lang='lat' dir='ltr'>fieret.</span> <span class='ocrx_word' id='word_1_141' title='bbox 748 1494 804 1499; x_wconf 81' lang='grc'>-</span> <span class='ocrx_word' id='word_1_142' title='bbox 861 1474 905 1508; x_wconf 84' lang='lat' dir='ltr'>In</span> <span class='ocrx_word' id='word_1_143' title='bbox 933 1486 1039 1524; x_wconf 77' lang='lat' dir='ltr'><strong>seqq.</strong></span> 
     </span>
    </p>
   </div>
   <div class='ocr_carea' id='block_1_24' title="bbox 378 1526 1040 1860">
    <p class='ocr_par' dir='ltr' id='par_1_24' title="bbox 378 1526 1040 1860">
     <span class='ocr_line' id='line_1_35' title="bbox 378 1526 1040 1582; baseline -0.012 -11"><span class='ocrx_word' id='word_1_144' title='bbox 378 1526 607 1582; x_wconf 84' lang='grc' dir='ltr'><strong><em>συμμάχους</em></strong></span> <span class='ocrx_word' id='word_1_145' title='bbox 637 1528 732 1565; x_wconf 82' lang='lat' dir='ltr'>dixit</span> <span class='ocrx_word' id='word_1_146' title='bbox 764 1530 900 1564; x_wconf 83' lang='lat' dir='ltr'>milites</span> <span class='ocrx_word' id='word_1_147' title='bbox 920 1531 1040 1564; x_wconf 86' lang='lat' dir='ltr'>socios</span> 
     </span>
     <span class='ocr_line' id='line_1_36' title="bbox 379 1585 1039 1634; baseline -0.006 -8.856"><span class='ocrx_word' id='word_1_148' title='bbox 379 1589 425 1625; x_wconf 87' lang='lat' dir='ltr'>ab</span> <span class='ocrx_word' id='word_1_149' title='bbox 446 1587 581 1623; x_wconf 82' lang='lat' dir='ltr'>Ionicis</span> <span class='ocrx_word' id='word_1_150' title='bbox 602 1585 813 1621; x_wconf 85' lang='lat' dir='ltr'>civitatibus</span> <span class='ocrx_word' id='word_1_151' title='bbox 834 1585 893 1622; x_wconf 81' lang='lat' dir='ltr'>vel</span> <span class='ocrx_word' id='word_1_152' title='bbox 915 1586 1039 1634; x_wconf 84' lang='lat' dir='ltr'>potius</span> 
     </span>
     <span class='ocr_line' id='line_1_37' title="bbox 381 1639 1037 1692; baseline -0.005 -12"><span class='ocrx_word' id='word_1_153' title='bbox 381 1656 511 1680; x_wconf 78' lang='lat' dir='ltr'>eariun</span> <span class='ocrx_word' id='word_1_154' title='bbox 540 1642 709 1692; x_wconf 84' lang='lat' dir='ltr'>tyrannis</span> <span class='ocrx_word' id='word_1_155' title='bbox 739 1642 818 1689; x_wconf 83' lang='lat' dir='ltr'>regi</span> <span class='ocrx_word' id='word_1_156' title='bbox 858 1639 905 1676; x_wconf 88' lang='lat' dir='ltr'>ad</span> <span class='ocrx_word' id='word_1_157' title='bbox 940 1639 1037 1677; x_wconf 86' lang='lat' dir='ltr'>hanc</span> 
     </span>
     <span class='ocr_line' id='line_1_38' title="bbox 381 1696 1036 1750; baseline -0.006 -13"><span class='ocrx_word' id='word_1_158' title='bbox 381 1698 664 1750; x_wconf 85' lang='lat' dir='ltr'>expeditionem</span> <span class='ocrx_word' id='word_1_159' title='bbox 683 1697 837 1743; x_wconf 81' lang='lat' dir='ltr'>miSSOS3</span> <span class='ocrx_word' id='word_1_160' title='bbox 868 1696 968 1733; x_wconf 88' lang='lat' dir='ltr'>conf.</span> <span class='ocrx_word' id='word_1_161' title='bbox 992 1697 1036 1744; x_wconf 87' lang='lat' dir='ltr'>V,</span> 
     </span>
     <span class='ocr_line' id='line_1_39' title="bbox 381 1750 1038 1803; baseline 0 -11"><span class='ocrx_word' id='word_1_162' title='bbox 381 1759 448 1797; x_wconf 87' lang='lat'>37.</span> <span class='ocrx_word' id='word_1_163' title='bbox 506 1755 590 1799; x_wconf 79' lang='lat' dir='ltr'>Quo</span> <span class='ocrx_word' id='word_1_164' title='bbox 629 1752 766 1789; x_wconf 87' lang='lat' dir='ltr'>eodem</span> <span class='ocrx_word' id='word_1_165' title='bbox 807 1753 927 1789; x_wconf 79' lang='lat' dir='ltr'>refero</span> <span class='ocrx_word' id='word_1_166' title='bbox 964 1750 1038 1803; x_wconf 69' lang='grc' dir='ltr'><strong><em>τήν</em></strong></span> 
     </span>
     <span class='ocr_line' id='line_1_40' title="bbox 378 1806 1039 1860; baseline -0.008 -10"><span class='ocrx_word' id='word_1_167' title='bbox 378 1807 493 1850; x_wconf 81' lang='grc' dir='ltr'><strong><em>Ἰάδα</em></strong></span> <span class='ocrx_word' id='word_1_168' title='bbox 516 1806 715 1860; x_wconf 70' lang='grc' dir='ltr'><strong><em>στρατιήν,</em></strong></span> <span class='ocrx_word' id='word_1_169' title='bbox 738 1811 843 1845; x_wconf 84' lang='lat' dir='ltr'>cuius</span> <span class='ocrx_word' id='word_1_170' title='bbox 864 1809 905 1846; x_wconf 77' lang='lat' dir='ltr'>sit</span> <span class='ocrx_word' id='word_1_171' title='bbox 927 1822 1039 1846; x_wconf 88' lang='lat' dir='ltr'>men—</span> 
     </span>
    </p>
   </div>
   <div class='ocr_carea' id='block_1_25' title="bbox 380 1867 594 1913">
    <p class='ocr_par' dir='ltr' id='par_1_25' title="bbox 380 1867 594 1913">
     <span class='ocr_line' id='line_1_41' title="bbox 380 1867 594 1913; baseline -0.014 -8"><span class='ocrx_word' id='word_1_172' title='bbox 380 1869 433 1905; x_wconf 88' lang='lat' dir='ltr'>tio</span> <span class='ocrx_word' id='word_1_173' title='bbox 456 1867 501 1913; x_wconf 90' lang='lat' dir='ltr'>V,</span> <span class='ocrx_word' id='word_1_174' title='bbox 525 1869 594 1906; x_wconf 89' lang='lat'>33.</span> 
     </span>
    </p>
   </div>
   <div class='ocr_carea' id='block_1_26' title="bbox 381 1929 1041 2486">
    <p class='ocr_par' dir='ltr' id='par_1_26' title="bbox 381 1929 1041 2486">
     <span class='ocr_line' id='line_1_42' title="bbox 438 1929 1038 1985; baseline -0.002 -13"><span class='ocrx_word' id='word_1_175' title='bbox 438 1929 655 1985; x_wconf 75' lang='grc' dir='ltr'><strong><em>στρατηγόν</em></strong></span> <span class='ocrx_word' id='word_1_176' title='bbox 707 1929 749 1970; x_wconf 80' lang='grc' dir='ltr'>δὲ</span> <span class='ocrx_word' id='word_1_177' title='bbox 804 1929 1038 1971; x_wconf 83' lang='grc' dir='ltr'><strong><em>τουτέων</em></strong></span> 
     </span>
     <span class='ocr_line' id='line_1_43' title="bbox 391 1986 1037 2040; baseline -0.008 -11"><span class='ocrx_word' id='word_1_178' title='bbox 391 1986 416 2029; x_wconf 81' lang='grc' dir='ltr'>οἷ</span> <span class='ocrx_word' id='word_1_179' title='bbox 430 2006 458 2028; x_wconf 89' lang='grc' dir='ltr'><em>π</em></span> <span class='ocrx_word' id='word_1_180' title='bbox 471 2004 487 2028; x_wconf 86' lang='grc' dir='ltr'>ε</span> <span class='ocrx_word' id='word_1_181' title='bbox 479 1988 523 2028; x_wconf 80' lang='grc' dir='ltr'>’δ</span> <span class='ocrx_word' id='word_1_182' title='bbox 537 2003 552 2027; x_wconf 85' lang='grc' dir='ltr'>ε</span> <span class='ocrx_word' id='word_1_183' title='bbox 564 1989 631 2037; x_wconf 79' lang='grc' dir='ltr'><strong><em>ξε]</em></strong></span> <span class='ocrx_word' id='word_1_184' title='bbox 680 1986 851 2026; x_wconf 80' lang='grc' dir='ltr'><strong><em>τουτέων</em></strong></span> <span class='ocrx_word' id='word_1_185' title='bbox 902 1989 1037 2040; x_wconf 84' lang='lat' dir='ltr'>reliqui</span> 
     </span>
     <span class='ocr_line' id='line_1_44' title="bbox 387 2041 1039 2094; baseline 0 -12"><span class='ocrx_word' id='word_1_186' title='bbox 387 2048 594 2092; x_wconf 83' lang='lat' dir='ltr'>intactum,</span> <span class='ocrx_word' id='word_1_187' title='bbox 637 2057 726 2080; x_wconf 84' lang='lat' dir='ltr'>cum</span> <span class='ocrx_word' id='word_1_188' title='bbox 768 2043 816 2080; x_wconf 87' lang='lat' dir='ltr'>ad</span> <span class='ocrx_word' id='word_1_189' title='bbox 856 2041 1039 2094; x_wconf 83' lang='grc' dir='ltr'><strong><em>τριήρεας</em></strong></span> 
     </span>
     <span class='ocr_line' id='line_1_45' title="bbox 382 2084 1040 2150; baseline -0.002 -12"><span class='ocrx_word' id='word_1_190' title='bbox 382 2103 578 2139; x_wconf 84' lang='lat' dir='ltr'>reseratur.</span> <span class='ocrx_word' id='word_1_191' title='bbox 635 2099 697 2136; x_wconf 89' lang='lat' dir='ltr'>Ad</span> <span class='ocrx_word' id='word_1_192' title='bbox 720 2084 847 2150; x_wconf 56' lang='lat' dir='ltr'>&#39;ipsam</span> <span class='ocrx_word' id='word_1_193' title='bbox 877 2102 1040 2137; x_wconf 82' lang='lat' dir='ltr'>locutio-</span> 
     </span>
     <span class='ocr_line' id='line_1_46' title="bbox 381 2157 1038 2207; baseline -0.005 -12"><span class='ocrx_word' id='word_1_194' title='bbox 381 2171 474 2195; x_wconf 85' lang='lat' dir='ltr'>nem</span> <span class='ocrx_word' id='word_1_195' title='bbox 512 2159 560 2193; x_wconf 86' lang='grc' dir='ltr'>Η.</span> <span class='ocrx_word' id='word_1_196' title='bbox 606 2157 728 2207; x_wconf 89' lang='lat' dir='ltr'>Apetz</span> <span class='ocrx_word' id='word_1_197' title='bbox 773 2158 918 2194; x_wconf 75' lang='lat' dir='ltr'>confeit</span> <span class='ocrx_word' id='word_1_198' title='bbox 959 2158 1038 2203; x_wconf 64' lang='lat' dir='ltr'>x&#39;‚11</span> 
     </span>
     <span class='ocr_line' id='line_1_47' title="bbox 383 2215 1035 2263; baseline -0.003 -9"><span class='ocrx_word' id='word_1_199' title='bbox 383 2217 488 2256; x_wconf 81' lang='lat'>236:</span> <span class='ocrx_word' id='word_1_200' title='bbox 544 2215 616 2252; x_wconf 84' lang='grc' dir='ltr'><strong><em>τοῦ</em></strong></span> <span class='ocrx_word' id='word_1_201' title='bbox 645 2227 832 2251; x_wconf 83' lang='grc' dir='ltr'><strong><em>ναυτικου</em></strong></span> <span class='ocrx_word' id='word_1_202' title='bbox 870 2226 1035 2263; x_wconf 87' lang='grc' dir='ltr'><strong><em>στρατου</em></strong></span> 
     </span>
     <span class='ocr_line' id='line_1_48' title="bbox 384 2266 1041 2321; baseline 0 -13"><span class='ocrx_word' id='word_1_203' title='bbox 384 2266 597 2321; x_wconf 70' lang='grc' dir='ltr'><strong><em>στρατηγὸς</em></strong></span> <span class='ocrx_word' id='word_1_204' title='bbox 631 2276 667 2305; x_wconf 86' lang='lat' dir='ltr'>et</span> <span class='ocrx_word' id='word_1_205' title='bbox 702 2269 798 2315; x_wconf 76' lang='lat' dir='ltr'>vlu,</span> <span class='ocrx_word' id='word_1_206' title='bbox 827 2272 923 2309; x_wconf 73' lang='lat'>102:</span> <span class='ocrx_word' id='word_1_207' title='bbox 967 2272 1041 2308; x_wconf 81' lang='grc' dir='ltr'><strong><em>τοῦ</em></strong></span> 
     </span>
     <span class='ocr_line' id='line_1_49' title="bbox 384 2323 1040 2375; baseline -0.005 -10"><span class='ocrx_word' id='word_1_208' title='bbox 384 2327 576 2365; x_wconf 76' lang='grc' dir='ltr'><strong><em>ναυτικοῦ</em></strong></span> <span class='ocrx_word' id='word_1_209' title='bbox 607 2323 916 2375; x_wconf 78' lang='grc' dir='ltr'><strong><em>στρατηγέοντες.</em></strong></span> <span class='ocrx_word' id='word_1_210' title='bbox 975 2327 1040 2362; x_wconf 91' lang='lat' dir='ltr'>Tu</span> 
     </span>
     <span class='ocr_line' id='line_1_50' title="bbox 384 2378 1041 2428; baseline 0.005 -10"><span class='ocrx_word' id='word_1_211' title='bbox 384 2382 472 2419; x_wconf 88' lang='lat' dir='ltr'>add.</span> <span class='ocrx_word' id='word_1_212' title='bbox 493 2382 554 2428; x_wconf 85' lang='lat' dir='ltr'>lv,</span> <span class='ocrx_word' id='word_1_213' title='bbox 582 2383 657 2420; x_wconf 83' lang='lat'>166</span> <span class='ocrx_word' id='word_1_214' title='bbox 679 2387 713 2416; x_wconf 87' lang='lat' dir='ltr'>et</span> <span class='ocrx_word' id='word_1_215' title='bbox 736 2381 783 2416; x_wconf 89' lang='lat' dir='ltr'>de</span> <span class='ocrx_word' id='word_1_216' title='bbox 806 2382 920 2418; x_wconf 84' lang='lat' dir='ltr'>verbo</span> <span class='ocrx_word' id='word_1_217' title='bbox 942 2378 1041 2421; x_wconf 80' lang='grc' dir='ltr'><strong><em>άπέ-</em></strong></span> 
     </span>
     <span class='ocr_line' id='line_1_51' title="bbox 386 2435 816 2486; baseline -0.005 -11"><span class='ocrx_word' id='word_1_218' title='bbox 386 2440 470 2486; x_wconf 79' lang='grc' dir='ltr'><strong><em>δεξε</em></strong></span> <span class='ocrx_word' id='word_1_219' title='bbox 490 2444 583 2474; x_wconf 84' lang='lat' dir='ltr'>nott.</span> <span class='ocrx_word' id='word_1_220' title='bbox 606 2435 654 2472; x_wconf 86' lang='lat' dir='ltr'>ad</span> <span class='ocrx_word' id='word_1_221' title='bbox 674 2437 718 2483; x_wconf 87' lang='lat' dir='ltr'>V,</span> <span class='ocrx_word' id='word_1_222' title='bbox 750 2437 816 2477; x_wconf 82' lang='lat'>25.</span> 
     </span>
    </p>
   </div>
   <div class='ocr_carea' id='block_1_27' title="bbox 385 2510 1043 2901">
    <p class='ocr_par' dir='ltr' id='par_1_27' title="bbox 385 2510 1043 2901">
     <span class='ocr_line' id='line_1_52' title="bbox 444 2510 1042 2566; baseline -0.003 -10"><span class='ocrx_word' id='word_1_223' title='bbox 444 2516 479 2555; x_wconf 83' lang='grc' dir='ltr'>εἰ</span> <span class='ocrx_word' id='word_1_224' title='bbox 499 2514 548 2566; x_wconf 70' lang='grc' dir='ltr'>δή</span> <span class='ocrx_word' id='word_1_225' title='bbox 579 2510 738 2565; x_wconf 71' lang='grc' dir='ltr'><strong><em>α’ληθής</em></strong></span> <span class='ocrx_word' id='word_1_226' title='bbox 766 2529 808 2565; x_wconf 83' lang='grc' dir='ltr'>γε</span> <span class='ocrx_word' id='word_1_227' title='bbox 830 2513 908 2553; x_wconf 81' lang='grc' dir='ltr'><strong><em>ἐστὶ</em></strong></span> <span class='ocrx_word' id='word_1_228' title='bbox 935 2513 1042 2555; x_wconf 80' lang='grc' dir='ltr'><strong><em>ὁλό-</em></strong></span> 
     </span>
     <span class='ocr_line' id='line_1_53' title="bbox 386 2569 1042 2624; baseline -0.006 -12"><span class='ocrx_word' id='word_1_229' title='bbox 386 2573 489 2624; x_wconf 82' lang='grc' dir='ltr'>γος]</span> <span class='ocrx_word' id='word_1_230' title='bbox 531 2570 610 2612; x_wconf 78' lang='grc' dir='ltr'><strong><em>ἐστὶ</em></strong></span> <span class='ocrx_word' id='word_1_231' title='bbox 633 2584 721 2608; x_wconf 88' lang='lat' dir='ltr'>cum</span> <span class='ocrx_word' id='word_1_232' title='bbox 754 2569 972 2619; x_wconf 67' lang='lat' dir='ltr'>Schweigh.</span> <span class='ocrx_word' id='word_1_233' title='bbox 1005 2579 1042 2608; x_wconf 82' lang='lat' dir='ltr'>et</span> 
     </span>
     <span class='ocr_line' id='line_1_54' title="bbox 385 2627 1043 2666; baseline -0.005 -1"><span class='ocrx_word' id='word_1_234' title='bbox 385 2629 503 2666; x_wconf 84' lang='lat' dir='ltr'>Gaisf.</span> <span class='ocrx_word' id='word_1_235' title='bbox 535 2642 554 2664; x_wconf 90' lang='lat' dir='ltr'>e</span> <span class='ocrx_word' id='word_1_236' title='bbox 584 2628 801 2664; x_wconf 77' lang='lat' dir='ltr'>melioribus</span> <span class='ocrx_word' id='word_1_237' title='bbox 831 2627 941 2663; x_wconf 75' lang='lat' dir='ltr'>codd.</span> <span class='ocrx_word' id='word_1_238' title='bbox 973 2627 1043 2663; x_wconf 75' lang='lat' dir='ltr'>ad-</span> 
     </span>
     <span class='ocr_line' id='line_1_55' title="bbox 385 2683 1042 2723; baseline -0.005 -1"><span class='ocrx_word' id='word_1_239' title='bbox 385 2686 488 2723; x_wconf 83' lang='lat' dir='ltr'>scivi.</span> <span class='ocrx_word' id='word_1_240' title='bbox 548 2685 681 2721; x_wconf 73' lang='lat' dir='ltr'>Omisit</span> <span class='ocrx_word' id='word_1_241' title='bbox 702 2683 896 2721; x_wconf 76' lang='lat' dir='ltr'>Schaefer.</span> <span class='ocrx_word' id='word_1_242' title='bbox 929 2685 1042 2719; x_wconf 77' lang='lat' dir='ltr'>item-</span> 
     </span>
     <span class='ocr_line' id='line_1_56' title="bbox 387 2739 1041 2793; baseline -0.003 -16"><span class='ocrx_word' id='word_1_243' title='bbox 387 2754 463 2793; x_wconf 88' lang='lat' dir='ltr'>que</span> <span class='ocrx_word' id='word_1_244' title='bbox 491 2739 683 2778; x_wconf 79' lang='lat' dir='ltr'>Matthiae.</span> <span class='ocrx_word' id='word_1_245' title='bbox 752 2739 887 2776; x_wconf 84' lang='lat' dir='ltr'>Incidit</span> <span class='ocrx_word' id='word_1_246' title='bbox 915 2747 1041 2776; x_wconf 85' lang='lat' dir='ltr'>autem</span> 
     </span>
     <span class='ocr_line' id='line_1_57' title="bbox 389 2796 1043 2847; baseline -0.005 -13"><span class='ocrx_word' id='word_1_247' title='bbox 389 2796 461 2834; x_wconf 89' lang='lat' dir='ltr'>hoc</span> <span class='ocrx_word' id='word_1_248' title='bbox 491 2798 530 2833; x_wconf 90' lang='lat' dir='ltr'>in</span> <span class='ocrx_word' id='word_1_249' title='bbox 552 2810 596 2834; x_wconf 86' lang='lat' dir='ltr'>ea</span> <span class='ocrx_word' id='word_1_250' title='bbox 616 2804 807 2847; x_wconf 87' lang='lat' dir='ltr'>tempora,</span> <span class='ocrx_word' id='word_1_251' title='bbox 842 2809 939 2847; x_wconf 58' lang='lat' dir='ltr'>&lt;luae</span> <span class='ocrx_word' id='word_1_252' title='bbox 962 2798 1043 2832; x_wconf 80' lang='lat' dir='ltr'>He-</span> 
     </span>
     <span class='ocr_line' id='line_1_58' title="bbox 389 2853 1039 2901; baseline -0.003 -11"><span class='ocrx_word' id='word_1_253' title='bbox 389 2853 513 2892; x_wconf 86' lang='lat' dir='ltr'>rodoti</span> <span class='ocrx_word' id='word_1_254' title='bbox 551 2853 741 2891; x_wconf 86' lang='lat' dir='ltr'>excedunt</span> <span class='ocrx_word' id='word_1_255' title='bbox 771 2854 1039 2901; x_wconf 83' lang='lat' dir='ltr'>narrationem,</span> 
     </span>
    </p>
   </div>
   <div class='ocr_carea' id='block_1_28' title="bbox 1223 1171 1698 1229">
    <p class='ocr_par' dir='ltr' id='par_1_28' title="bbox 1223 1171 1698 1229">
     <span class='ocr_line' id='line_1_59' title="bbox 1223 1171 1698 1229; baseline -0.006 -12.942"><span class='ocrx_word' id='word_1_256' title='bbox 1223 1173 1554 1229; x_wconf 79' lang='grc' dir='ltr'><strong><em>Ἑλλησπόντου.</em></strong></span> <span class='ocrx_word' id='word_1_257' title='bbox 1606 1171 1698 1214; x_wconf 78' lang='grc' dir='ltr'><strong><em>ἐπεί</em></strong></span> 
     </span>
    </p>
   </div>
   <div class='ocr_carea' id='block_1_29' title="bbox 1092 1411 1757 2363">
    <p class='ocr_par' dir='ltr' id='par_1_29' title="bbox 1094 1411 1757 2363">
     <span class='ocr_line' id='line_1_60' title="bbox 1097 1411 1753 1464; baseline -0.003 -14"><span class='ocrx_word' id='word_1_258' title='bbox 1097 1415 1137 1450; x_wconf 87' lang='lat' dir='ltr'>in</span> <span class='ocrx_word' id='word_1_259' title='bbox 1149 1427 1237 1449; x_wconf 85' lang='lat' dir='ltr'>ann.</span> <span class='ocrx_word' id='word_1_260' title='bbox 1252 1411 1333 1453; x_wconf 82' lang='grc'>477</span> <span class='ocrx_word' id='word_1_261' title='bbox 1348 1425 1381 1449; x_wconf 88' lang='lat' dir='ltr'>a.</span> <span class='ocrx_word' id='word_1_262' title='bbox 1397 1411 1535 1449; x_wconf 65' lang='lat' dir='ltr'>Chnn.</span> <span class='ocrx_word' id='word_1_263' title='bbox 1551 1425 1581 1449; x_wconf 87' lang='lat' dir='ltr'>s.</span> <span class='ocrx_word' id='word_1_264' title='bbox 1601 1412 1753 1464; x_wconf 90' lang='lat' dir='ltr'>Olymp.</span> 
     </span>
     <span class='ocr_line' id='line_1_61' title="bbox 1097 1468 1753 1517; baseline -0.003 -11"><span class='ocrx_word' id='word_1_265' title='bbox 1097 1473 1164 1517; x_wconf 87' lang='lat'>76,</span> <span class='ocrx_word' id='word_1_266' title='bbox 1203 1473 1237 1509; x_wconf 85' lang='lat'>1.</span> <span class='ocrx_word' id='word_1_267' title='bbox 1295 1469 1383 1506; x_wconf 77' lang='lat' dir='ltr'>vid.</span> <span class='ocrx_word' id='word_1_268' title='bbox 1413 1468 1645 1505; x_wconf 78' lang='lat' dir='ltr'>Dalilmann.</span> <span class='ocrx_word' id='word_1_269' title='bbox 1672 1470 1753 1504; x_wconf 85' lang='lat' dir='ltr'>He-</span> 
     </span>
     <span class='ocr_line' id='line_1_62' title="bbox 1096 1525 1755 1576; baseline -0.002 -14"><span class='ocrx_word' id='word_1_270' title='bbox 1096 1526 1179 1562; x_wconf 88' lang='lat' dir='ltr'>rod.</span> <span class='ocrx_word' id='word_1_271' title='bbox 1201 1537 1288 1576; x_wconf 81' lang='lat' dir='ltr'>pag.</span> <span class='ocrx_word' id='word_1_272' title='bbox 1311 1528 1376 1565; x_wconf 81' lang='grc'>38.</span> <span class='ocrx_word' id='word_1_273' title='bbox 1428 1527 1484 1561; x_wconf 84' lang='lat' dir='ltr'>Ac</span> <span class='ocrx_word' id='word_1_274' title='bbox 1503 1527 1642 1575; x_wconf 82' lang='lat' dir='ltr'>legitur</span> <span class='ocrx_word' id='word_1_275' title='bbox 1671 1525 1755 1575; x_wconf 70' lang='lat' dir='ltr'>epi-</span> 
     </span>
     <span class='ocr_line' id='line_1_63' title="bbox 1095 1580 1755 1632; baseline -0.005 -13"><span class='ocrx_word' id='word_1_276' title='bbox 1095 1583 1209 1628; x_wconf 81' lang='lat' dir='ltr'>stola‚</span> <span class='ocrx_word' id='word_1_277' title='bbox 1232 1580 1307 1632; x_wconf 65' lang='grc' dir='ltr'><strong>(μιῖι</strong></span> <span class='ocrx_word' id='word_1_278' title='bbox 1328 1582 1532 1618; x_wconf 78' lang='lat' dir='ltr'>Pausanias</span> <span class='ocrx_word' id='word_1_279' title='bbox 1552 1583 1755 1618; x_wconf 78' lang='lat' dir='ltr'>Persarum</span> 
     </span>
     <span class='ocr_line' id='line_1_64' title="bbox 1095 1636 1754 1689; baseline -0.002 -15"><span class='ocrx_word' id='word_1_280' title='bbox 1095 1640 1192 1688; x_wconf 83' lang='lat' dir='ltr'>regis</span> <span class='ocrx_word' id='word_1_281' title='bbox 1206 1639 1322 1673; x_wconf 77' lang='lat' dir='ltr'>filiam</span> <span class='ocrx_word' id='word_1_282' title='bbox 1333 1639 1439 1687; x_wconf 83' lang='lat' dir='ltr'>petiit</span> <span class='ocrx_word' id='word_1_283' title='bbox 1452 1644 1629 1689; x_wconf 86' lang='lat' dir='ltr'>nuptum,</span> <span class='ocrx_word' id='word_1_284' title='bbox 1652 1636 1754 1688; x_wconf 83' lang='lat' dir='ltr'>apud</span> 
     </span>
     <span class='ocr_line' id='line_1_65' title="bbox 1094 1693 1754 1746; baseline -0.003 -15"><span class='ocrx_word' id='word_1_285' title='bbox 1094 1693 1368 1745; x_wconf 73' lang='lat' dir='ltr'>Thucydidem</span> <span class='ocrx_word' id='word_1_286' title='bbox 1389 1696 1417 1740; x_wconf 88' lang='lat' dir='ltr'>I,</span> <span class='ocrx_word' id='word_1_287' title='bbox 1443 1698 1532 1741; x_wconf 78' lang='lat'>128,</span> <span class='ocrx_word' id='word_1_288' title='bbox 1555 1708 1671 1746; x_wconf 84' lang='lat' dir='ltr'>quem</span> <span class='ocrx_word' id='word_1_289' title='bbox 1692 1694 1754 1729; x_wconf 87' lang='lat' dir='ltr'>alii</span> 
     </span>
     <span class='ocr_line' id='line_1_66' title="bbox 1094 1751 1755 1802; baseline -0.005 -14"><span class='ocrx_word' id='word_1_290' title='bbox 1094 1757 1439 1802; x_wconf 80' lang='lat' dir='ltr'>sequunturrerum</span> <span class='ocrx_word' id='word_1_291' title='bbox 1459 1753 1669 1801; x_wconf 83' lang='lat' dir='ltr'>scriptores.</span> <span class='ocrx_word' id='word_1_292' title='bbox 1689 1751 1755 1786; x_wconf 87' lang='lat' dir='ltr'>Tu</span> 
     </span>
     <span class='ocr_line' id='line_1_67' title="bbox 1096 1807 1754 1844; baseline -0.003 0"><span class='ocrx_word' id='word_1_293' title='bbox 1096 1807 1176 1844; x_wconf 84' lang='lat' dir='ltr'>vid.</span> <span class='ocrx_word' id='word_1_294' title='bbox 1207 1808 1287 1843; x_wconf 86' lang='lat' dir='ltr'>Van</span> <span class='ocrx_word' id='word_1_295' title='bbox 1320 1807 1504 1844; x_wconf 77' lang='lat' dir='ltr'>staveren</span> <span class='ocrx_word' id='word_1_296' title='bbox 1534 1807 1582 1844; x_wconf 87' lang='lat' dir='ltr'>ad</span> <span class='ocrx_word' id='word_1_297' title='bbox 1603 1807 1754 1844; x_wconf 86' lang='lat' dir='ltr'>Cornel.</span> 
     </span>
     <span class='ocr_line' id='line_1_68' title="bbox 1094 1858 1757 1914; baseline 0.003 -14"><span class='ocrx_word' id='word_1_298' title='bbox 1094 1865 1231 1914; x_wconf 81' lang='lat' dir='ltr'>Nepot.</span> <span class='ocrx_word' id='word_1_299' title='bbox 1250 1860 1413 1900; x_wconf 85' lang='lat' dir='ltr'>Pausan.</span> <span class='ocrx_word' id='word_1_300' title='bbox 1429 1867 1467 1904; x_wconf 82' lang='grc'>2.</span> <span class='ocrx_word' id='word_1_301' title='bbox 1478 1884 1534 1890; x_wconf 81' lang='lat'>-—</span> <span class='ocrx_word' id='word_1_302' title='bbox 1553 1865 1647 1901; x_wconf 85' lang='lat' dir='ltr'>Mox</span> <span class='ocrx_word' id='word_1_303' title='bbox 1660 1858 1757 1902; x_wconf 78' lang='grc' dir='ltr'><strong><em>τού·-</em></strong></span> 
     </span>
     <span class='ocr_line' id='line_1_69' title="bbox 1095 1918 1754 1970; baseline -0.003 -12"><span class='ocrx_word' id='word_1_304' title='bbox 1095 1935 1173 1959; x_wconf 85' lang='grc' dir='ltr'>τωυ</span> <span class='ocrx_word' id='word_1_305' title='bbox 1185 1919 1272 1956; x_wconf 85' lang='lat' dir='ltr'>dedi</span> <span class='ocrx_word' id='word_1_306' title='bbox 1282 1933 1351 1970; x_wconf 87' lang='lat' dir='ltr'>pro</span> <span class='ocrx_word' id='word_1_307' title='bbox 1364 1918 1547 1959; x_wconf 73' lang='grc' dir='ltr'><strong><em>τουτέων.</em></strong></span> <span class='ocrx_word' id='word_1_308' title='bbox 1567 1922 1626 1957; x_wconf 89' lang='lat' dir='ltr'>De</span> <span class='ocrx_word' id='word_1_309' title='bbox 1639 1919 1754 1956; x_wconf 86' lang='lat' dir='ltr'>verbo</span> 
     </span>
     <span class='ocr_line' id='line_1_70' title="bbox 1096 1973 1755 2026; baseline -0.006 -11"><span class='ocrx_word' id='word_1_310' title='bbox 1096 1973 1340 2026; x_wconf 76' lang='grc' dir='ltr'><strong><em>ἁρμόζεσθαι</em></strong></span> <span class='ocrx_word' id='word_1_311' title='bbox 1385 1975 1552 2013; x_wconf 87' lang='lat' dir='ltr'>diximus</span> <span class='ocrx_word' id='word_1_312' title='bbox 1602 1976 1651 2013; x_wconf 84' lang='lat' dir='ltr'>ad</span> <span class='ocrx_word' id='word_1_313' title='bbox 1688 1976 1755 2022; x_wconf 87' lang='lat'>111,</span> 
     </span>
     <span class='ocr_line' id='line_1_71' title="bbox 1100 2027 1755 2084; baseline 0.003 -16"><span class='ocrx_word' id='word_1_314' title='bbox 1100 2035 1189 2072; x_wconf 81' lang='lat'>137.</span> <span class='ocrx_word' id='word_1_315' title='bbox 1225 2034 1269 2068; x_wconf 89' lang='lat' dir='ltr'>In</span> <span class='ocrx_word' id='word_1_316' title='bbox 1291 2032 1366 2068; x_wconf 83' lang='lat' dir='ltr'>fine</span> <span class='ocrx_word' id='word_1_317' title='bbox 1389 2045 1471 2083; x_wconf 83' lang='lat' dir='ltr'>cap.</span> <span class='ocrx_word' id='word_1_318' title='bbox 1492 2045 1561 2084; x_wconf 90' lang='lat' dir='ltr'>pro</span> <span class='ocrx_word' id='word_1_319' title='bbox 1581 2027 1755 2084; x_wconf 85' lang='grc' dir='ltr'><strong><em>Ἀριστα-</em></strong></span> 
     </span>
     <span class='ocr_line' id='line_1_72' title="bbox 1096 2085 1755 2140; baseline -0.005 -12"><span class='ocrx_word' id='word_1_320' title='bbox 1096 2085 1216 2140; x_wconf 81' lang='grc' dir='ltr'><strong><em>γόρεα</em></strong></span> <span class='ocrx_word' id='word_1_321' title='bbox 1265 2090 1505 2126; x_wconf 82' lang='lat' dir='ltr'>Florentinus</span> <span class='ocrx_word' id='word_1_322' title='bbox 1545 2102 1634 2126; x_wconf 87' lang='lat' dir='ltr'>cum</span> <span class='ocrx_word' id='word_1_323' title='bbox 1675 2089 1755 2125; x_wconf 84' lang='lat' dir='ltr'>aliis</span> 
     </span>
     <span class='ocr_line' id='line_1_73' title="bbox 1092 2142 1755 2198; baseline -0.005 -13.973"><span class='ocrx_word' id='word_1_324' title='bbox 1092 2142 1392 2196; x_wconf 72' lang='grc' dir='ltr'><strong><em>Ἀρισταγόρην,</em></strong></span> <span class='ocrx_word' id='word_1_325' title='bbox 1453 2158 1551 2197; x_wconf 86' lang='lat' dir='ltr'>quae</span> <span class='ocrx_word' id='word_1_326' title='bbox 1598 2144 1755 2198; x_wconf 87' lang='lat' dir='ltr'>quidem</span> 
     </span>
     <span class='ocr_line' id='line_1_74' title="bbox 1095 2202 1755 2253; baseline 0.002 -15"><span class='ocrx_word' id='word_1_327' title='bbox 1095 2202 1272 2253; x_wconf 83' lang='lat' dir='ltr'>frequens</span> <span class='ocrx_word' id='word_1_328' title='bbox 1294 2210 1347 2238; x_wconf 89' lang='lat' dir='ltr'>est</span> <span class='ocrx_word' id='word_1_329' title='bbox 1366 2203 1609 2253; x_wconf 86' lang='lat' dir='ltr'>permutatio.</span> <span class='ocrx_word' id='word_1_330' title='bbox 1655 2203 1755 2239; x_wconf 76' lang='lat' dir='ltr'>Citat</span> 
     </span>
     <span class='ocr_line' id='line_1_75' title="bbox 1095 2257 1753 2309; baseline 0 -16"><span class='ocrx_word' id='word_1_331' title='bbox 1095 2257 1267 2294; x_wconf 83' lang='lat' dir='ltr'>Eustath.</span> <span class='ocrx_word' id='word_1_332' title='bbox 1289 2257 1338 2295; x_wconf 86' lang='lat' dir='ltr'>ad</span> <span class='ocrx_word' id='word_1_333' title='bbox 1357 2260 1401 2295; x_wconf 90' lang='lat' dir='ltr'>ll.</span> <span class='ocrx_word' id='word_1_334' title='bbox 1423 2272 1510 2309; x_wconf 84' lang='lat' dir='ltr'>pag.</span> <span class='ocrx_word' id='word_1_335' title='bbox 1532 2261 1626 2306; x_wconf 84' lang='lat'>238,</span> <span class='ocrx_word' id='word_1_336' title='bbox 1658 2260 1708 2298; x_wconf 88' lang='lat'>18</span> <span class='ocrx_word' id='word_1_337' title='bbox 1723 2271 1753 2294; x_wconf 86' lang='lat' dir='ltr'>s.</span> 
     </span>
     <span class='ocr_line' id='line_1_76' title="bbox 1099 2317 1279 2363; baseline -0.011 -9"><span class='ocrx_word' id='word_1_338' title='bbox 1099 2317 1191 2363; x_wconf 88' lang='lat'>171,</span> <span class='ocrx_word' id='word_1_339' title='bbox 1213 2317 1279 2354; x_wconf 85' lang='lat'>31.</span> 
     </span>
    </p>
   </div>
   <div class='ocr_carea' id='block_1_30' title="bbox 1277 2414 1575 2465">
    <p class='ocr_par' dir='ltr' id='par_1_30' title="bbox 1277 2414 1575 2465">
     <span class='ocr_line' id='line_1_77' title="bbox 1277 2414 1575 2465; baseline 0.003 -15"><span class='ocrx_word' id='word_1_340' title='bbox 1277 2414 1369 2465; x_wconf 83' lang='lat' dir='ltr'>Cap.</span> <span class='ocrx_word' id='word_1_341' title='bbox 1390 2415 1575 2451; x_wconf 85' lang='lat' dir='ltr'>xxxm.</span> 
     </span>
    </p>
   </div>
   <div class='ocr_carea' id='block_1_31' title="bbox 1097 2511 1754 2903">
    <p class='ocr_par' dir='ltr' id='par_1_31' title="bbox 1098 2511 1752 2618">
     <span class='ocr_line' id='line_1_78' title="bbox 1153 2511 1752 2568; baseline -0.005 -15"><span class='ocrx_word' id='word_1_342' title='bbox 1153 2512 1229 2566; x_wconf 77' lang='grc' dir='ltr'>τήν</span> <span class='ocrx_word' id='word_1_343' title='bbox 1247 2511 1361 2554; x_wconf 81' lang='grc' dir='ltr'><strong><em>Ἰάδα</em></strong></span> <span class='ocrx_word' id='word_1_344' title='bbox 1396 2512 1609 2568; x_wconf 73' lang='grc' dir='ltr'><strong><em>στρατιήν]</em></strong></span> <span class='ocrx_word' id='word_1_345' title='bbox 1650 2512 1752 2551; x_wconf 83' lang='lat' dir='ltr'>cons.</span> 
     </span>
     <span class='ocr_line' id='line_1_79' title="bbox 1098 2571 1419 2618; baseline -0.003 -10"><span class='ocrx_word' id='word_1_346' title='bbox 1098 2579 1194 2608; x_wconf 84' lang='lat' dir='ltr'>nott.</span> <span class='ocrx_word' id='word_1_347' title='bbox 1219 2571 1266 2608; x_wconf 84' lang='lat' dir='ltr'>ad</span> <span class='ocrx_word' id='word_1_348' title='bbox 1288 2573 1331 2618; x_wconf 85' lang='lat' dir='ltr'>V,</span> <span class='ocrx_word' id='word_1_349' title='bbox 1353 2575 1419 2612; x_wconf 81' lang='grc'>32.</span> 
     </span>
    </p>

    <p class='ocr_par' dir='ltr' id='par_1_32' title="bbox 1097 2625 1754 2903">
     <span class='ocr_line' id='line_1_80' title="bbox 1155 2625 1750 2677; baseline -0.007 -11"><span class='ocrx_word' id='word_1_350' title='bbox 1155 2627 1239 2666; x_wconf 75' lang='grc' dir='ltr'><strong><em>ἐπεί</em></strong></span> <span class='ocrx_word' id='word_1_351' title='bbox 1261 2643 1301 2667; x_wconf 88' lang='grc' dir='ltr'>τε</span> <span class='ocrx_word' id='word_1_352' title='bbox 1330 2625 1372 2665; x_wconf 81' lang='grc' dir='ltr'>ὁὲ</span> <span class='ocrx_word' id='word_1_353' title='bbox 1404 2625 1552 2677; x_wconf 81' lang='grc' dir='ltr'><strong><em>ἐγένετο</em></strong></span> <span class='ocrx_word' id='word_1_354' title='bbox 1587 2640 1620 2664; x_wconf 84' lang='grc' dir='ltr'>κ.</span> <span class='ocrx_word' id='word_1_355' title='bbox 1643 2640 1674 2663; x_wconf 88' lang='grc' dir='ltr'>τ.</span> <span class='ocrx_word' id='word_1_356' title='bbox 1697 2625 1750 2673; x_wconf 55' lang='grc' dir='ltr'>λη]</span> 
     </span>
     <span class='ocr_line' id='line_1_81' title="bbox 1097 2681 1751 2733; baseline 0 -15"><span class='ocrx_word' id='word_1_357' title='bbox 1097 2684 1122 2719; x_wconf 90' lang='lat' dir='ltr'>i.</span> <span class='ocrx_word' id='word_1_358' title='bbox 1145 2696 1177 2719; x_wconf 88' lang='lat' dir='ltr'>e.</span> <span class='ocrx_word' id='word_1_359' title='bbox 1200 2696 1276 2720; x_wconf 83' lang='lat' dir='ltr'>cum</span> <span class='ocrx_word' id='word_1_360' title='bbox 1295 2683 1343 2720; x_wconf 87' lang='lat' dir='ltr'>ad</span> <span class='ocrx_word' id='word_1_361' title='bbox 1359 2696 1390 2719; x_wconf 90' lang='lat' dir='ltr'>s.</span> <span class='ocrx_word' id='word_1_362' title='bbox 1406 2696 1511 2733; x_wconf 81' lang='lat' dir='ltr'>prope</span> <span class='ocrx_word' id='word_1_363' title='bbox 1535 2681 1656 2719; x_wconf 75' lang='lat' dir='ltr'>Chium</span> <span class='ocrx_word' id='word_1_364' title='bbox 1671 2694 1751 2731; x_wconf 84' lang='lat' dir='ltr'>per-</span> 
     </span>
     <span class='ocr_line' id='line_1_82' title="bbox 1097 2738 1754 2785; baseline -0.003 -9"><span class='ocrx_word' id='word_1_365' title='bbox 1097 2742 1264 2785; x_wconf 78' lang='lat' dir='ltr'>venisset,</span> <span class='ocrx_word' id='word_1_366' title='bbox 1304 2752 1408 2776; x_wconf 79' lang='lat' dir='ltr'>naves</span> <span class='ocrx_word' id='word_1_367' title='bbox 1439 2741 1547 2775; x_wconf 78' lang='lat' dir='ltr'>tenuit</span> <span class='ocrx_word' id='word_1_368' title='bbox 1573 2739 1623 2775; x_wconf 82' lang='lat' dir='ltr'>ad</span> <span class='ocrx_word' id='word_1_369' title='bbox 1654 2738 1754 2774; x_wconf 83' lang='lat' dir='ltr'>Cau-</span> 
     </span>
     <span class='ocr_line' id='line_1_83' title="bbox 1099 2795 1753 2845; baseline -0.003 -13"><span class='ocrx_word' id='word_1_370' title='bbox 1099 2809 1207 2842; x_wconf 82' lang='lat' dir='ltr'>casa,</span> <span class='ocrx_word' id='word_1_371' title='bbox 1238 2796 1316 2832; x_wconf 80' lang='lat' dir='ltr'>inde</span> <span class='ocrx_word' id='word_1_372' title='bbox 1336 2795 1495 2845; x_wconf 77' lang='lat' dir='ltr'>aquilone</span> <span class='ocrx_word' id='word_1_373' title='bbox 1516 2798 1616 2832; x_wconf 75' lang='lat' dir='ltr'>vento</span> <span class='ocrx_word' id='word_1_374' title='bbox 1645 2795 1753 2831; x_wconf 81' lang='lat' dir='ltr'>traie-</span> 
     </span>
     <span class='ocr_line' id='line_1_84' title="bbox 1098 2850 1753 2903; baseline 0.002 -14"><span class='ocrx_word' id='word_1_375' title='bbox 1098 2856 1218 2889; x_wconf 70' lang='lat' dir='ltr'>cturus</span> <span class='ocrx_word' id='word_1_376' title='bbox 1253 2854 1290 2889; x_wconf 82' lang='lat' dir='ltr'>in</span> <span class='ocrx_word' id='word_1_377' title='bbox 1316 2850 1472 2889; x_wconf 73' lang='lat' dir='ltr'>Naxum.</span> <span class='ocrx_word' id='word_1_378' title='bbox 1503 2850 1654 2903; x_wconf 75' lang='grc' dir='ltr'><strong><em>ἐγένετο</em></strong></span> <span class='ocrx_word' id='word_1_379' title='bbox 1683 2861 1753 2901; x_wconf 81' lang='lat' dir='ltr'>pro</span> 
     </span>
    </p>
   </div>
   <div class='ocr_carea' id='block_1_32' title="bbox 1859 0 1885 536">
    <p class='ocr_par' dir='ltr' id='par_1_33' title="bbox 1859 0 1885 536">
     <span class='ocr_line' id='line_1_85' title="bbox 1859 0 1885 536; baseline 0 2804"><span class='ocrx_word' id='word_1_380' title='bbox 1859 0 1885 536; x_wconf 95' lang='lat' dir='ltr'> </span> 
     </span>
    </p>
   </div>
   <div class='ocr_carea' id='block_1_33' title="bbox 1889 1983 1897 2678">
    <p class='ocr_par' dir='ltr' id='par_1_34' title="bbox 1889 1983 1897 2678">
     <span class='ocr_line' id='line_1_86' title="bbox 1889 1983 1897 2678; baseline 0 0"><span class='ocrx_word' id='word_1_381' title='bbox 1889 1983 1897 2678; x_wconf 95' lang='lat' dir='ltr'> </span> 
     </span>
    </p>
   </div>
  </div>
 </body>
</html>
