1897 3340
401 230 485 269 444
794 229 1256 266 HERODOTI

401 339 614 387 ,,κτᾶσθαι
645 336 907 391 βουλόμενοι
927 338 1323 393 καταστρεψάμενοι
1355 336 1544 388 δούλους
1565 337 1633 392 ἒχο

399 420 506 458 ,,μεν
518 419 529 429 ’

369 469 667 526 3,,ρησόμεθα.

575 404 787 458 ΓΈλληνας
808 404 875 456 δὲ,
908 404 1185 459 ὑπάρξαντας
1215 405 1400 459 ἀδικίης,
1447 403 1502 446 οὐ
1531 420 1655 458 τιμω·
1668 411 1711 444 85

725 473 767 514 τί
811 473 1050 524 δείσαντες,·
1093 475 1219 526 κοίην
1248 471 1434 526 πλήθεος
1465 483 1649 524 συστρο-

398 537 537 593 ,,φήν;
568 540 695 593 κοίην
726 537 770 580 δὲ
797 538 1030 593 χρημάτων
1058 539 1266 594 δύναμιν,-
1309 543 1407 581 Τών
1439 539 1657 592 ἐπιστάμε-

399 611 486 657 „aa
525 606 603 660 μὲν
636 608 716 659 τήν
750 606 917 662 μάχην,
953 605 1216 661 ἐπιστάμεθα
1262 607 1308 649 δὲ
1347 606 1425 661 τὴν
1456 605 1657 660 δύναμιν,

397 673 586 724 ,,ἐοῦσαν
623 670 809 715 ἀσθενέα
823 687 831 697 ·

897 673 1048 728 ἔχομεν
1087 674 1132 717 δὲ
1164 672 1309 717 αὐτῶν
1337 676 1496 723 παῖδας
1527 690 1656 716 κατα·
1720 681 1723 685 ’

398 738 714 794 ,,στρεψάμενοι
753 740 961 793 τούτους,
1001 744 1044 784 οἳ
1073 741 1120 784 ἐν
1151 745 1205 796 τῇ
1239 740 1424 796 ἡμετέρῃ
1455 748 1714 797 κατοικη-9ο

398 806 567 862 ,,μένοι,
596 805 741 857 Ἴωνές
768 822 811 849 τε
841 809 912 850 καὶ
943 809 1119 859 Αἰολέες
1149 810 1223 852 καὶ
1251 809 1438 862 Δωριέες
1482 809 1656 852 καλέον-

368 884 389 914 4
400 891 510 926 ,,ται.

565 872 825 930 Ἐπειρήθην
855 875 900 918 δὲ
931 876 1002 919 καὶ
1033 875 1164 926 αὐτὸς
1196 876 1277 932 ἤδη
1308 877 1558 920 ἐπελαύνων
1589 876 1656 919 ἐπὶ

395 941 524 994 ,ποὺς
553 942 716 996 ἄνδρας
744 941 954 993 τούτους,
984 941 1070 997 ὑπό
1101 943 1264 998 πατρὸς
1294 949 1375 987 τοῦ
1406 949 1487 988 σοῦ
1516 949 1657 988 κελευ-

398 1043 422 1061 ,,
435 1010 555 1059 σθείς
565 1021 573 1029 ·

367 1076 579 1131 5,,ὀλίγον
616 1074 873 1120 ἀπολιπόντι
916 1077 957 1128 ἐς
1003 1077 1137 1129 αὐτας

395 1143 569 1196 ,,ου’δείς
619 1142 815 1200 ἀντιώθη
855 1146 897 1196 ές
935 1143 1086 1200 μάχην.

642 1011 716 1052 καί
751 1027 827 1064 μοι
866 1010 989 1066 μέχρι
1029 1013 1307 1065 Μακεδονίης
1338 1011 1558 1061 ἐλάσαντι,
1585 1011 1657 1054 καὶ

1171 1077 1366 1132 Ἀθήνας
1409 1077 1658 1128 ἀπικέσθαι,

1154 1148 1241 1188 Καί
1280 1162 1349 1188 τοι
1396 1161 1442 1201 γε
1495 1144 1713 1188 έώθασιὲὶὸ

394 1211 641 1267 ,ζἘλληνες,
694 1211 753 1263 ὦς
781 1211 1092 1267 πυνθάνομαι,
1134 1212 1408 1269 ἀβουλότατα
1438 1213 1657 1268 πολέμους

338 1329 341 1332 ,
365 1287 388 1321 6
398 1281 648 1331 ,,ἵστασθαι,

697 1278 786 1323 ὑπό
824 1296 868 1323 τε
912 1278 1229 1336 ἀγνωμοσύνης
1277 1284 1350 1324 καὶ
1389 1281 1656 1337 σκαιότητος.

394 1347 553 1400 ,,ἐπεοὶν
590 1346 673 1403 γάρ
704 1345 927 1404 ἀλλήλοισι
957 1348 1150 1404 πόλεμον
1180 1351 1430 1404 προείπωσι,
1462 1349 1657 1404 ἐξευρόν-

393 1529 700 1585 Ἐπειρήθην-
717 1530 913 1582 ἐλαύνων]
940 1536 996 1571 De

338 1598 524 1628 structura
553 1590 630 1627 vid.
662 1590 773 1626 citata
804 1590 852 1627 ad
878 1592 940 1638 Vl,
958 1593 995 1630 9.

338 1650 382 1684 In
403 1659 510 1699 seqq.
532 1646 580 1683 ad
601 1646 716 1683 verba
738 1642 874 1698 ὀλίγον
897 1662 997 1686 απο-

337 1700 490 1743 λιπόντι
511 1726 559 1731 —-
587 1698 803 1741 ἀπικέσθαι
850 1704 994 1740 consul.

338 1759 472 1798 Matth.
494 1760 560 1797 Gr.
583 1761 648 1798 Gr.
672 1760 709 1803 §
733 1758 826 1806 534,
857 1772 892 1797 a.
907 1773 995 1810 pag.

344 1815 460 1857 1044.
529 1815 631 1852 Add.
670 1815 797 1851 Walz.
838 1814 887 1852 ad
928 1818 994 1854 Gr.

338 1872 465 1909 Rhett.
487 1874 504 1908 Ι
524 1886 562 1923 p.
595 1872 685 1912 145.
715 1872 995 1921 VVyttenbach.

337 1929 386 1966 ad
407 1926 599 1966 Plutarch.
621 1928 755 1967 Moral.
776 1929 822 1974 ΙΙ,
855 1930 872 1967 1
907 1942 995 1980 pag.

338 1988 433 2033 202,
471 1986 537 2022 ubi
567 1984 614 2021 de
642 1984 829 2021 infinitivo
849 1994 994 2034 monet,

339 2044 405 2092 qui
424 2043 464 2078 in
485 2042 619 2078 talibus
639 2041 796 2077 articulo
824 2041 997 2092 plerum-

337 2111 412 2149 que
433 2099 570 2136 omisso
591 2098 682 2148 poni
701 2098 808 2134 solet.

613 2188 651 2232 ς.
682 2189 721 2226 2.

398 2263 478 2303 Καί
490 2278 551 2304 τοι
561 2279 603 2316 γε
625 2259 994 2312 ἐώθασῖΈλληνες]

339 2321 406 2359 καί
421 2336 480 2359 τοι
498 2335 539 2372 γε
557 2320 719 2357 eandem
740 2318 895 2371 quidem
917 2320 995 2355 vim

338 2376 451 2414 habet
471 2384 584 2428 atque
605 2378 671 2415 καί
685 2391 758 2422 τοι,
777 2374 842 2412 sed
865 2376 994 2412 fortius

338 2433 454 2470 modo
483 2446 562 2469 rem
594 2434 791 2482 exprimit3
832 2445 874 2468 ac
897 2445 994 2478 sane,

338 2502 560 2539 quamquam.
601 2488 686 2526 vid.
709 2491 918 2527 Hernmnu.
945 2487 994 2525 ad

337 2548 462 2595 Viget·
486 2560 523 2596 p.
551 2546 645 2586 840.
704 2544 765 2581 Ad
789 2544 994 2580 dictionem

337 2592 508 2653 πόλεμον
529 2601 717 2640 ἵστασθαι
718 2594 871 2649 (be‘llmn
891 2603 993 2638 insti-

338 2664 453 2706 tuere,
484 2658 683 2705 adornare)
714 2658 994 2701 cs.x11,175

337 2716 464 2767 ibique
484 2721 578 2751 nott.
638 2715 781 2751 Vocem
812 2709 994 2764 ἀγνωμο-

339 2771 466 2822 σύνην
479 2769 862 2821 Schweighaeusvrus
877 2772 993 2806 inter—

336 2834 503 2880 pretatur
531 2827 694 2866 stolidam
719 2832 750 2866 εἰ
779 2830 992 2877 pervicacem

1054 1479 1321 1528 confidentz'am3
1352 1479 1497 1516 Gauius
1523 1479 1604 1527 (Le
1626 1476 1713 1528 phi-

1054 1536 1170 1585 lolog.
1203 1536 1235 1572 V
1267 1548 1304 1585 p.
1327 1534 1408 1575 249
1439 1537 1538 1586 seq.)
1569 1535 1713 1572 Gallice

1053 1592 1200 1627 mavult
1227 1590 1334 1627 reddj
1373 1593 1593 1642 irreflexion,
1624 1604 1714 1628 cum

1054 1644 1240 1697 σκαιότης
1260 1649 1306 1684 sit
1326 1649 1514 1698 gaucherie
1527 1677 1536 1695 ‚
1567 1651 1711 1697 inexpe-

1051 1706 1176 1740 rz'ence.
1234 1705 1365 1752 Lange
1397 1705 1599 1740 vernacule
1624 1702 1712 1740 red-

1053 1759 1170 1796 didit:
1205 1773 1273 1796 aus
1294 1758 1467 1798 Unkzmde
1486 1760 1558 1797 und
1579 1759 1713 1797 Unver-

1052 1815 1168 1853 stand.
1226 1817 1292 1852 Tu
1329 1817 1430 1854 conf.
1460 1823 1555 1854 nott.
1587 1815 1636 1853 ad
1663 1817 1711 1863 11,

1055 1875 1134 1912 172
1155 1872 1238 1909 coll.
1260 1872 1305 1919 V,
1328 1874 1394 1912 83.

1109 1924 1231 1967 ἐπεάν
1259 1925 1334 1980 γὰρ
1363 1922 1570 1978 ἀλλήλοισι
1601 1924 1711 1966 πόλε-

1053 1999 1130 2035 μον
1149 1985 1369 2036 προείπωσι
1387 2000 1424 2024 κ.
1439 1999 1471 2022 τ.
1481 1984 1532 2032 λ.]
1565 1984 1713 2031 „Grae-

1053 2053 1187 2078 corum
1216 2042 1383 2078 inscitiae
1411 2053 1454 2076 ac
1483 2041 1626 2090 stupori
1647 2051 1712 2076 ac-

1054 2104 1209 2147 ceptum
1236 2098 1375 2144 fertur,
1417 2094 1521 2148 quod
1555 2096 1712 2132 summis

1052 2152 1296 2189 Achaeorum
1328 2154 1366 2188 in
1402 2151 1574 2188 laudibus
1609 2150 1710 2201 apud

1052 2210 1257 2259 Polybium
1278 2210 1381 2256 XIII,
1407 2211 1440 2247 1.
1471 2208 1602 2257 Magni
1621 2220 1711 2243 sane

1053 2266 1172 2300 animi
1193 2272 1229 2301 et
1250 2265 1393 2301 bellum
1414 2263 1583 2300 humano
1604 2277 1711 2300 more

1052 2320 1341 2357 administrandi
1437 2327 1711 2370 argumentum

1052 2378 1145 2413 olim
1174 2378 1351 2414 solemnis
1383 2384 1459 2413 erat
1492 2377 1708 2426 clarigatio:

1051 2435 1170 2469 inuno
1192 2446 1240 2469 ex
1259 2435 1418 2471 iustitiae
1429 2433 1710 2470 Tibur-enorum

1049 2489 1173 2526 studio
1195 2492 1395 2540 geminum
1415 2492 1538 2540 gentis
1555 2490 1633 2526 eius
1654 2491 1710 2525 iu-

1052 2548 1225 2582 stitutum
1276 2548 1404 2583 critici
1443 2545 1491 2582 ad
1528 2546 1708 2596 Apollon.

1052 2601 1177 2639 Rhod.
1198 2604 1246 2649 ll,
1270 2606 1378 2644 1012
1399 2609 1602 2639 arcessunt.
1659 2602 1709 2638 Ut

1052 2672 1153 2695 nunc
1174 2672 1264 2697 vero
1285 2660 1478 2696 saeculum
1505 2665 1579 2705 est,
1605 2659 1708 2694 Mar-

1052 2715 1155 2751 ‹lonii
1186 2717 1286 2753 valet
1320 2716 1524 2760 sententia3
1575 2715 1636 2765 qui
1667 2715 1705 2749 in

1051 2773 1121 2808 alia
1143 2773 1271 2808 omnia
1293 2779 1406 2816 eunt,
1437 2770 1706 2821 exploduntur.

1050 2831 1153 2879 Lege
1194 2826 1523 2880 Byuckershoekii
1553 2827 1705 2873 Quaest-

1855 1480 1865 1543 ,x—
