1897 3340
81 377 176 402 tatae.
211 375 309 408 Quam

82 408 208 436 deorum
228 409 305 436 iram
324 413 358 438 ut

83 447 326 470 averruncarent

82 484 101 503 a
121 476 234 510 [Lythia
251 475 341 504 Athe-

84 509 235 536 niensibus
255 518 328 544 poe-

82 551 148 576 nas,
175 551 251 577 quas
266 543 313 571 ini

105 577 311 611 oposeiswnt,

104 618 157 636 are
175 610 328 638 iubentur.

82 643 137 671 His
153 643 249 678 ipsam
269 645 329 671 lne-

82 685 184 704 mnum
202 678 334 713 petenti-

83 710 158 749 bps,
187 720 244 746 quo
264 710 362 739 artifi-

84 752 131 771 clo
159 746 313 773 oraculum

85 779 157 806 tunc
175 779 332 808 eluserint,

0 551 5 586 „⁴„.
0 263 7 503 —-—-—-<*-
0 13 7 241 -v-——v—

6 1159 9 1166 -
6 1135 8 1138 -
6 1107 7 1113 ⁴
0 839 11 1095 -a-2-a-‘A-zn'v02
0 734 10 827 σοι-ό

0 1261 11 1411 xx.1sz.'n-›--.„

266 1451 365 1496 140
421 1453 585 1498 πολλὸν
624 1458 702 1511 τῆς
730 1452 930 1512 Λήμνου.

91 1513 197 1543 Multis
218 1517 285 1550 post
312 1523 366 1542 an-

90 1550 136 1577 nis
154 1549 312 1576 Miltiades
329 1557 346 1577 e

91 1583 281 1610 Cher-onem

91 1617 237 1643 Lemnum
260 1615 362 1650 profe-

91 1654 166 1682 ctus,
186 1650 308 1677 oraculo
327 1650 363 1676 il-

92 1684 121 1712 lo
147 1688 235 1711 utens
259 1683 365 1712 Pelas-

411 268 495 309 422

811 263 1277 303 HERODOTI

416 373 619 432 γυναῖκές
651 389 697 418 τε
732 374 804 418 καὶ
842 377 1026 429 ποῖμναι
1069 372 1230 428 ὁμοίως
1269 370 1436 414 ἔτικτον
1473 371 1547 415 καὶ
1586 370 1672 424 πρὸ

329 464 338 476 ν
386 447 510 488 Ξτοῦ.
564 442 810 497 πιεζόμενοι
850 443 896 485 δὲ
932 444 1044 497 λιμῷ
1082 456 1126 483 τε
1155 439 1228 483 καὶ
1257 437 1461 493 ἀπαιδίῃ,
1496 438 1539 490 ἐς
1567 443 1674 482 Δελ-

418 509 535 568 φούς
563 510 773 566 ἔπεμπον,
801 508 929 552 λύσιν
948 507 1046 552 τινά
1075 505 1352 563 αἰτησόμενοι
1378 510 1468 549 τῶν
1489 507 1672 561 παρεόν·
1686 513 1731 549 75

419 595 507 622 των
534 581 697 622 κακῶν.
729 574 849 619 Ἡδὲ
875 578 1026 631 Πυθίη
1056 576 1190 631 σφέας
1211 573 1376 617 ἐκέλευε
1404 575 1673 631 Ἀθηναίοισι

392 648 548 697 Βδίκας
575 646 746 689 διδοναι
775 643 936 695 ταύτας
964 642 1039 693 τὰς
1069 642 1124 686 ἂν
1155 641 1283 685 αὐτοὶ
1307 640 1530 698 Ἀθηναῖοι
1560 642 1677 687 δικά-

420 725 538 758 σωσι.
598 708 740 768 ἦλθόν
775 727 820 755 τε
852 711 904 768 δὴ
943 711 986 763 ές
1022 711 1099 762 τοὶς
1130 707 1318 765 Ἀθήνας
1362 711 1404 753 οἱ
1444 711 1678 767 Πελασγοὶ,

420 781 494 826 καὶ
524 781 646 830 δίκας
674 778 985 834 ἐπαγγέλλοντο
1024 777 1285 835 βουλόμενοι
1315 775 1488 821 διδόναι
1515 777 1680 830 παντὸς

381 852 404 890 4
418 851 499 892 τοῦ
543 845 820 902 ἀδικήματος.

892 844 1118 903 Ἀθηναῖοι
1163 844 1210 888 δὲ
1246 844 1293 888 ἐν
1331 849 1392 903 τῷ
1429 848 1678 903 πρυτανηΐῳ
1692 852 1736 888 80

415 918 568 972 κλίνην
597 912 864 969 στρώσαντες
893 912 952 965 ὦς
981 911 1098 969 εἶχον
1117 910 1346 966 κάλλιστα,
1367 913 1440 956 καὶ
1467 912 1681 968 τράπεζαν

417 982 620 1039 ἐπιπλέην
637 982 820 1037 ἀγαθῶν
835 981 1015 1025 πάντων
1035 978 1325 1035 παραθέντες,
1356 979 1554 1024 ἐκέλευον
1575 980 1680 1032 τούς

421 1048 681 1105 Πελασγοὺς
730 1050 809 1106 τὴν
854 1048 1001 1105 χώρην
1046 1048 1171 1102 σφίσι
1221 1046 1516 1102 παραδιδόναι
1566 1048 1680 1092 οὕτω

392 1125 411 1159 5
426 1119 622 1174 ἔχουσαν.

712 1119 756 1161 οἱ
814 1117 860 1162 δὲ
915 1114 1136 1171 Πελασγοὶ
1180 1113 1475 1171 ὑπολαβόντες
1531 1112 1682 1158 εἶπαν·

419 1183 597 1237 ,,Ἐπεοὶν
637 1183 771 1241 βορέῃ
822 1183 966 1242 ἀνέμῳ
1008 1182 1249 1240 αὐτημερὸν
1285 1186 1394 1238 νηῦς
1421 1182 1606 1240 ἐξανύσῃ
1637 1182 1684 1226 ἐκ

421 1255 524 1308 ,πῆς
565 1249 775 1309 ὑμετέρης
812 1252 855 1304 ἐς
892 1252 972 1309 τὴν
1010 1250 1239 1308 ἡμετέρην,
1289 1249 1384 1294 τότε
1425 1249 1681 1306 παραδώσο-
1695 1256 1739 1291 85

342 1329 343 1332 ’
390 1323 571 1375 6,,μεν.“
629 1323 761 1363 τοῦτο
791 1317 940 1374 εἶπαν,
970 1318 1245 1373 ἐπιστάμενοι
1273 1321 1402 1362 τοῦτο
1432 1316 1545 1361 εἶναι
1575 1316 1682 1361 ἀδύ-

418 1403 554 1430 νατον
586 1387 806 1443 γενέσθαι·
854 1385 881 1444 ἡ
911 1386 994 1444 γὰρ
1029 1384 1197 1441 Ἀττικὴ
1235 1385 1347 1440 πρὸς
1383 1384 1517 1430 νότον
1545 1385 1685 1429 κέεται

367 1851 489 1902 μναι]
523 1850 670 1888 Simssia
690 1851 804 1889 simili
815 1852 855 1888 in
876 1864 917 1888 re
936 1853 1027 1889 iun-

367 1915 509 1958 guntur
532 1909 598 1956 111,
622 1908 690 1949 65.
737 1910 836 1945 Nam
856 1909 1028 1946 itamore

367 1971 564 2015 receptum
584 1965 698 2002 fuisse
717 1964 880 2002 videtur.
902 1967 1028 2012 Quare

367 2021 511 2057 nollem
532 2020 838 2060 Hoffineister..l.
864 2022 890 2059 l.
912 2036 951 2074 p.
972 2024 1028 2063 79

367 2076 564 2114 Herodoto
605 2072 874 2125 obtrectass’et,
923 2077 1029 2131 quod

359 2132 514 2183 feminas
554 2140 590 2170 et
622 2146 748 2183 greges
777 2146 854 2170 una
882 2135 1029 2172 iunctas

366 2190 544 2239 posuerit,
574 2191 733 2226 minime
753 2188 804 2237 id,
836 2190 939 2241 quod
959 2189 1029 2227 de-

367 2246 457 2290 cuit,
479 2247 698 2296 respiciens.
741 2247 791 2282 At
812 2247 927 2282 talem
948 2247 1028 2282 ele-

367 2301 538 2351 gantIam
577 2302 757 2352 nuspiam
793 2302 928 2339 Noster
965 2315 1028 2339 se-

368 2364 505 2394 ctatur.

421 2408 564 2452 Ἐπἐἀν
575 2410 694 2467 βορέῃ
706 2433 762 2439 -
774 2411 813 2459 ἒς
833 2408 908 2463 τὴν
927 2409 1028 2463 ἦμε-

369 2466 516 2519 τέρην]
557 2470 582 2507 i.
615 2482 649 2505 e.
679 2471 712 2506 si
738 2472 836 2506 vento
866 2470 1029 2518 aquilone

371 2525 486 2562 eodem
505 2527 579 2575 ipso
593 2525 649 2562 die
664 2527 766 2562 navis
787 2538 803 2562 e
821 2529 939 2561 vestra
959 2529 1028 2562 ter-

370 2594 413 2618 ra
427 2583 463 2618 in
479 2585 632 2618 nostram
649 2583 853 2631 pervenerit.
885 2577 1028 2628 ἐξανύ-

372 2651 442 2684 ειν,
463 2645 503 2674 ut
524 2639 554 2674 V
559 2639 604 2684 11,
630 2639 707 2678 183
735 2638 919 2685 absolvere,
942 2652 1027 2675 con-

362 2694 471 2745 ficere
499 2696 594 2731 viam
620 2694 766 2744 indeque
794 2697 970 2744 pervenire
991 2697 1029 2732 in

372 2750 531 2800 aliquam
563 2753 702 2787 terram.
770 2750 854 2795 Quo
892 2750 1029 2787 eodem

371 2806 450 2843 sere
481 2806 577 2844 redit
606 2806 676 2857 νηῒ
695 2803 917 2852 κατανύσας
946 2821 1030 2857 cap.

371 2876 464 2915 seq.,
486 2870 528 2900 ut
550 2863 666 2901 eloco
687 2864 842 2914 gemino
867 2865 1029 2913 V111‚98

998 1453 1106 1498 Τότε
1144 1453 1223 1509 μὲν
1256 1457 1459 1497 τοσαῦτα.
1502 1452 1611 1496 ἔτεσι
1639 1452 1686 1496 δὲ

423 1520 563 1576 κάρτα
591 1527 791 1567 πολλοῖσι
819 1523 1006 1576 ὕστερον
1033 1521 1229 1574 τούτων,
1268 1520 1328 1573 ὣς
1357 1520 1384 1578 ἡ
1414 1520 1742 1576 Χερσόνησοςθο

418 1588 446 1645 ἡ
476 1589 522 1633 ἐν
545 1589 843 1650 Ἑλλησπόντῳ
871 1591 1040 1646 ἐγένετο
1070 1588 1150 1633 ὑπ’
1174 1587 1466 1644 Ἀθηναίοισι,
1505 1588 1688 1632 Mal-nob

422 1659 499 1713 δης
541 1655 565 1700 ὁ
604 1660 833 1714 Κίμωνος,
880 1656 1082 1715 ἐτησιέων
1127 1655 1299 1712 ἀνέμων
1345 1654 1686 1712 κατεστηκότων,

1083 1851 1329 1888 manifestum
1349 1849 1405 1888 fit.
1461 1847 1565 1888 Add.
1585 1847 1742 1888 Diodor-

1082 1909 1186 1958 XIV,
1210 1910 1304 1949 103.

1300 1963 1394 2014 Cap.
1415 1961 1532 2001 CXL.

1147 2015 1238 2060 Τότε
1277 2016 1349 2070 μὲν
1386 2018 1591 2066 τοσαῦτα]
1630 2017 1742 2055 Gonf.

1075 2075 1220 2114 'Matth.
1242 2076 1308 2112 Gr.
1330 2075 1396 2111 Gr.
1416 2087 1504 2125 pag.
1525 2076 1620 2115 871.
1649 2075 1744 2111 Mox

1085 2129 1237 2172 τούτων
1258 2130 1346 2168 dedi
1355 2143 1424 2181 pro
1433 2129 1613 2170 τουτέων.
1637 2130 1743 2176 Quae

1084 2194 1317 2240 sequlmtur:
1368 2185 1554 2237 ἐτησιέων
1581 2181 1741 2237 ἀνέμων

1083 2239 1395 2294 κατεστηκότων,
1437 2244 1570 2292 Lange
1603 2244 1741 2280 vertit:

1083 2303 1148 2338 wie
1165 2300 1298 2348 gez-mle
1329 2299 1386 2336 <lie
1409 2299 1588 2336 stc-hender·
1620 2298 1744 2336 Winde

1083 2359 1295 2405 eingetreten
1314 2367 1438 2392 waren.
1469 2357 1567 2391 Nam
1589 2354 1636 2392 de
1646 2369 1743 2393 ven-

1083 2414 1142 2460 tis,
1173 2414 1238 2464 qui
1258 2419 1361 2448 certo
1383 2410 1550 2463 quodam
1570 2419 1743 2463 tempore

1083 2470 1189 2517 flant,
1228 2481 1373 2515 serm03
1411 2469 1526 2520 quisi
1556 2469 1741 2516 obtinent,

1084 2533 1175 2563 tunc
1196 2526 1312 2562 facilis
1335 2537 1355 2560 a
1371 2526 1468 2561 mari
1479 2524 1601 2562 aditus
1621 2524 1669 2562 ad
1682 2526 1744 2561 in-

1084 2583 1220 2619 sulam.
1278 2583 1335 2618 De
1363 2582 1555 2618 locutione
1585 2582 1663 2632 ipsa
1691 2581 1740 2619 cf.

1084 2636 1306 2690 Thucydid.
1352 2639 1413 2685 vl,
1450 2640 1541 2678 103.
1622 2637 1742 2674 Paulo

1084 2696 1191 2732 aliter
1204 2693 1306 2745 apud
1317 2692 1509 2744 Aristoph.
1523 2695 1618 2730 Rau.
1636 2695 1742 2734 1003

1085 2753 1243 2800 πνεῦμα
1262 2754 1368 2790 λεῖον
1389 2748 1456 2789 καὶ
1475 2746 1743 2799 καθεστηκός;

1085 2807 1190 2859 quod
1234 2808 1393 2844 illustrat
1423 2806 1650 2843 Stallbaum.
1692 2804 1740 2843 ad

1086 2865 1236 2902 Platon.
1258 2862 1406 2901 Phileb.
1425 2875 1513 2914 pag.
1538 2865 1629 2904 163.
