1897 3340
89 301 327 339 statn0,1mpe

89 333 177 395 {iiiiii
173 344 225 397 1¹:1¹⁰?
225 344 279 397 dii:
283 344 357 405 ”¹1:⁸11

87 402 228 431 eia—6⁴3³.
234 405 263 439 ]:

116 471 152 498 ab
163 471 192 498 la
216 471 259 499 Ee·
264 471 337 500 tioui

89 505 181 532 nubit.

230 2808 238 2825 1

419 184 501 224 174
812 183 1269 220 llERODOTl

420 293 586 337 ,θίοισι
615 292 694 347 γὰρ
724 289 779 346 ἦν
811 290 960 339 πόλιος
1000 288 1258 341 κατάστασις
1293 292 1448 347 τοιήδε.
1489 286 1545 347 ἦν
1575 290 1671 336 ὀλι-

419 361 622 415 ,,γαρχίη,
664 359 737 402 καὶ
788 355 913 400 οὗτοι
942 356 1182 411 Βακχιάδαι
1227 358 1480 414 καλεόμενοι
1519 359 1672 414 ἔνεμον

89 445 213 497 ιιιιιοτιιηι
247 413 362 466 laniiliu
427 442 530 482 „¹th
571 424 719 469 πόλιν·
759 425 960 468 ἐόίὸθσαν
998 423 1044 467 δὲ
1081 425 1155 467 καὶ
1190 424 1350 480 ἤγοντο
1393 426 1435 478 ἐξ
1466 424 1672 482 ἆλληλων·

360 584 595 632 κατάστασις
618 580 780 634 τοιήδε]
814 584 918 628 Quae
940 584 1016 620 inm

361 645 529 694 sequitur
561 644 746 686 narratio,
781 653 866 676 eam
888 653 936 675 ex
956 642 1018 675 iu-

361 702 454 736 tinio
482 700 668 748 scriptoris
690 698 818 733 animo
854 695 1018 748 odioque

361 758 397 791 in
439 763 616 806 tymnnos
655 756 784 789 innato
829 754 1018 804 simulque

362 814 475 848 etiam
497 825 516 846 e
548 809 671 847 studio
694 807 883 856 Corinthi,
918 810 1018 846 urbis

361 868 629 904 celeberrimae
690 864 1014 902 concelebrandae

364 926 512 960 lluxisse
543 921 709 960 credam.
779 922 888 958 Conf.
917 929 1013 960 nott.

362 980 410 1017 ud
429 982 456 1027 Ι,
476 983 526 1021 23
539 986 574 1016 et
595 978 641 1015 de
653 979 813 1030 Cypselo
829 977 1017 1015 Bacchia-

361 1037 425 1073 ‹las
446 1037 609 1087 pellente
629 1036 817 1073 Aristotel.
836 1035 948 1071 Polit.
970 1035 1014 1082 V,

361 1096 385 1131 9
415 1095 450 1138 §.
491 1095 557 1133 22.
617 1093 689 1137 Qui
717 1092 898 1142 Cypselus
938 1103 1014 1142 quo

359 1148 476 1185 modo
506 1161 667 1197 regnum
688 1148 756 1185 sibi
778 1149 1017 1198 compararit,

360 1218 382 1241 a
422 1205 651 1256 quibusnam
701 1204 850 1241 adiutus
889 1204 1013 1250 suerit,

359 1262 516 1312 exponit
556 1262 598 1298 C.
630 1262 674 1299 0.
700 1262 847 1299 Mulier.
877 1262 970 1298 Dor.
998 1262 1016 1296 1

358 1330 444 1368 pag.
471 1316 564 1357 165.

414 1372 482 1412 καὶ
498 1368 616 1443 ὀὗτοι
634 1369 851 1424 Βακχιαδαι
877 1367 1012 1412 καλεό-

359 1445 471 1486 μενοι
495 1428 634 1480 ἔνεμον
658 1444 732 1480 την
744 1427 890 1477 πόλιν]
921 1430 1013 1466 Post

360 1487 470 1525 οὑτοι
512 1487 715 1523 articulum
755 1485 796 1524 οἷ
828 1486 1012 1522 insertum

358 1543 439 1579 vult
462 1541 643 1580 Valcken.
676 1543 758 1588 „At
774 1542 906 1590 (verba
926 1548 1014 1578 sunt

360 1599 808 1666 δοΙιωεὶςΙιαεῒιιεενί
826 1596 934 1635 adh.
966 1594 1010 1650 l.)

357 1656 457 1692 bene
493 1653 607 1691 habet
645 1655 754 1693 οὑτοι
797 1649 1013 1704 Βακχιάδαι

357 1724 436 1748 non
455 1712 597 1747 inseito
610 1724 651 1747 ai
654 1711 787 1757 uculo
817 1723 933 1762 quem
953 1711 1015 1746 in-

358 1775 523 1804 serturus
535 1768 687 1804 tortasse
697 1766 911 1804 Herodotus
923 1773 1012 1813 erat,

357 1826 387 1861 si
414 1822 715 1860 Bacchiadarum
743 1825 821 1859 iam
848 1830 934 1859 aute
954 1822 1015 1859 fa-

357 1888 417 1917 cta
439 1887 533 1917 esset
555 1881 711 1916 mentio.
768 1882 877 1917 Nunc
898 1879 1012 1915 verba

358 1933 576 1987 Βακχιάδαι
591 1932 818 1985 καλεόμενοι
848 1936 952 1972 velut
971 1936 1011 1972 in

358 1992 572 2044 parenthesi
600 1994 720 2043 posita
753 1992 913 2042 intelligi
942 1991 1012 2028 de-

359 2051 470 2095 bent·
507 2056 544 2086 et
594 2048 797 2086 commode
825 2050 877 2085 sic
897 2047 1012 2084 incidi

358 2113 504 2156 poteiut
523 2106 662 2142 oratio:
685 2104 749 2143 καὶ
763 2105 884 2152 οὑτοι,
907 2107 1012 2142 Βακ-

358 2157 492 2212 χιαδαι
514 2158 756 2211 καλεόμενοι,
780 2160 819 2200 εἰ
825 2175 918 2210 εμον
940 2176 1011 2211 την

358 2215 488 2257 πόλιι.
499 2240 538 2245 —
560 2233 670 2257 ουτοι
684 2231 783 2264 veio
797 2230 844 2253 ex
856 2230 1012 2267 praece-

358 2273 532 2312 dentibus
564 2275 686 2311 veihis
717 2289 768 2322 ην
800 2270 1015 2325 ὀλιγαρχία,

357 2332 620 2381 intelliguntur
641 2330 682 2369 οἱ
700 2326 935 2381 &Myorpxotfl
956 2331 1013 2366 De

358 2388 550 2424 locutione.
590 2386 724 2437 νέμειν
768 2401 841 2435 την
895 2382 1012 2424 πόλιν

357 2444 459 2482 conf.
482 2444 526 2491 V,
547 2445 612 2484 29.
672 2443 773 2487 Quos
799 2441 1012 2479 Herodotus

358 2499 454 2537 dixit
473 2495 709 2550 Βακχιαόας,
729 2498 910 2546 Diodoro,
932 2500 1011 2536 aliis

356 2563 444 2594 sunt
453 2556 641 2606 Βακχίδαι
652 2568 662 2592 ε
684 2562 889 2606 utrumque
901 2556 1009 2602 bene,

357 2619 399 2650 ut
419 2619 502 2664 post
528 2613 759 2662 Wesseling.
786 2612 834 2648 ad
852 2611 1009 2648 Diodor.

358 2671 382 2706 l.
407 2672 432 2707 l.
464 2671 630 2721 aliosque
665 2670 811 2704 monuit
851 2668 1009 2705 Siebelis

358 2725 407 2763 ad
436 2727 598 2763 Pausan.
630 2726 677 2769 11,
708 2723 745 2771 4,
776 2724 800 2762 4
822 2731 857 2760 et
878 2725 921 2769 V,
949 2727 1008 2768 17,

356 2787 397 2824 2.
457 2783 556 2829 Quin
588 2782 707 2819 Mileti
741 2793 893 2832 quoque
913 2779 1008 2817 Bac-

1074 583 1280 622 cla'adarum
1309 592 1464 636 gentem
1484 586 1596 623 fuisse
1615 592 1729 624 testa-

1073 647 1135 676 tur
1166 640 1331 692 Hesych.
1360 655 1390 678 s.
1410 657 1447 680 v.
1469 645 1518 679 T.
1538 645 1555 678 1
1585 656 1623 693 p.
1647 645 1723 684 681

1073 697 1160 733 coll.
1181 696 1453 736 Wachsmuth.
1483 700 1633 735 Hellen.
1656 700 1729 735 Al-

1074 751 1302 790 terthumsk.
1330 755 1362 801 1,
1399 758 1418 794 1
1449 768 1487 806 p.
1520 757 1610 796 150.
1651 756 1728 792 Co-

1074 807 1190 845 rinthi
1218 811 1418 862 quotannis
1449 823 1470 846 e
1505 809 1727 848 Bacchiadis

1069 867 1262 916 prytanim
1279 866 1425 902 lectum
1443 867 1556 904 fuisse
1576 869 1727 918 accepi-

1069 934 1175 970 mus,
1206 923 1272 974 qui
1291 924 1388 972 regis
1416 922 1494 958 fere
1519 924 1648 960 locum
1667 930 1728 960 te-

1069 985 1197 1015 neret:
1227 977 1331 1016 unde
1355 991 1450 1015 mox
1478 980 1518 1015 in
1539 980 1727 1030 Apollinis

1078 1035 1230 1071 oraculo
1242 1034 1419 1072 dicuntur
1435 1031 1666 1087 μούναρχοι,
1686 1043 1730 1073 ut

1073 1092 1138 1142 qui
1157 1092 1347 1128 civitatem
1357 1098 1451 1128 stato
1464 1098 1643 1144 certoque
1658 1093 1728 1129 soli

1071 1146 1337 1184 administrent
1373 1155 1558 1199 tempore.
1615 1148 1728 1186 Conf.

1072 1204 1237 1240 Pausan.
1258 1206 1305 1251 11,
1327 1202 1352 1242 4
1378 1204 1465 1249 §.4.
1484 1203 1641 1241 Diodor.
1662 1200 1727 1242 Siss

1073 1261 1148 1297 cul.
1178 1261 1262 1296 Lib.
1294 1260 1363 1297 VII
1392 1258 1467 1311 (T.
1495 1261 1531 1296 11
1566 1274 1606 1311 p.
1644 1261 1726 1303 635

1071 1317 1198 1353 Wess.
1229 1317 1280 1353 T.
1308 1316 1360 1353 IV
1390 1329 1428 1367 p.
1462 1315 1527 1355 14.
1563 1315 1629 1357 15.
1660 1315 1722 1353 ed.

1071 1373 1175 1423 Bip.)
1195 1374 1295 1409 Nam
1304 1374 1430 1422 regiae
1439 1371 1727 1409 Heraclidarum

1068 1431 1191 1480 stirpis
1206 1429 1318 1466 fuisse
1341 1429 1518 1466 dicuntur
1538 1428 1727 1466 Bacchia-

1071 1485 1153 1533 dae,
1173 1498 1193 1521 a
1212 1484 1364 1522 Baccho
1377 1515 1387 1532 ,
1417 1487 1484 1537 qui
1504 1498 1602 1522 unus
1613 1486 1684 1522 fuit
1705 1499 1726 1522 e

1068 1543 1222 1592 posteris
1240 1554 1283 1578 ac
1304 1542 1577 1579 successoribus
1594 1542 1726 1578 Aletae

1069 1597 1291 1634 Heraclidae
1311 1600 1446 1649 (quem
1459 1598 1626 1648 primum
1638 1611 1726 1634 nar-

1070 1661 1155 1691 rant
1184 1653 1409 1691 Corinthum
1440 1667 1643 1704 occupasse
1662 1667 1723 1690 re·—

1069 1723 1268 1762 gnumque
1310 1710 1548 1758 condidisse)
1605 1723 1726 1760 genus

1070 1767 1272 1813 ducentes,
1320 1774 1413 1803 teste
1453 1765 1620 1803 Diodoro
1650 1767 1676 1803 l.
1697 1767 1724 1804 l.

1067 1822 1169 1860 Add.
1198 1823 1240 1860 C.
1263 1824 1306 1860 Ο.
1328 1824 1476 1859 Mtiller.
1496 1823 1617 1859 Dor.I
1634 1836 1722 1874 pag.

1067 1881 1135 1921 87.
1164 1880 1221 1915 Ac
1241 1874 1466 1929 μούναρχος
1487 1886 1524 1916 et
1546 1894 1724 1930 μουναρ-

1068 1937 1158 1986 χιήν
1180 1936 1393 1986 promiscue
1414 1935 1488 1972 dici
1515 1942 1628 1987 atque
1647 1932 1722 1974 τύ-

1068 2007 1230 2043 ραννον,
1261 1993 1489 2043 τυραννίδα,
1520 2004 1724 2029 common-

1067 2055 1158 2085 strat
1188 2048 1370 2085 Herodoti
1400 2050 1504 2085 locus
1525 2049 1606 2097 VII,
1629 2049 1722 2090 154.

1072 2105 1168 2145 165.
1182 2103 1284 2141 Add.
1306 2106 1350 2152 V,
1371 2107 1418 2146 61
1445 2112 1480 2142 et
1501 2103 1720 2154 Tneognid.

1068 2163 1148 2201 716
1171 2163 1274 2210 (52),
1305 2162 1370 2198 ubi
1390 2174 1466 2197 non
1488 2161 1586 2211 fugit
1606 2161 1722 2198 wel-

1068 2215 1172 2254 cker.
1203 2218 1335 2254 Solon.
1366 2218 1503 2268 fragm.
1524 2218 1661 2264 XVIII,
1682 2220 1721 2259 5.

1126 2272 1309 2313 ἐδίδοσαν
1338 2272 1381 2313 δὲ
1411 2273 1479 2314 καὶ
1497 2271 1662 2326 ἤγοντο]
1693 2275 1718 2310 i.

1069 2342 1102 2366 e.
1124 2334 1247 2368 mutua
1265 2332 1356 2368 inter
1375 2331 1530 2381 sefacere
1539 2332 1720 2368 matrimu-

1066 2388 1140 2423 m'a.
1198 2388 1297 2423 Nam
1317 2383 1470 2427 διδόναι
1498 2385 1545 2425 de.
1566 2399 1610 2423 eo
1632 2384 1719 2433 dici,

1067 2443 1132 2492 qui
1169 2442 1285 2479 filiam
1314 2457 1423 2480 suam
1444 2442 1516 2480 dat
1542 2448 1720 2493 nuptum,

1067 2496 1247 2549 ἄγεσθαι,
1269 2501 1392 2552 quiex
1403 2500 1474 2536 alia
1494 2498 1609 2536 domo
1620 2511 1721 2535 uxo-

1065 2568 1144 2590 rein
1167 2557 1252 2604 (sibi
1273 2563 1477 2594 assumtam
1496 2557 1534 2591 in
1560 2554 1720 2592 domum

1065 2613 1200 2661 suam)
1238 2612 1358 2659 ducit,
1394 2613 1480 2650 satis
1510 2613 1720 2661 cognitum.

1066 2666 1150 2704 Vid.
1172 2676 1266 2705 nott.
1293 2668 1342 2705 ad
1361 2670 1414 2712 11,
1435 2668 1500 2708 47.
1533 2666 1717 2705 Valcken.

1067 2725 1154 2760 citat
1174 2724 1394 2776 Thucydid.
1414 2725 1514 2772 vlu,
1530 2727 1597 2765 21.
1618 2724 1715 2761 Plat-

1066 2782 1184 2829 Legg.
1207 2782 1350 2831 leag.
1373 2784 1446 2822 771
1473 2782 1532 2828 E„
1553 2793 1630 2833 quo
1648 2793 1717 2816 eo-
