1897 3340
403 265 487 305 540
800 263 1264 302 HERODOTI

277 376 342 421 61
497 372 551 416 Οἱ
588 371 634 416 δὲ
679 371 1032 430 στρατευόμενοι,
1075 373 1166 416 οἵδε
1195 366 1322 428 ἦσαν.
1382 374 1549 425 Πέρσαι
1578 372 1672 427 μὲν,

65 439 299 480 ¹³¹⁰⁸¹¹¹ss¹¹¹²¹⁹
403 434 489 485 ὧδε
535 439 868 496 ἐσκευασμένοι·
927 442 1028 495 περὶ
1072 441 1152 497 μὲν
1180 443 1279 498 τῇσι
1307 443 1526 496 κεφαλῇσι
1555 438 1673 496 εἶχον

67 475 220 509 nationes,
233 474 345 513 quibub

66 509 204 537 ⁰⁰¹¹³¹¹¹¹¹
226 484 345 536 ⁶¹0¹05·
401 506 553 563 τιάρας
593 507 906 564 καλεομένους,
951 510 1108 561 πίλους
1151 507 1364 564 ἀπαγέας·
1404 508 1502 562 περὶ
1543 507 1590 551 δὲ
1625 506 1728 552 τό95

66 546 116 571 tus
136 550 303 578 earumque

67 580 218 611 ornatum,
246 583 330 603 arma

67 619 105 640 ac
129 599 219 638 duces
245 609 343 637 Hero-

68 645 158 674 dotus
184 646 331 673 accurate

564 683 656 734 Cap.
677 682 781 719 LXI.

402 764 484 804 οἵδε
517 756 649 813 ἦσαν]
689 754 796 810 ἦσαν
827 772 916 797 cum
943 773 1007 797 re-

345 827 459 859 centt.
489 817 578 856 edd.
608 818 761 868 reposui
790 830 859 867 pro
901 815 1005 857 ἔσαν.

344 879 439 915 Mox
457 877 592 922 Noster
611 874 757 925 scripsit
785 888 815 912 π
828 888 878 924 ερ
893 889 906 912 ι
935 871 1008 924 μὲν

344 946 436 988 τῃσι
452 933 673 985 κεφαλῇσι,
703 929 1008 978 utx11,63.54.

344 994 413 1032 77.
441 992 511 1030 78
537 990 606 1029 79.
639 988 705 1028 89-
735 988 802 1027 91
833 989 900 1027 92.
956 987 1009 1023 At

347 1046 431 1087 ἐπὶ
460 1051 641 1096 sequente
663 1042 788 1080 dativo
811 1041 947 1079 eadem
970 1044 1010 1079 in

347 1117 389 1140 re
416 1103 463 1150 V,
483 1101 551 1142 49.
572 1102 653 1149 Vll,
675 1103 742 1141 70.
765 1102 832 1140 72.
853 1098 919 1140 74.
941 1101 1010 1141 76.

348 1162 418 1201 79.
439 1157 506 1201 84.
527 1160 594 1198 92.

406 1243 512 1299 εἶχον
552 1241 694 1295 τιάρας
739 1242 1012 1296 καλεομένους,

332 1323 335 1328 ·
348 1305 490 1351 πίλους
503 1299 697 1353 ἅπαγὲας]
729 1301 866 1353 τιάρας
878 1303 1013 1338 Noster

349 1362 445 1400 dixit
455 1361 663 1398 masculino
676 1371 920 1410 genere,cu1n
931 1359 1014 1395 vnl-

348 1432 399 1471 go
414 1419 558 1456 dicatur
572 1415 597 1466 ἦ
610 1413 739 1467 τιάρα.
760 1415 844 1452 Vid.
855 1422 950 1453 nott.
964 1413 1012 1451 ad

348 1478 379 1523 Ι,
405 1479 484 1517 132
495 1482 531 1512 et
552 1473 640 1511 add.
655 1471 820 1510 Fischer.
837 1471 885 1508 ad
898 1472 1012 1509 Wel-

347 1533 415 1571 ler.
433 1534 468 1569 11
488 1545 576 1583 pag.
605 1533 683 1571 173
705 1543 784 1581 seq.
832 1530 900 1565 Est
919 1540 1009 1565 vero

348 1590 436 1627 satis
456 1595 592 1625 notum
617 1584 682 1638 (cf.
696 1593 791 1623 nott.
813 1584 861 1622 ad
871 1586 899 1631 Ι,
918 1587 1010 1625 132.

347 1647 414 1694 ΙΙΙ,
448 1646 542 1693 12),
563 1640 706 1695 τιάραν
738 1642 812 1679 dici
841 1642 1011 1678 solemne

350 1700 454 1754 apud
482 1703 615 1738 Persas
643 1705 913 1749 tegumentum
944 1709 1012 1734 ca-

347 1760 453 1811 pitis,
489 1758 600 1809 quale
629 1754 745 1793 hodie
779 1755 856 1791 sere
878 1754 1012 1805 appel-

350 1818 430 1854 lant
454 1814 477 1852 '1
481 1814 611 1853 Qurban
641 1814 721 1849 Nec
742 1810 910 1849 diversae
921 1809 1011 1847 inde

352 1873 396 1912 αἴ
421 1870 654 1922 κυρβασίαι,
699 1882 796 1921 quae
825 1881 938 1920 supra
966 1868 1011 1914 V,

350 1929 403 1970 49
425 1929 642 1965 tribuuntur
661 1926 796 1965 Persis.
841 1924 920 1963 Sed
936 1922 1012 1960 hu·-

350 1987 407 2022 ius
443 1985 533 2035 pilei
562 1996 652 2020 cum
671 1983 775 2021 varia
803 1982 913 2020 variis
942 1993 1011 2032 pro

353 2041 546 2079 ordinibus
575 2046 697 2077 essent
717 2052 871 2090 genera,
914 2039 1013 2076 bene

352 2101 487 2135 Noster
522 2095 626 2134 addit
656 2097 797 2143 πίλους
827 2091 1012 2148 ἀπαγέας,

350 2155 377 2192 i.
399 2168 432 2193 e.
451 2154 560 2204 pileos
586 2155 771 2201 incurvos,
792 2165 871 2189 non
892 2158 1013 2188 rectos

352 2210 501 2262 (quales
521 2211 705 2245 nimirum
724 2210 793 2246 soli
812 2210 1015 2245 Persarum

352 2279 460 2316 reges
501 2264 752 2315 gestabant),
811 2266 1015 2314 interprete

353 2323 540 2361 Salmasio
572 2320 621 2358 ad
651 2321 772 2358 Solin.
800 2333 889 2371 pag.
919 2321 1015 2359 392.

354 2379 568 2417 Gronovius
588 2383 813 2427 exposuerat
837 2376 932 2426 pilea
950 2388 1016 2412 non

353 2435 513 2481 densata,
535 2433 719 2484 probante
744 2432 1015 2482 VVesselingio,

356 2505 444 2529 cum
475 2486 632 2542 ἄπαγής
660 2490 847 2540 exprimat
878 2490 1017 2525 minime

354 2550 566 2598 compactum
607 2553 721 2598 atque
760 2546 820 2583 vel
844 2543 892 2581 ad
926 2545 1015 2582 alias

355 2618 412 2642 res
423 2603 571 2656 quasvis
579 2603 704 2639 minus
721 2602 846 2638 sirmas
859 2608 894 2638 et
907 2613 1017 2638 com-

355 2668 484 2713 pactas
512 2672 623 2696 sensu
653 2660 785 2695 tralato
821 2657 1015 2704 reseratur,

355 2724 399 2755 ut
429 2715 531 2768 apud
550 2716 707 2765 Gregor.
728 2716 819 2751 Naz.
842 2714 964 2751 stelit.
980 2715 1016 2750 11

356 2789 398 2826 p.
420 2775 498 2814 119
519 2773 565 2809 A.
596 2779 632 2808 et
670 2774 746 2811 122
776 2772 823 2807 A.
852 2772 1014 2821 Diogen.

358 2829 584 2876 Laert.V11‚
612 2830 648 2868 1.
686 2827 791 2864 Valla
803 2826 1017 2864 reddiderat

357 2887 463 2938 pileos
488 2884 762 2938 impenetrabiles
781 2884 820 2920 iu
839 2882 1016 2921 eandem-

1063 696 1138 735 que
1159 684 1384 721 sententiam
1404 685 1564 720 Portus:
1581 682 1692 733 pileos
1711 694 1728 718 e

1062 740 1177 778 solida
1187 742 1515 791 materiafirma(lzte
1524 741 1728 789 compactos,

1064 798 1127 847 qui
1160 797 1236 833 ideo
1270 811 1339 834 non
1361 796 1475 847 faczle
1500 795 1635 846 frangi
1664 797 1729 841 aut

1058 855 1431 919 pe32etrczripolera11t3
1472 865 1593 905 quum
1625 847 1730 890 ἅπα-

1065 925 1139 961 ρης
1188 908 1364 947 deveniat
1404 923 1426 946 a
1472 910 1590 946 verbo
1645 904 1728 959 ἄγω

1067 965 1273 1016 (frango)
1324 967 1536 1017 praeposita
1593 963 1730 1002 vocuh

1069 1018 1164 1068 circo,
1179 1023 1240 1059 vel
1262 1035 1283 1058 a
1300 1036 1367 1059 Vel
1371 1023 1417 1059 bo
1437 1019 1619 1073 πήγνυμι
1639 1033 1729 1057 cum

1067 1077 1181 1128 alpha
1219 1079 1431 1126 intensivo,
1481 1085 1523 1114 ut
1573 1073 1730 1128 ἆπαγης

1065 1135 1170 1172 idem
1209 1135 1288 1172 fere
1322 1137 1369 1173 sit
1396 1141 1509 1187 atque
1540 1130 1729 1186 εὖπαγης,
1781 1163 1786 1169 .

1069 1191 1173 1244 quod
1211 1193 1337 1242 ipsum
1380 1190 1443 1229 hic
1482 1192 1616 1241 reponi
1648 1190 1730 1228 vult

1067 1247 1280 1286 Larcherus
1329 1250 1580 1299 interpretans
1630 1246 1730 1295 „dee

1070 1306 1211 1343 bonnets
1240 1305 1324 1342 d’un
1346 1305 1468 1356 seutre
1498 1306 1671 1354 compacte
1696 1306 1731 1340 et

1070 1364 1147 1399 bien
1180 1363 1314 1399 serre'.“
1371 1363 1539 1398 Brisson.
1560 1362 1618 1396 De
1646 1372 1726 1410 reg.

1068 1420 1173 1458 Pers.
1202 1420 1363 1470 princip.
1396 1420 1426 1466 1,
1460 1418 1512 1458 49
1552 1417 1729 1467 intelligit

1068 1478 1194 1524 tiaras,
1225 1488 1313 1525 quae
1327 1475 1415 1525 pt'lei
1432 1487 1475 1511 ex
1495 1475 1625 1524 pannis
1635 1486 1729 1511 com-

1055 1533 1412 1584 .pactivocc1bantur‚·
1431 1532 1608 1581 Mongez.
1627 1528 1728 1578 (Μέ-

1066 1590 1177 1626 moir.
1199 1588 1246 1625 de
1267 1590 1412 1625 l’Instit.
1433 1588 1532 1638 [Vp.
1545 1586 1613 1627 45.
1631 1586 1748 1634 51)2’

1067 1646 1204 1682 bonnets
1226 1645 1268 1682 de
1289 1645 1385 1682 laine
1401 1657 1467 1681 non
1486 1643 1609 1695 foule'e
1625 1642 1729 1693 qu'ils

1067 1702 1240 1752 appellent
1260 1703 1371 1749 liare,
1400 1701 1500 1752 faits
1517 1713 1557 1737 en
1560 1699 1678 1750 forme
1687 1698 1728 1736 de

1068 1762 1158 1805 tour,
1169 1759 1320 1808 πίλημα
1338 1753 1559 1808 πυργωτόν,
1575 1762 1616 1793 ut
1626 1753 1728 1806 apud

1068 1816 1311 1852 Strabonem.
1398 1812 1590 1865 Equidem
1639 1823 1729 1849 cum

1067 1872 1324 1922 VVesselingio
1341 1877 1377 1906 et
1388 1867 1730 1920 Schweighaeuse-

1068 1941 1110 1966 ro
1138 1929 1271 1965 malim
1296 1928 1507 1978 intelligere
1534 1925 1644 1977 pileos
1664 1937 1730 1962 non

1069 1989 1282 2036 compactos,
1311 1998 1377 2021 uon
1394 1986 1548 2033 rigentes
1563 1980 1730 2034 indeque

1067 2055 1148 2079 non
1186 2041 1288 2078 recl-1
1314 2048 1454 2078 stantes
1483 2046 1521 2076 et
1548 2039 1589 2075 in
1609 2039 1730 2075 altum

1070 2105 1234 2146 erectos,
1283 2098 1412 2150 quales
1452 2096 1538 2133 solis
1576 2095 1729 2145 regibus

1070 2156 1169 2192 ferre
1190 2155 1315 2200 licuit,
1337 2152 1403 2190 sed
1424 2158 1596 2189 curvatos
1617 2149 1730 2188 inde-

1071 2224 1147 2263 que
1166 2211 1204 2247 in
1225 2211 1388 2246 frontem
1411 2209 1668 2259 prolabentes,
1687 2214 1731 2246 ut

1069 2268 1109 2303 in
1131 2265 1260 2304 schol.
1282 2265 1330 2302 ad
1350 2263 1543 2315 Aristoph.
1557 2265 1629 2301 Av.
1646 2263 1730 2305 487

1070 2324 1232 2373 legitur:
1288 2325 1395 2361 Πᾶσι
1413 2320 1615 2390 ΙΙέρσΗαις
1637 2319 1731 2371 ἐξῆν

1070 2395 1145 2430 την
1156 2375 1296 2443 τιάραν
1309 2381 1451 2429 φορεῖν
1464 2373 1544 2416 ἄλλ’
1565 2372 1640 2417 οὐκ
1662 2392 1731 2427 ορ-

1071 2432 1168 2486 θήυ·
1191 2433 1311 2486 μόνοι
1304 2433 1366 2475 δὲ
1388 2451 1426 2474 οι
1417 2434 1608 2486 ’Περσῶν
1619 2435 1730 2484 βασι-

1071 2495 1150 2539 λεῖς
1169 2492 1339 2544 ἕχρωντο
1350 2513 1402 2519 -
1414 2494 1496 2537 τοῖς
1516 2488 1587 2541 μὲν
1600 2487 1732 2536 ἄλλοις

1074 2547 1168 2596 ἔθος
1208 2547 1275 2587 καὶ
1307 2546 1636 2600 ἒπτυγμένην
1664 2544 1732 2585 καὶ

1072 2602 1478 2656 προβάλλουσαν
1500 2602 1550 2650 ἐς
1575 2600 1627 2642 τό
1653 2600 1731 2652 μέ·

1073 2677 1093 2700 τ
1107 2677 1136 2700 ω
1149 2677 1178 2700 π
1191 2677 1211 2701 ο
1223 2678 1246 2700 ν
1270 2660 1382 2712 ἔχειν.
1401 2662 1480 2697 Nec
1500 2660 1608 2697 aliter
1618 2659 1732 2695 intel-

1072 2719 1208 2756 lexisse
1227 2717 1339 2755 video
1360 2714 1540 2754 Gataker.
1554 2714 1729 2755 Adverss.

1073 2776 1230 2812 Miscell.
1258 2771 1388 2812 Postb.
1417 2786 1499 2823 cap.
1534 2771 1587 2813 24
1617 2773 1733 2809 tiaras

1075 2833 1141 2884 qui
1160 2833 1425 2887 interpretatur
1445 2831 1481 2866 in
1501 2831 1642 2866 acutum
1654 2828 1733 2878 qui-

1077 2889 1151 2927 dem
1178 2889 1366 2928 desinentes
1379 2915 1389 2935 ‚
1421 2898 1493 2923 nec
1507 2897 1597 2923 vero
1618 2887 1732 2922 rectas
