1897 3340
463 184 1116 224 TERPSICIIORE.
1179 185 1221 221 V.

1418 188 1472 226 45

215 297 414 350 εὑρόντες
467 294 679 344 τούτους,
725 291 785 343 ὦς
836 291 1015 347 τάχιστα
1058 291 1300 348 κατέβησαν
1343 293 1385 343 ἐς
1423 293 1470 335 τό

214 364 346 413 ἄστυ,
397 361 522 416 ἁλίην
561 359 878 416 ποιησάμενοι,
920 359 1130 410 ἀπέδεξαν
1167 358 1352 411 τούτους
1392 361 1499 415 μὲν1

213 433 294 489 τήν
322 431 452 474 πόλιν
481 428 649 483 νέμειν,
680 432 769 471 τῶν
797 423 930 482 εὗρον
957 427 1062 478 τούς
1091 425 1257 483 α’γρούς
1287 425 1340 471 εὖ
1365 429 1474 481 ἐξερ-

212 499 477 556 γασμένους·
522 497 690 539 δοκέειν
718 496 804 551 γάρ
835 496 1003 552 ἔφασαν
1032 496 1106 539 καὶ
1133 500 1222 539 τῶν
1251 498 1474 552 δημοσίων

185 566 332 609 4οῧτω
376 562 430 618 δή
472 575 609 619 σφεας
647 563 980 621 ἐπιμελήσεσθαι
1020 563 1162 618 ὥσπερ
1202 567 1291 607 τῶν
1330 563 1475 620 σφετέ-

213 649 313 686 ρων.

157 1228 277 1267 aeque
298 1215 344 1251 de
364 1216 481 1263 urbe,
512 1216 665 1262 incolis,
687 1216 814 1266 regio-

156 1286 205 1308 ne
226 1271 398 1323 adeoque
419 1273 570 1308 familiis
592 1272 665 1308 dici
686 1280 816 1309 osten-

158 1327 224 1366 dit.
283 1330 340 1365 Cf.
370 1328 511 1365 Herod.
533 1329 613 1375 VII,
645 1328 711 1368 56.
759 1330 817 1365 De

160 1385 282 1421 forma
309 1380 582 1437 οἷπεγραφέατο
604 1385 652 1422 cf.
681 1383 818 1422 Matth.

161 1443 227 1478 Gr.
251 1442 316 1478 Gr.
337 1455 424 1493 pag.
445 1444 541 1482 379.
580 1443 710 1492 Ipsum
730 1455 818 1477 ver-

160 1499 254 1535 bum
280 1498 452 1534 medium
481 1499 615 1534 malim
637 1497 818 1549 equidem

161 1556 212 1591 ita
241 1554 423 1591 reddere:
465 1567 579 1591 eorum
612 1557 751 1591 nomina
778 1556 818 1591 in

161 1611 302 1649 tabulas
331 1611 517 1662 ‘referenda
557 1613 630 1647 sive
663 1613 818 1661 perscri-

165 1668 280 1705 benda
291 1671 476 1715 curarunt,
496 1681 564 1718 per
575 1669 713 1705 scribas
723 1669 817 1715 scil.,

163 1726 228 1776 qui
264 1727 364 1776 ipsos
413 1725 681 1777 sequebantur.
760 1724 819 1762 Cs.

160 1782 242 1828 VII,
265 1785 357 1823 100.

218 1836 372 1890 ἁλίην
419 1834 818 1888 ποιησάμενοι]

161 1893 307 1932 Eadem
340 1897 481 1932 locutio
510 1897 539 1942 1,
564 1894 655 1935 125.
685 1895 730 1941 V,
752 1896 818 1934 79.

161 1953 242 1999 VII,
275 1952 366 1994 134.
434 1951 546 1989 Unde
578 1953 666 1988 satis
703 1957 818 2002 patet,

163 2006 294 2059 ἁλίην,
318 2022 416 2061 quae
435 2022 512 2045 vox
531 2009 724 2059 sigillatim
744 2021 820 2058 pu-

162 2066 277 2103 blicas
323 2068 472 2103 Dorum
518 2067 558 2101 iu
607 2066 819 2102 civitatibus

163 2123 363 2159 conciones
383 2121 525 2159 indicat
555 2135 677 2174 eoque
708 2134 821 2158 sensu

162 2180 204 2215 in
232 2180 392 2230 publicis
420 2181 509 2216 actis
538 2180 723 2230 reperitur
751 2178 821 2215 de—

166 2238 321 2273 cretisve
335 2266 344 2283 ‚
375 2235 477 2287 apud
504 2235 743 2273 Herodotum
762 2236 821 2272 la-

165 2294 239 2329 tius
272 2292 345 2330 dici
384 2292 431 2330 de
464 2294 594 2345 quavis
635 2294 821 2341 concione

165 2348 344 2401 idemque
361 2350 440 2386 fere
457 2363 534 2387 esse
555 2357 668 2401 atque
689 2349 823 2399 ἐκκλη-

169 2406 271 2445 σίαν.
347 2408 496 2443 Monuit
542 2406 709 2443 Grashof
752 2408 792 2442 in
809 2421 819 2441 .·

169 2461 455 2513 Schulzeitung.
480 2465 587 2504 1832
604 2477 662 2500 nr.
687 2466 764 2504 119
785 2477 823 2513 p.

171 2518 264 2559 957.
315 2519 382 2558 Cr.
423 2518 571 2557 confert
608 2521 644 2556 T
646 2521 824 2556 ittmanu.

170 2575 342 2612 Darstell.
375 2575 412 2613 d.
434 2574 587 2613 Griech.
610 2577 825 2614 Staatsver-

173 2629 256 2668 fass.
277 2646 314 2682 p.
335 2632 416 2673 215
447 2631 534 2669 add.
564 2631 704 2670 Athen.
735 2635 827 2669 XIII

174 2698 211 2735 p.
225 2686 300 2727 561
324 2702 361 2739 p.
372 2691 425 2729 27
447 2688 665 2740 Schweigh.
683 2686 826 2729 Ῥόδιοι

176 2739 218 2778 δὲ
239 2744 424 2795 (τιμαῖσι)
456 2742 502 2783 τοὶ
521 2742 659 2784 ‘'Al-em
690 2747 824 2797 (vulgo

167 2794 298 2848 ’Ἁλια)
328 2807 365 2837 et
385 2801 470 2839 coll.
491 2802 708 2852 Symbolik.
729 2805 765 2839 Π
785 2817 824 2854 p.

374 631 480 682 τούς
510 632 556 674 δὲ
587 632 746 684 ἄλλους
781 634 1053 688 Μιλησίους,
1093 633 1198 683 τοὺς
1236 632 1341 686 πρὶν
1381 645 1478 675 στα-

213 700 459 753 σιάζοντας,
504 698 678 742 τούτων
712 700 866 751 ἔταξαν
901 703 1142 744 πείθεσθαι.

89 772 154 816 30
209 786 292 812 νυν
322 768 438 811 οὕτω
472 770 720 824 Μιλησίους
749 768 1024 824 κατήρτισαν.

213 836 319 879 τέων
345 839 430 877 τῶν
459 837 624 878 πολίων
655 830 738 882 ὦδε
762 836 914 892 ἤρχετο
944 835 1057 878 κακὰ
1080 837 1281 891 γίνεσθαι
1309 839 1363 893 τῇ
1388 834 1472 878 Ἰω-

212 905 297 960 νίῃ.
349 901 419 944 Ἐκ
458 902 611 955 Νάξου
653 904 819 959 ἔφυγον
860 903 1017 958 ἄνδρες
1057 907 1146 946 τῶν
1176 903 1348 959 παχέων
1386 903 1472 947 ὑπὸ

213 974 294 1014 τοῦ
326 970 489 1026 δήμου·
532 970 749 1028 φυγόντες
779 973 825 1016 δὲ
844 971 1053 1016 ἀπίκοντο
1083 972 1126 1023 ἐς
1147 974 1359 1028 Μίλητον.
1397 975 1474 1028 τῆς

186 1039 265 1083 Ξοδὲ
296 1038 495 1096 Μιλήτου
537 1037 740 1096 ἐτύγχανε
770 1040 1002 1094 ἐπίτροπος
1043 1040 1127 1084 ἐών
1164 1038 1531 1097 Ἀρισταγόρης10

1203 699 1368 754 Πάριοι
1396 698 1506 756 μέν5

1089 768 1194 812 Τότε
1225 768 1270 811 δὲ
1301 768 1348 811 ἐκ
1377 784 1475 811 του-

874 1218 964 1256 197.
985 1215 1083 1257 765.
1103 1215 1276 1254 Voemel.
1297 1216 1355 1251 De
1375 1215 1531 1251 Heliaea

871 1286 959 1322 pag.
993 1275 1042 1312 19
1063 1286 1146 1324 sqq.
1167 1294 1223 1300 —
1252 1273 1310 1307 De
1331 1273 1446 1307 verbo
1467 1270 1534 1310 νέ-

874 1343 961 1379 μειν
991 1329 1091 1365 conf.
1124 1336 1219 1365 nott.
1250 1327 1299 1364 ad
1328 1329 1358 1375 Ι,
1382 1329 1434 1368 59
1466 1328 1532 1365 fin.

874 1384 976 1422 Add.
999 1386 1042 1431 V,
1067 1387 1120 1426 92
1138 1386 1175 1430 ξ.
1196 1388 1234 1425 2.
1263 1407 1319 1411 —
1375 1380 1531 1423 Ἀπέὸε-

875 1443 945 1489 ξαν
965 1443 1066 1478 valet
1095 1444 1362 1489 constituerunt,
1385 1449 1427 1477 ut
1438 1454 1532 1478 mox

875 1497 1026 1545 ἔταξαν.
1049 1498 1105 1534 Cf.
1126 1504 1222 1534 nott.
1244 1497 1293 1534 ad
1311 1498 1357 1546 V,
1381 1498 1449 1538 25.

930 1554 996 1593 καὶ
1024 1556 1105 1592 τῶν
1138 1554 1341 1604 δημοσίων
1371 1550 1474 1592 οὕτω
1497 1568 1533 1592 κ.

873 1627 904 1650 τ.
927 1612 979 1660 λ.]
1010 1612 1201 1648 Excitavit
1229 1610 1276 1647 ad
1307 1609 1347 1648 h.
1368 1611 1393 1646 l.
1414 1612 1534 1647 Wes-

874 1669 1054 1718 selingius
1073 1667 1253 1705 Aeschin.
1274 1669 1313 1703 in
1335 1666 1535 1704 Timarch.

875 1739 914 1776 p.
936 1728 990 1765 22
1013 1726 1069 1774 [ξ.
1084 1726 1195 1773 13]et
1205 1726 1349 1775 Digest.
1362 1723 1408 1760 de
1421 1725 1536 1775 Susp.

877 1783 1015 1819 Tutor.
1037 1783 1102 1830 ΙΙΙ,
1126 1784 1163 1829 8,
1194 1782 1261 1818 ubi
1279 1783 1350 1818 Icti
1370 1782 1535 1818 Romani

877 1838 1054 1876 tradunt:
1109 1846 1278 1875 tutorem
1316 1846 1535 1889 suspectum

879 1909 928 1932 ex
956 1909 1000 1932 eo
1014 1925 1023 1942 ‚
1055 1895 1158 1947 quod
1178 1896 1217 1931 in
1234 1896 1306 1931 alia
1325 1896 1426 1931 male
1447 1908 1536 1931 ver-

875 1959 975 1989 satus
996 1954 1054 1989 sit.
1082 1974 1138 1979 —-—
1175 1953 1233 1988 De
1253 1953 1420 2002 genitivo
1442 1947 1535 1990 τού-

876 2025 968 2057 των,
1001 2010 1068 2061 qui
1087 2010 1204 2046 verbo
1225 2009 1444 2048 πείθεσθαι
1465 2007 1537 2044 ad-

877 2066 989 2112 ditur,
1010 2066 1111 2103 conf.
1133 2072 1228 2102 nott.
1250 2064 1298 2102 ad
1322 2066 1351 2112 I,
1376 2067 1468 2105 126.
1491 2065 1536 2112 V,

876 2126 943 2164 33.
965 2124 1028 2171 VI,
1054 2127 1117 2164 12.
1147 2124 1248 2160 Male
1266 2123 1354 2159 libri
1380 2121 1536 2175 quidam

876 2176 1052 2228 τούτους.

1080 2259 1173 2310 Cap.
1192 2260 1323 2296 XXX.

936 2347 1078 2399 ἄνδρες
1098 2352 1176 2388 τῶν
1198 2347 1384 2400 παχέων]
1418 2348 1537 2385 Ditio-

881 2420 934 2443 τρε
963 2421 990 2444 s.
1017 2406 1253 2457 locupletiores
1275 2406 1538 2456 intelliguntur

882 2465 980 2500 cives
1011 2463 1205 2515 iidemque
1235 2462 1323 2499 hinc
1356 2464 1537 2512 optimates

882 2522 1060 2565 civitatis,
1101 2520 1269 2566 nobiles,
1310 2520 1446 2572 quibus
1467 2532 1539 2570 op-

880 2579 1036 2628 ponitur
1057 2575 1080 2617 ὁ
1098 2577 1226 2628 δῆμος
1245 2578 1323 2613 sive
1347 2575 1466 2627 plebs,
1497 2569 1539 2611 ut

881 2636 921 2671 iu
950 2633 1132 2685 Thucyd.
1159 2634 1226 2681 ΠΙ,
1247 2636 1313 2674 82.
1344 2634 1436 2670 Her.
1457 2633 1537 2678 VII,

885 2690 976 2737 155,
1010 2690 1102 2730 156.
1161 2691 1292 2727 Glossa
1320 2688 1538 2726 Herodotea

882 2754 982 2784 recte
1019 2762 1041 2785 τ
1054 2749 1085 2785 ὦ
1097 2762 1120 2786 ν
1151 2762 1181 2786 π
1193 2763 1218 2785 α
1228 2745 1276 2796 χέ
1287 2761 1317 2785 ω
1329 2761 1352 2784 ν
1383 2745 1538 2794 exponit

880 2805 962 2843 τῶν
982 2804 1184 2843 πλουσίων
1212 2804 1380 2854 itemque
1402 2799 1537 2837 Suidas

1531 820 1537 829 .

1529 843 1597 872 tur,
1626 838 1701 865 Naxi
1720 847 1789 865 exur

1530 872 1595 906 les,
1616 876 1648 898 ut
1667 872 1804 900 Milefiioff

1531 914 1597 932 rum
1616 914 1709 940 opera
1726 906 1806 932 redi-

1532 943 1595 966 tum
1614 941 1669 968 sibi
1689 940 1719 966 in
1739 948 1791 975 pa-

1530 974 1618 1000 triam
1650 977 1806 1009 pararent,

1531 1008 1737 1043 Aristagoram
1747 1007 1807 1034 Mi-

1531 769 1607 796 Dum
1626 769 1781 798 Histiaeus

1532 804 1615 831 Susis
1643 813 1792 831 commum

1533 1041 1589 1069 leti
1616 1047 1790 1078 procurato-

1534 1084 1597 1104 rem
1620 1076 1738 1105 auxilia
1758 1084 1806 1103 ro-
