1897 3340
445 246 503 287 78

848 243 1305 289 HERODQTI

394 356 537 410 13,,τῷ
565 354 643 396 Διῒ
670 351 867 396 πλούτου
894 351 990 408 πέρι
1020 347 1214 406 ἐρίζετε(
1240 349 1350 395 ἄλλά
1381 350 1478 404 περὶ
1507 349 1586 405 μὲν
1613 349 1697 405 χώ-

445 437 552 478 ,,ρης
580 419 667 474 ἄρα
697 418 751 462 οὐ
782 424 969 476 πολλῆς,
1007 419 1109 464 οὐδὲ
1146 418 1259 462 οὕτω
1289 421 1493 474 χρηστῆς,
1522 417 1595 459 naz
1626 416 1755 460 01'5-65

443 503 563 543 „va
594 490 809 543 σμικρῶν,
846 486 974 543 χρεόν
1005 487 1092 530 ἐστι
1122 485 1259 540 ὑμέας
1298 486 1435 541 μάχας
1465 482 1699 539 ἀναβάλλε-

444 559 577 608 ,,σθαι
603 554 713 608 πρός
741 570 784 597 τε
816 556 1113 610 Μεσσηνίους,
1157 553 1306 604 ἐόντας
1335 552 1585 606 ἰσοπαλέας,
1625 552 1700 595 καὶ

445 621 682 676 ,,Ἀρκάδας
709 637 754 665 τε
783 623 856 664 καὶ
881 620 1122 677 Ἀργείους·
1153 625 1265 663 τοῖσι
1295 620 1392 664 οὔτε
1420 624 1586 675 χρυσοῦ
1610 619 1700 675 ἐχό-

443 688 604 745 ,,μενόν
642 688 729 732 ἐστι
770 688 920 741 οὐδὲν,
966 689 1065 732 οὔτε
1107 685 1330 742 ἀργύρου,
1366 694 1455 732 τῶν
1497 689 1596 743 πέρι
1625 689 1699 732 καί

444 772 568 809 ,,τινα
615 754 756 811 ἐνάγει
801 757 1026 811 προθυμίη
1086 753 1330 811 μαχόμενον
1383 755 1693 813 ἀποθνήσκειν.

443 931 500 982 τῷ
532 929 604 967 Διῒ
626 924 802 968 πλούτου
839 926 930 980 πέρι
961 927 1040 979 ἔρι’-

387 986 494 1033 ζετε]
536 986 560 1021 ἰ.
586 998 619 1021 e.
660 997 764 1032 „cum
797 983 879 1022 Iove
903 986 1042 1022 divitiis

385 1045 520 1078 certare
535 1043 736 1090 poteritis.“
795 1043 931 1092 Attigit
951 1054 1053 1095 pro-⁸
1067 1056 1073 1089 j¹

385 1098 591 1134 verbialem
610 1098 843 1134 locutionem
867 1096 1073 1148 Eustathsj,

384 1152 434 1190 ad
463 1155 621 1205 Dionys.
650 1156 800 1205 Perieg.
836 1158 961 1195 1072:
1001 1155 1042 1190 in

385 1209 461 1262 quai
481 1211 644 1248 certandi
657 1212 817 1249 verbum
829 1213 982 1261 ponitur
1001 1212 1041 1246 in

385 1269 671 1317 comparatione
701 1267 749 1304 de
781 1267 1039 1314 similitudine,

384 1330 426 1360 ut
457 1324 553 1359 bene
582 1331 739 1360 annotat
763 1322 949 1360 Valcken.
985 1324 1041 1359 ci-

381 1386 465 1416 tans
486 1379 628 1416 Herod.
642 1380 706 1427 IV,
729 1380 821 1421 152.
844 1378 1041 1416 Theon-rit.

380 1437 445 1483 IV,
481 1436 547 1472 fin.
568 1435 709 1473 Athen.
736 1438 789 1472 111
809 1449 897 1487 pag.
918 1436 971 1476 75
992 1437 1039 1472 Ε.

381 1493 446 1530 Sic
459 1522 468 1539 ,
490 1491 627 1529 eodem
646 1499 849 1540 monente,
882 1493 1044 1529 certandi

380 1550 543 1587 verbum
571 1549 673 1599 apud
713 1551 845 1586 Horat.
880 1550 954 1599 Ep.
991 1551 1039 1597 II,

381 1607 450 1646 20.
509 1604 580 1642 Od.
599 1608 646 1653 II,
670 1608 708 1652 6,
741 1606 898 1653 15,'ubi
918 1606 1038 1642 multa

380 1662 602 1698 Lambinus.
616 1685 665 1690 —
687 1663 730 1698 In
741 1663 915 1712 proxime
931 1675 1038 1713 seqq.

370 1719 608 1768 *particulam
629 1715 706 1769 ἄρα
728 1717 882 1756 adverte
894 1719 1039 1770 aliquot

380 1775 504 1812 verbis
528 1776 787 1825 postpositam.
826 1776 946 1811 Paulo
968 1775 1039 1812 ali-

381 1837 440 1868 ter
458 1831 522 1878 IV,
545 1830 611 1879 64,
642 1832 709 1868 ubi
729 1831 805 1868 vid.
826 1834 923 1869 nott.

435 1938 548 1994 χρεόν
561 1941 640 1981 ἔστι
660 1940 784 1994 ν’μέας
803 1938 930 1993 μάχας
942 1937 1036 1982 οἴνα-

380 1995 618 2050 βᾶλλεσθαι]
650 2001 682 2035 Ε
704 2001 922 2035 Florentino
945 2012 1035 2036 cum

380 2056 497 2092 Gaisf.
531 2054 632 2091 edidi
662 2053 800 2106 χρεόν,
832 2057 897 2092 ubi
916 2057 1032 2107 vulgo

380 2109 524 2163 χρεών,
536 2110 639 2162 quod
652 2111 953 2150 Matth.reti1mit
967 2126 1033 2149 ae-

379 2181 455 2220 que
476 2175 589 2219 atque
606 2167 782 2205 hislocis:
804 2169 848 2215 V,
861 2169 926 2209 50.
942 2171 1032 2209 109.

380 2227 474 2264 111.
495 2226 558 2271 VI,
589 2226 655 2266 25.
690 2224 758 2264 43.
789 2225 855 2265 84.
889 2226 968 2272 Vll,
992 2228 1031 2266 6.

380 2282 446 2320 13.
481 2284 546 2322 17.
576 2281 644 2327 IX,
665 2280 731 2327 41,
765 2282 829 2317 ubi
850 2294 918 2318 nos
939 2283 1033 2319 scri-

378 2337 522 2386 psimus
542 2334 652 2388 χρεὸν
667 2366 676 2384 ,
710 2337 813 2388 quod
834 2337 936 2375 haud
955 2339 1031 2375 scio

378 2405 427 2429 an
448 2395 477 2447 1,
512 2392 578 2434 41.
601 2394 666 2440 57,
706 2407 860 2446 quoque
891 2396 1034 2432 restitui

379 2448 529 2486 debeat.
605 2451 656 2486 At
683 2451 728 2497 V,
759 2454 824 2491 89.
846 2453 925 2497 ΥΠ,
957 2454 1033 2492 160

379 2506 514 2557 reliqui
533 2503 670 2557 χρεών,
690 2508 727 2543 in
750 2520 825 2558 quo
848 2509 1034 2545 libricon-

377 2563 520 2612 spirant
539 2564 688 2613 scripti:
722 2559 1032 2616 α’ναβάλλεσθαι,

379 2618 484 2670 quod
524 2632 657 2656 omnes
697 2620 808 2657 codd.
858 2621 1033 2665 assi-runt,

381 2673 602 2726 Schweigh.
642 2684 833 2714 mutatum
874 2679 954 2714 vult
995 2678 1031 2712 in

379 2726 652 2782 α’ναλαβὲσθαι
697 2747 742 2770 eo
789 2747 901 2770 seusu
957 2746 1033 2785 quo

377 2789 444 2837 ΙΠ,
468 2791 521 2829 69
544 2783 818 2841 ἀναλαβέσθαι
829 2790 1031 2838 κίνδυνον,

379 2844 485 2898 quod
504 2846 638 2896 probat
657 2846 838 2885 Matthiae
851 2877 861 2896 ,
884 2846 942 2884 his
963 2846 1034 2884 ad·—

1098 928 1203 964 iectis
1235 923 1378 964 ve'rbis:
1412 927 1503 974 „Sic
1521 935 1575 965 est
1595 930 1662 975 111,
1684 930 1752 968 69.

1099 979 1394 1035 ἀναβάλλεσθαι
1412 984 1603 1023 κίνδυνον
1615 991 1669 1022 est
1679 983 1753 1034 dlf-

1091 1040 1200 1091 serre,
1222 1048 1264 1077 ut
1284 1039 1389 1093 apud
1409 1039 1590 1092 Thucyd.
1614 1042 1659 1089 V,
1684 1041 1752 1082 46.

1077 1099 1183 1150 ‘Non
1238 1096 1555 1134 dissimulandum
1600 1104 1752 1146 tamen,

1099 1149 1395 1205 ἀναβάλλεσθαι
1404 1149 1575 1203 πόλεμον
1595 1167 1753 1204 compa-

1099 1212 1173 1246 rari
1204 1224 1312 1260 posse
1350 1224 1440 1246 cum
1483 1208 1755 1250 οἶνατίθὲσθαι

1098 1267 1265 1318 φορτίον
1286 1268 1355 1303 sibi
1372 1269 1550 1316 imponere,
1571 1265 1754 1318 suscipere,

1098 1322 1146 1359 de
1177 1335 1252 1374 quo
1282 1322 1360 1359 vid.
1382 1324 1510 1373 Toup.
1531 1325 1620 1360 Em.
1643 1324 1753 1361 Suid.

1097 1379 1146 1415 T.
1168 1380 1186 1414 I
1201 1391 1288 1429 pag.
1304 1377 1425 1419 242³<
1477 1380 1529 1416 At
1549 1387 1649 1416 recte
1664 1381 1753 1418 vul-

1095 1443 1205 1485 gatae
1233 1436 1492 1486 patrocinatur
1525 1435 1752 1474 Schneider.

1093 1493 1133 1527 in
1162 1494 1258 1528 Lex.
1290 1493 1356 1528 Gr.
1377 1505 1600 1542 comparans
1621 1494 1752 1530 similis

1093 1561 1182 1585 usus
1215 1549 1377 1585 verbum
1417 1544 1676 1598 α’ναρῤίπτειν
1715 1556 1753 1587 et

1091 1603 1350 1655 Aeschyleum
1389 1603 1484 1641 illud
1524 1606 1566 1642 S.
1606 1620 1640 1643 c.
1670 1605 1750 1644 Th.

1096 1663 1203 1701 1030
1226 1662 1325 1709 (952
1345 1659 1478 1711 Both.)
1511 1657 1588 1700 (ἕνα
1614 1662 1750 1701 κίνδυ-

1093 1731 1168 1755 νον
1191 1718 1302 1767 βαλῶ
1317 1733 1327 1751 .-
1347 1716 1450 1769 quod
1470 1719 1594 1768 ipsum
1614 1720 1751 1756 Blom-

1092 1772 1195 1810 field.
1213 1775 1357 1810 Graece
1379 1774 1454 1811 dici
1474 1787 1584 1824 posse
1603 1788 1749 1826 negans

1093 1830 1146 1866 sic
1184 1831 1372 1867 mutavit:
1433 1828 1534 1881 κᾶμὲ
1570 1827 1749 1885 κινδύνῳ

1093 1886 1226 1936 βαλῶ,
1248 1899 1393 1942 ⁸parum
1412 1894 1514 1924 recte
1539 1887 1627 1924 mezi
1661 1889 1750 1940 qui-

1093 1941 1183 1978 dem
1211 1956 1259 1979 ex
1293 1943 1490 1980 sententia.
1556 1946 1655 1981 Nam
1686 1943 1748 1982 hic

1090 1999 1171 2049 ipse
1202 1998 1386 2037 Herodoti
1414 2001 1541 2049 locus,
1573 2003 1639 2053 qui
1668 2014 1748 2038 non

1090 2057 1188 2105 sugit
1208 2058 1375 2093 Passow.
1397 2057 1436 2092 in
1461 2058 1559 2094 Lex.
1576 2059 1654 2105 Gr„
1676 2071 1746 2096 ve-

1090 2125 1176 2148 rum
1215 2112 1352 2149 docere
1388 2121 1548 2164 poterat.
1612 2116 1746 2166 Itaque

1090 2170 1209 2219 probo
1226 2169 1403 2221 equidem
1423 2170 1527 2222 quod
1548 2170 1662 2208 Both.
1683 2185 1745 2207 re-

1089 2227 1208 2261 stituit
1246 2222 1352 2264 κα’να“
1389 2227 1581 2266 κίνδυνον
1620 2229 1744 2279 βαλῶ,

1090 2281 1195 2332 quod
1209 2281 1353 2319 dictum
1374 2296 1442 2333 pro
1463 2282 1530 2322 καὶ
1551 2283 1744 2323 κίνδυνον

1091 2336 1281 2389 α’ναβαλώ
1300 2339 1403 2376 idem
1423 2341 1523 2377 valet
1544 2347 1657 2392 atque
1677 2339 1746 2380 καὶ

1092 2390 1306 2445 α’ναῤῥίψω
1330 2396 1540 2443 κίνδυνον,
1571 2404 1614 2433 ut
1647 2398 1744 2433 bene

1090 2453 1357 2501 interpretatur
1372 2452 1612 2493 Abreschius,
1664 2455 1743 2489 Neo

1089 2521 1260 2544 remoror
1291 2509 1452 2545 verbum
1480 2508 1674 2555 medium,
1705 2510 1743 2544 in

1092 2577 1167 2615 quo
1190 2566 1269 2615 ipso
1292 2564 1421 2601 haeret
1441 2564 1742 2614 Schweighaeu-

1090 2634 1207 2657 svrus.
1266 2623 1308 2657 In
1337 2628 1506 2658 mentem
1543 2623 1646 2657 enim
1673 2635 1742 2658 ve-

1090 2679 1199 2713 niunt
1221 2672 1474 2727 οἷναιρεῖσθαι
1492 2674 1666 2727 πόλεμον
1676 2677 1741 2729 (V,

1091 2736 1176 2783 36),
1199 2735 1270 2770 alia
1289 2733 1328 2770 id
1349 2747 1481 2784 genus.
1497 2756 1552 2761 —
1579 2736 1623 2770 Iu
1634 2748 1742 2787 seqq.

1089 2789 1137 2826 ad
1159 2791 1272 2827 verba
1291 2793 1437 2841 χρυσοῦ
1463 2787 1643 2842 ἐχόμενόν
1662 2790 1741 2830 ἔστι

1090 2841 1210 2887 οὐδὲν
1239 2847 1342 2884 cons.
1369 2845 1499 2884 laudd.
1531 2847 1579 2885 ad
1599 2848 1665 2895 111,
1686 2849 1741 2889 66
