1897 3340
322 551 386 596 21

119 628 212 656 Cuius
230 626 332 655 caedis

118 665 258 691 auctores
287 661 391 688 Persis

119 695 346 757 quaerentibus,

145 729 292 757 lexander
315 728 390 755 mul-

119 764 157 791 tis
170 763 342 791 muneribus

119 798 261 826 Bubarae
280 797 355 824 datis

120 839 156 859 ac
180 831 309 871 Gygaea
328 837 375 856 so-

120 873 188 892 rore
210 865 307 892 eulem
324 863 374 890 de-

119 902 263 933 sponsata
297 897 347 930 [8,

118 935 174 962 136.
210 932 323 960 inultus

119 976 177 996 eva
201 966 233 995 it.

443 249 499 289 32

837 247 1294 283 HERODOTI

445 357 649 410 ξανδρος,
697 356 861 409 παρίζει
901 355 1052 411 Πέρσῃ
1095 354 1224 406 ἀνδρὶ
1265 352 1404 407 ἄνδρα
1440 351 1692 404 Μακεδόνα,

1024 424 1036 438 ,-

448 503 520 535 σαι
559 489 715 542 ψαύειν
753 489 1011 543 ἐπειρῶντο,
1066 490 1341 542 διεργάζοντο
1379 485 1550 536 αὐτούς.

1093 422 1103 435 ἱ
1167 422 1178 435 7
1241 422 1251 436 Ι
1311 421 1319 434 Ι

1610 486 1695 528 Καὶ

446 553 567 602 οὗτοι
595 557 673 614 μὲν
700 557 840 613 τούτῳ
870 561 930 612 τῷ
959 556 1081 613 μόρῳ
1112 555 1438 610 διεφθάρησαν,
1467 554 1540 597 καὶ
1571 553 1692 596 αὐτοὶ
1705 559 1749 594 85

449 625 523 669 καὶ
558 624 585 680 ἡ
624 627 840 680 θεραπηΐη
889 623 1045 666 αὐτῶν.

447 690 661 748 ὀχήματα,
692 692 762 734 καὶ
786 690 1070 743 θεράποντες,
1101 691 1174 733 καὶ
1203 687 1229 745 ἡ
1259 694 1377 733 πᾶσα
1399 688 1534 744 πολλή
1555 704 1694 741 παρα-

1096 625 1236 665 εἴπετο
1279 622 1362 677 γὰρ
1408 621 1460 677 δή
1499 633 1578 676 σφι
1621 620 1695 663 καὶ

448 758 598 814 σκευή·
638 757 777 801 πάντα
818 757 869 811 δὴ
909 759 1065 807 ταῦτα,
1102 756 1192 810 ἅμα
1228 760 1336 799 πᾶσι
1367 758 1548 804 κείνοισι
1583 754 1693 811 ἠφά-

421 835 584 870 Ξνιστο.
642 823 768 867 Μετὰ
799 823 866 871 δὲ,
907 822 1050 880 χρόνῳ
1082 822 1137 866 ου’
1166 826 1312 882 πολλῷ
1340 823 1545 877 ὕστερον,
1577 821 1694 878 ζήτη-

449 907 514 945 σις
543 896 630 936 τῶν
667 890 840 944 ἀνδρῶν
874 890 1042 934 τούτων
1078 891 1240 947 μεγάλη
1279 891 1326 934 ἐκ
1363 894 1450 934 τῶν
1490 889 1750 945 Περσέων90

391 1072 752 1125 ε’πιδαψιλειῖμεθα,
784 1074 884 1126 apud
912 1078 1042 1113 Zona-

390 1147 471 1170 ram
488 1147 525 1184 p.
541 1135 620 1173 836
635 1129 1041 1182 ἕπιὸαψιλευσάμεθα.

389 1191 596 1239 Vulgatum
637 1190 773 1224 retinet
815 1187 950 1225 suidas
992 1190 1041 1225 T.

388 1248 439 1282 111
459 1260 497 1296 p.
516 1246 608 1291 805,
629 1245 693 1280 ubi
714 1240 1040 1294 ἐπιδαψιλευόμε-

389 1318 459 1349 νος
490 1302 701 1352 explicatur
719 1303 938 1347 πολυτελῶς
958 1302 1039 1339 δια-

388 1354 668 1410 πραττόμενος.

447 1434 510 1482 ὦς
552 1437 720 1487 γυναῖκα
755 1436 819 1487 τῷ
867 1429 1039 1487 λόγῳ]

391 1490 634 1540 „Alexander
672 1491 860 1526 imberbes
887 1491 1041 1527 iuvenes

390 1547 616 1584 Macedonas
636 1545 804 1582 adsidere
831 1547 934 1582 iussit
963 1548 1043 1583 sin-

391 1605 488 1655 gulis
506 1604 627 1639 Persis
647 1603 812 1652 singulos
825 1631 834 1648 ,
874 1605 1041 1651 tanquam

390 1661 547 1697 mulieres
565 1658 735 1696 videlicet.
792 1658 950 1708 Saepius
972 1657 1042 1694 ad-

391 1716 551 1753 bibitum
572 1714 764 1751 Herodoto
794 1716 846 1766 τῷ
866 1712 968 1766 λόγῳ
989 1715 1042 1751 si-

391 1774 543 1823 gnificat
564 1771 614 1817 id,
646 1771 735 1820 quod
752 1771 862 1819 primo
881 1770 1040 1806 videatur

391 1830 566 1878 adspectu.
614 1825 680 1871 Ὡς
700 1830 866 1877 γυναῖκα
884 1823 932 1874 δἐἰ
949 1827 1039 1876 poni

390 1891 561 1936 potuerat
582 1890 618 1919 et
631 1882 691 1918 hic
710 1884 749 1918 in
770 1881 935 1918 eundem
951 1896 1039 1918 sen-

389 1955 493 1988 sum,
523 1947 564 1976 ut
595 1937 695 1989 apud
724 1937 916 1974 Plutarch.
938 1940 971 1974 ΙΙ
1000 1953 1038 1989 p.

389 1997 470 2038 247
507 1996 548 2032 C.
578 1995 802 2031 muliebrem
822 1995 860 2030 in
881 1994 1041 2031 modum

391 2055 541 2090 vestitos
567 2053 664 2087 viros
696 2050 736 2089 οἷ
762 2046 936 2099 φύλακες
970 2065 1041 2089 πα-

393 2111 520 2159 ρῆκαν
542 2105 595 2153 ὥς
613 2104 661 2157 δή
690 2110 884 2157 γυναῖκες,
908 2106 1041 2158 dequo

392 2165 455 2202 Cr.
488 2164 632 2201 confert
666 2163 814 2198 Platon.
847 2161 1040 2200 Char-mid.

391 2235 428 2272 p.
463 2224 539 2261 163
570 2234 606 2270 p.
629 2221 681 2259 88
714 2217 909 2255 Heindorf.
939 2221 1040 2256 eius-

393 2290 466 2328 que
497 2283 591 2313 nott.
623 2276 782 2310 Narrant
803 2274 1041 2311 Herodoteae

390 2334 596 2370 simillimas
618 2330 784 2367 historias
814 2333 1041 2381 antiquiores

391 2391 594 2426 Pausanias
629 2389 665 2422 in
701 2388 858 2423 Mes-sen.
892 2402 927 2438 p.
961 2391 1040 2429 288

395 2447 482 2494 [lv,
504 2444 528 2484 4
550 2446 586 2490 ξ.
609 2444 675 2491 2],
711 2444 892 2494 Polyaen.
915 2445 943 2488 Ι,
977 2446 1041 2489 20,

391 2504 437 2549 23
468 2502 737 2544 recentiorem,
777 2512 874 2550 quae
899 2498 1043 2536 Thebis

392 2559 536 2604 evenit,
585 2554 801 2605 Xenophon
834 2556 979 2592 Hellen.
1012 2556 1043 2591 V

389 2627 427 2665 p.
450 2615 542 2658 331,
573 2615 625 2654 28
657 2611 728 2660 [V‚
751 2612 775 2651 4
806 2613 884 2657 §.5
915 2612 1038 2663 seqq.]

401 2669 614 2706 ναίει-οη.
658 2668 728 2703 alia
759 2666 951 2718 disputans
994 2668 1040 2703 de

393 2726 525 2763 vocula
556 2722 605 2776 δή
635 2725 788 2774 eiusque
809 2737 877 2760 usu
905 2726 941 2759 in
964 2725 1040 2759 iro-

393 2783 455 2818 nia
476 2788 511 2818 et
531 2780 578 2818 ad
599 2787 866 2829 argumentum
891 2780 963 2816 loci
985 2781 1039 2816 ci-

392 2845 474 2875 tans
493 2838 610 2888 Epist.
632 2836 852 2884 Socrat.28,
873 2836 936 2873 ubi
948 2837 1040 2873 Ale-

1097 1076 1244 1114 xander
1264 1077 1311 1113 ob
1332 1075 1426 1112 illud
1446 1076 1589 1112 facinus
1617 1072 1751 1111 lauda-

1098 1140 1170 1180 tur,
1191 1133 1257 1170 sed
1278 1134 1398 1169 Xerxi
1424 1133 1599 1168 tribuitur
1615 1162 1625 1177 ,
1647 1129 1752 1182 quod

1096 1190 1235 1226 fecerat
1254 1190 1401 1226 Darius.
1439 1190 1499 1224 Ex
1525 1190 1606 1239 ipso
1627 1189 1752 1224 Hero-

1097 1245 1186 1282 doto
1215 1245 1263 1282 ad
1294 1246 1526 1281 locutionem
1546 1245 1675 1281 confer
1703 1245 1752 1280 sis

1095 1304 1124 1349 1,
1134 1304 1214 1342 205
1236 1309 1272 1338 et
1282 1302 1351 1345 VI,
1367 1304 1434 1348 70,
1456 1301 1521 1337 ubi
1540 1297 1643 1355 λόγῳ
1656 1295 1750 1351 φάς.

1154 1364 1403 1419 διεργάζοντο
1434 1363 1618 1416 αὐτούς]
1658 1368 1683 1404 i.
1716 1381 1751 1404 e.

1099 1424 1228 1462 Persas
1247 1422 1508 1474 interfecerunt,
1538 1425 1650 1475 plane
1659 1430 1702 1460 ut
1720 1424 1750 1470 1,

1099 1484 1192 1520 213.
1212 1482 1257 1528 v,
1274 1484 1327 1521 92
1349 1481 1536 1527 §.3.V11‚
1558 1478 1651 1521 224.
1672 1481 1752 1516 Nec

1101 1538 1207 1581 aliter
1254 1537 1299 1582 V,
1351 1538 1400 1576 19
1459 1532 1752 1587 ἐξεργάζεσθαι.

1097 1594 1223 1642 Ipsam
1251 1605 1333 1628 rem
1370 1592 1491 1642 attigit
1526 1593 1660 1629 Liban.
1700 1593 1751 1630 T.

1096 1651 1132 1685 II
1151 1661 1239 1700 pag.
1261 1648 1341 1688 490
1363 1648 1405 1684 C.

1313 1737 1405 1788 Cap.
1426 1739 1534 1774 XXI.

1152 1812 1276 1865 τούτῳ
1299 1818 1354 1869 τῷ
1392 1813 1497 1870 μόρῳ
1525 1810 1752 1866 διεφθάρη-

1096 1873 1196 1919 σαν]
1256 1872 1340 1908 Vox
1361 1868 1484 1923 μόρος
1504 1873 1752 1909 Homericum

1096 1926 1277 1979 loquendi
1314 1941 1434 1978 genus
1471 1928 1636 1976 redolet,
1686 1929 1752 1965 ubi

1100 1986 1176 2021 scil.
1217 1986 1267 2020 ita
1307 1984 1354 2021 de
1389 1986 1465 2022 fato
1504 1997 1682 2036 supremo
1720 1998 1752 2022 s.

1098 2048 1220 2077 morte
1257 2039 1455 2078 adhibetur
1494 2054 1537 2078 ac
1565 2042 1626 2078 vel
1662 2054 1752 2078 cum

1100 2110 1192 2134 voce
1232 2093 1411 2143 θάνατος
1453 2099 1651 2148 iungitur,
1708 2104 1752 2135 ut

1101 2153 1232 2204 Odyss.
1252 2155 1320 2199 lx,
1345 2157 1410 2194 61.
1442 2156 1509 2201 XI,
1531 2154 1626 2196 408.
1646 2155 1749 2202 XVI,

1098 2209 1173 2250 421
1199 2211 1283 2246 coll.
1305 2211 1410 2257 XXI,
1438 2213 1527 2257 133,
1558 2224 1607 2247 ne
1628 2211 1750 2261 plura.

1154 2273 1236 2326 ἅμα
1266 2279 1391 2316 πᾶσι
1412 2278 1594 2326 κείνοισι]
1640 2277 1751 2323 Quod

1099 2345 1118 2368 a
1147 2334 1312 2382 pluribus
1354 2333 1464 2370 codd.
1507 2335 1611 2371 abest
1640 2336 1750 2380 πᾶσι,

1100 2388 1225 2425 delere
1258 2389 1434 2440 equidem
1474 2391 1606 2426 nolim.
1676 2391 1752 2426 Pro

1099 2440 1296 2493 ἠφάνιστο
1323 2447 1447 2496 plnres
1469 2445 1580 2483 codd.
1601 2441 1750 2496 ἠφανί-

1101 2502 1192 2547 ζετο.
1220 2523 1263 2528 -
1322 2501 1382 2538 Ad
1403 2503 1633 2539 locutionem
1654 2498 1750 2553 μετὰ

1101 2554 1164 2603 δὲ,
1199 2555 1324 2610 χρόνῳ
1356 2554 1405 2596 οὔ
1432 2561 1566 2612 πολλῷ
1585 2555 1750 2609 ὕστερον

1098 2614 1197 2648 conf.
1239 2620 1333 2650 nott.
1372 2613 1419 2650 ad
1448 2616 1512 2659 ΙΙΙ,
1542 2617 1608 2655 36.
1657 2616 1749 2651 Mox

1099 2667 1184 2704 dedi
1213 2665 1365 2707 τούτων
1392 2683 1459 2720 pro
1492 2669 1671 2708 τουτέων.
1693 2692 1749 2699 —-

1098 2723 1207 2769 Quod
1238 2726 1333 2761 infra
1359 2727 1528 2777 sequitur
1547 2725 1748 2776 κατέλαβε,

1098 2780 1233 2817 Snidas
1244 2783 1275 2816 ll
1286 2793 1372 2831 pag.
1386 2784 1464 2822 273
1488 2784 1643 2832 exponit
1663 2781 1748 2822 ἐπέ-

1095 2838 1209 2888 λαβε,
1247 2835 1380 2887 ἐπέσχε
1402 2839 1472 2889 τῆς
1498 2837 1635 2891 ὁρμῆς.
1683 2840 1749 2877 Tu
