1897 3340
365 230 445 270 102
762 227 1221 265 HERODOTI

26 356 94 376 cnm
114 348 245 375 caeteris

27 382 182 409 exsulibus
202 383 226 416 [1

361 353 443 393 χου
473 333 650 391 φονέες,
691 333 905 391 ἀπήγηταί
944 348 1038 391 μοι·
1085 336 1152 378 δεῖ
1188 333 1232 376 δὲ
1278 332 1388 387 πρὸς
1422 331 1617 374 τούτοισι

26 401 286 476 3‡·n‘.'‚¹1¹13³¹¹1¹..⁹f''{-
362 403 423 447 ἔτι
452 400 688 457 ἀναλαβεῖν
716 401 795 445 τόν
824 400 923 445 κατ’
954 401 1086 456 άρχάς
1115 401 1191 457 ἤϊα
1220 400 1353 453 λέξων
1382 398 1525 454 λόγον,
1558 396 1617 449 (ὃς

28 457 303 542 ξὲῑιξιὲπιηξιτὶπιῑζῗεὲζ
333 470 599 525 Ξτυράννων
645 469 1009 525 ἐλευθερώθησαν
1057 469 1100 511 οἱ
1141 467 1379 524 Ἀθηναῖοι.
1444 466 1616 509 Ἱππίεω

29 524 289 609 ᾗαῦιὲῐῐ,θᾶῃεξῑῑιιι;ἳ3·ιξ-
361 536 711 594 τυραννεύοντος
737 537 809 579 καὶ
830 535 1227 592 ἐμπικραινομένου
1244 533 1514 591 Ἀθηναίοισι
1543 532 1617 577 διὰ

28 601 304 683 ''ii‘ss'nffiiffffiffifin
360 607 440 650 τόν
464 605 699 658 Ἱππάρχου
727 602 944 652 θάνατον,
982 602 1323 658 Ἀλκμαιωνίδαι,
1368 600 1492 657 γένος
1529 598 1618 643 ἐόν-

49 682 72 716 ¹,
91 682 133 708 ⁵⁰·
153 681 179 714 ²,
201 681 276 721 ¹³⁰]
361 691 429 726 τες
453 674 698 728 Ἀθηναῖοι,
744 670 816 712 καὶ
847 669 1082 726 φεύγοντες
1111 671 1484 724 Πεισιστρατίδας,
1524 667 1615 710 ἐπεί
1631 672 1673 708 45

363 758 406 785 τε
437 751 518 795 σφι
545 737 633 794 ἅμα
662 742 774 781 τοῖσι
810 737 981 781 ἄλλοισι
996 734 1241 792 Ἀθηναίων
1270 735 1437 792 φυγάσι
1467 751 1619 789 πειρω-

365 808 536 864 μένοισι
579 803 687 848 κατά
727 803 776 848 τό
821 804 1002 860 ἰσχυρόν
1041 802 1094 847 οὐ
1137 803 1380 859 προεχώρεε
1420 802 1620 853 κάτοδος,

365 873 472 918 ἄλλά
505 873 802 926 προσέπταιον
823 873 1035 927 μεγάλως,
1066 871 1328 926 πειρώμενοι
1356 869 1550 913 κατιέναι
1577 884 1621 911 τε

363 943 436 985 καὶ
467 940 730 995 ἐλευθεροῦν
772 937 850 990 τοὶς
873 939 1079 995 Ἀθήνας,
1121 939 1394 992 Λειψύδριον
1431 936 1481 979 τὸ
1513 935 1682 991 ὑπὲρὸο

369 1009 582 1064 Παιονίης
621 1009 901 1063 τειχίσαντες·
959 1006 1152 1050 ἐνθαῦτα
1205 1008 1247 1050 οἱ
1294 1005 1628 1061 Ἀλκμαιωνίδαι

30 714 291 750 magnificentissi-

30 757 79 777 me
95 753 271 787 restauran-

31 786 90 817 tes,

527 1189 620 1239 Cap.
635 1188 756 1225 LXII.

367 1247 431 1287 δεῖ
457 1241 788 1296 δὲ-άναλαβεῖν
818 1241 889 1282 τὸν
913 1265 968 1269 ——

311 1298 452 1356 λόγον]
481 1302 652 1339 Verbum
673 1295 970 1351 ἀναλαμβάνειν

312 1359 370 1410 (in
403 1358 584 1397 narrando
623 1357 764 1407 aliquid
793 1368 971 1402 resumere,

315 1416 428 1466 denuo
446 1417 600 1465 excipere
617 1416 764 1464 priorem
790 1413 971 1450 narratio-

313 1472 408 1521 nem)
454 1471 637 1515 illustravi
679 1469 729 1507 ad
775 1466 971 1506 Plutarch.

315 1526 502 1565 Alcibiad.
522 1539 610 1578 pag.
633 1529 726 1566 113.
745 1547 802 1552 —
828 1523 891 1561 Ad
910 1525 972 1561 lo-

317 1585 512 1622 cutionem
540 1579 612 1633 ἤϊα
647 1580 770 1629 λέξων
804 1580 907 1618 conf.
939 1580 970 1627 1,

319 1638 399 1681 194
429 1646 466 1676 et
497 1637 547 1675 ad
581 1639 697 1675 verba
735 1635 789 1684 αῖς
828 1630 976 1688 τυράν-

318 1710 403 1735 νων
449 1689 786 1745 ἐλευθερώθησαν
829 1691 975 1730 consul.

318 1750 455 1792 Matth.
477 1752 543 1788 Gr.
554 1751 620 1787 Gr.
640 1763 729 1801 pag.
742 1748 838 1790 664.
869 1749 975 1784 Pau-

321 1809 358 1845 lo
379 1815 466 1844 ante
485 1801 589 1858 ἦσαν
616 1807 759 1843 restitui
779 1818 846 1855 pro
868 1803 975 1844 ἕσαν.

322 1865 380 1901 De
408 1862 690 1909 Alcmaeonidis,
731 1862 975 1898 celeberrima

323 1921 614 1970 gente‚plurima
625 1919 795 1956 disseruit
805 1915 976 1956 Boeckh.

323 1975 436 2013 Pind.
456 1977 628 2027 Explkc.
658 1987 746 2026 pag.
767 1976 848 2014 300
871 1986 978 2024 seqq.

325 2032 373 2069 ad
393 2031 506 2084 Pyth.
528 2033 610 2070 VII.

384 2138 601 2195 φεύγοντες
633 2141 978 2192 Πεισιστρατίδας]

328 2199 438 2235 Conf.
458 2200 487 2246 I,
510 2198 575 2239 64.
595 2220 651 2225 —-
670 2197 731 2234 Ad
751 2198 982 2234 locutionem

329 2252 427 2294 κατοὶ
445 2254 487 2294 τὸ
521 2251 679 2306 ἰσχυρὸν
699 2254 798 2290 conf.
827 2255 892 2301 ΙΙΙ,
929 2252 982 2293 65

330 2323 418 2362 pag.
461 2312 536 2350 118
577 2318 612 2347 et
649 2311 729 2350 675
759 2311 810 2346 T.
841 2311 895 2356 113
935 2308 982 2345 de

330 2368 445 2404 verbo
475 2367 732 2418 προσπταίειν
768 2365 983 2414 (offendere,

329 2423 463 2460 cladem
491 2423 661 2472 accipere)
700 2422 841 2462 Herod,
861 2423 890 2467 Ι,
913 2422 979 2461 65.

333 2480 394 2525 vl,
425 2479 493 2519 45.
525 2480 591 2520 95.
631 2480 659 2525 1,
685 2481 733 2518 16
755 2484 825 2515 etc.
884 2476 984 2513 Add.

333 2542 428 2572 nott.
449 2534 497 2571 ad
516 2532 707 2571 Plutarch.
730 2533 866 2584 Pyrrh.
898 2546 984 2584 pag.

341 2593 431 2632 166.
469 2612 525 2618 —
566 2591 776 2627 Articuliun
799 2601 804 2621 -'
830 2588 859 2640 ἦ
898 2597 984 2625 ante

335 2643 513 2693 κάτοδος,
536 2660 650 2697 quem
672 2659 792 2698 aeque
813 2648 984 2696 ignorant

336 2704 461 2754 scripti
481 2703 563 2739 libri
583 2710 696 2754 atque
710 2702 820 2749 editi,
851 2715 988 2752 qnem-

337 2772 411 2810 que
442 2758 489 2796 de
516 2772 583 2799 suo
611 2761 813 2795 inseruerat
845 2757 988 2795 Sohae-

338 2817 419 2862 fer„
444 2816 561 2852 abieci
589 2829 676 2852 cuin
700 2821 855 2852 recentt.
884 2814 990 2851 editt.

1083 1185 1337 1240 Λειψύδριον
1369 1184 1413 1227 τό
1431 1183 1532 1238 ’ὑπὲρ
1555 1187 1686 1224 Παιο-

1026 1244 1116 1294 νίης
1137 1244 1397 1295 τειχίσαντες]
1428 1238 1683 1293 Λειψύδριον

1027 1314 1047 1337 e
1076 1301 1294 1338 Florentino
1326 1300 1421 1336 libro
1449 1305 1550 1335 recte
1579 1310 1684 1333 nuno

1029 1356 1176 1395 editum
1194 1369 1263 1408 pro
1298 1357 1390 1393 olim
1421 1356 1525 1404 vulg.
1546 1348 1686 1402 Λιψύ-

1027 1414 1153 1465 δριον,
1181 1411 1386 1450 accedente
1407 1410 1537 1457 Suida‚
1568 1410 1620 1447 Τ.
1649 1409 1686 1445 Π

1026 1483 1066 1520 p.
1094 1469 1175 1511 438
1197 1470 1282 1517 (ubi
1312 1470 1447 1505 citatur
1468 1454 1687 1503 Aristo⁴teles

1026 1528 1084 1562 De
1096 1526 1278 1575 Republ.3
1298 1537 1387 1575 pag.
1404 1526 1457 1565 86
1466 1524 1687 1573 fraganentt.

1030 1581 1091 1619 ed.
1124 1582 1361 1630 Neumann.)
1405 1579 1595 1631 Hesychia
1634 1579 1686 1615 T.

1028 1639 1064 1674 11
1094 1651 1132 1688 p.
1168 1637 1265 1678 493.
1306 1638 1357 1673 Τ.
1389 1637 1408 1672 Ι
1446 1649 1486 1686 p.
1521 1636 1628 1676 1366
1651 1640 1689 1671 et

1029 1694 1199 1745 Etymol.
1229 1707 1268 1744 p.
1303 1693 1404 1740 563,
1443 1692 1509 1729 ubi
1538 1690 1690 1728 additur

1030 1746 1148 1797 τόπος
1206 1750 1277 1799 τῆς
1324 1744 1518 1799 Ἀττικῆς.
1596 1748 1691 1784 Mox

1033 1819 1164 1844 omnes
1185 1804 1321 1846 codd.:
1365 1802 1410 1843 το“
1438 1801 1538 1855 ’ὑπὲρ
1561 1805 1690 1842 Hum-

1033 1863 1134 1912 νίης,
1165 1861 1290 1913 quod,
1322 1874 1411 1898 cuin
1432 1860 1587 1898 Paeonia
1605 1861 1691 1896 Ma-

1035 1918 1216 1955 cedoniae
1231 1919 1334 1967 regio
1347 1947 1356 1965 ,
1376 1918 1534 1953 minime
1554 1914 1603 1952 ad
1617 1917 1692 1953 At-

1035 1977 1150 2012 ticam
1169 1976 1357 2025 pertinere
1377 1975 1505 2024 possit,
1525 1973 1692 2010 Wessel.

1034 2038 1070 2067 et
1106 2030 1290 2067 Valcken.
1330 2037 1520 2066 mutatmn
1556 2030 1692 2066 volue-

1035 2094 1122 2124 runt
1160 2089 1199 2123 ἰιι
1234 2083 1277 2126 τό
1316 2084 1416 2137 ὑπὲρ
1457 2081 1692 2138 Πάρνηθος,

1038 2142 1141 2195 qnod
1172 2142 1366 2180 Schaefer.
1398 2149 1435 2179 et
1470 2149 1555 2193 post
1583 2142 1693 2178 illum

1038 2200 1167 2236 lacobs
1189 2200 1351 2236 inAttic.
1372 2211 1460 2249 pag.
1483 2201 1562 2239 333
1584 2210 1693 2234 rece-

1040 2257 1106 2306 pit.
1164 2258 1262 2292 Nam
1286 2255 1417 2293 Parnes
1438 2267 1558 2301 mons,
1579 2266 1693 2305 supra

1040 2324 1156 2363 quem
1195 2311 1312 2349 hocce
1353 2312 1549 2348 castellum
1583 2310 1695 2347 fuerit

1039 2369 1173 2415 situm,
1223 2368 1270 2405 ad
1310 2369 1477 2404 Atticam
1525 2368 1694 2403 maxime

1041 2425 1224 2474 pertinet,
1247 2424 1321 2476 qus:
1341 2424 1420 2461 scil.
1441 2424 1619 2459 Boeotiae
1639 2429 1694 2459 est

1042 2482 1243 2530 contigua,
1283 2479 1487 2517 cohaerens
1514 2479 1577 2514 ille
1606 2479 1693 2529 qui-

1043 2537 1131 2573 dem
1160 2550 1249 2573 cum
1278 2535 1503 2573 Cithaerone
1529 2533 1694 2586 indeque

1043 2606 1109 2643 per
1156 2606 1289 2643 agrum
1330 2591 1606 2629 Rhamnusium
1645 2589 1694 2627 ad

1045 2662 1147 2684 mare
1178 2662 1295 2700 nsque
1323 2654 1526 2699 porrectus.
1584 2649 1693 2683 Nunc

1044 2718 1133 2740 enni
1172 2707 1280 2741 variis
1318 2704 1532 2741 nominibus
1580 2702 1696 2740 modo

1047 2761 1164 2797 Casha
1184 2774 1213 2801 s.
1225 2761 1355 2798 Kastra
1376 2760 1461 2806 dici,
1472 2759 1589 2797 modo
1602 2760 1697 2796 Ozia

1046 2831 1075 2854 s.
1098 2815 1235 2864 Νυιὶα,
1257 2815 1370 2854 modo
1390 2813 1532 2853 Nochea
1546 2845 1556 2863 ‚
1590 2822 1697 2853 notat

1886 2122 1891 2254 ἑ

1888 2258 1893 2324 ἱ
