1897 3340
484 202 577 239 ET
636 199 1156 239 CORRIGENDA.
1471 205 1557 245 825

277 314 379 358 pater
404 313 545 355 scribat,
572 312 620 346 sic
644 323 765 346 revera
789 310 894 344 fuisse
918 309 973 342 vel
1000 311 1112 353 potius
1137 310 1213 343 fieri
1244 311 1394 355 potuisse
1429 318 1555 356 negat3

277 359 335 404 qui
360 359 445 392 enim
472 359 604 392 Pierum
630 358 770 393 castella
793 355 1012 401 praeterierit
1036 356 1216 388 Persarum
1240 367 1301 389 rex
1327 358 1368 389 ad
1406 359 1556 402 Pangaei

277 405 450 439 meridiem
476 406 539 443 (ita
563 405 632 439 scil.
658 409 696 438 ut
720 404 807 436 hunc
830 405 973 435 montem
999 414 1019 435 a
1045 402 1167 434 dextra
1193 402 1381 445 habuerit),
1408 415 1481 436 eum
1508 405 1556 437 si-

279 451 345 484 mul
375 463 439 495 per
475 452 663 491 Paeonum,
695 449 754 493 qui
777 448 820 481 ad
843 447 1144 491 septentrionalem
1173 448 1363 489 Pangaeum
1393 449 1556 489 habitent,

280 504 408 531 terram
441 497 490 531 ire
524 497 673 540 potuisse
697 499 812 538 negat.
885 494 1008 539 Itaque
1032 495 1127 527 recta
1160 495 1283 526 statuit
1309 504 1420 537 regem
1446 500 1557 528 teten-

280 543 372 577 disse
406 555 469 588 per
501 543 636 576 Pierum
670 545 799 574 terram
831 550 940 584 usque
976 540 1018 573 ad
1057 540 1199 573 Eionem
1232 539 1481 582 Strymoniam,
1514 542 1558 573 ad

279 601 379 634 quam
403 600 510 633 usque
534 593 569 621 et
591 588 772 630 Pangaeus
797 590 833 619 et
857 585 987 619 Pierica
1012 586 1104 630 regio
1118 585 1346 630 pertinuerit;
1371 585 1472 628 idque
1484 597 1559 619 cnm

280 636 413 668 illorum
438 635 585 667 locorum
601 639 724 666 natura
748 633 874 676 optime
899 632 1089 665 consentire
1112 631 1239 664 adiicit.
1288 632 1334 664 At
1358 631 1435 673 quid
1454 631 1560 675 impe*

280 681 342 722 dit,
365 692 432 726 quo
457 680 575 719 minus,
599 679 655 723 qui
679 681 817 723 primum
842 679 981 712 castella
1007 678 1140 711 Pierum
1163 682 1377 721 montemque
1402 683 1560 721 praeter-

283 727 379 767 ierit,
414 731 484 759 tum
512 737 591 758 xero
626 725 748 758 montis
782 724 955 757 brachium
991 724 1032 757 ad
1058 735 1151 756 mare
1183 735 1290 768 usque
1316 723 1489 756 diductum
1516 724 1561 756 sit

280 777 537 815 transgressus,
584 771 737 804 Paeones
779 782 915 815 quoque
949 773 1045 803 trans
1075 770 1270 811 Pangaeum
1296 770 1561 812 septentrionem

281 829 400 851 versus
425 818 619 850 habitantes
636 816 858 861 praeteriisse
883 817 1054 861 putandus
1078 816 1124 849 sit
1149 826 1305 848 occasum
1331 827 1450 848 versus
1481 816 1561 848 inde

281 863 349 897 iter
386 863 514 897 faciens
550 863 593 896 ad
628 862 871 906 Strymonem?
941 863 1032 895 Utut
1061 866 1133 903 est,
1171 861 1244 894 sine
1268 867 1428 894 accurata
1455 861 1563 895 totius

281 910 429 952 regionis
462 909 653 954 cognitione
685 910 770 942 haec
803 909 890 942 bene
926 908 1088 943 constitui
1119 920 1186 941 non
1219 919 1320 953 posse
1353 907 1464 952 quivis
1509 908 1561 941 in-

212 988 216 998 ,
281 955 418 998 telligit.

62 997 114 1032 Ad
139 998 215 1042 VII,
242 1002 308 1036 114
325 1013 405 1045 pag.
431 1001 499 1037 604
521 1001 580 1034 lin.
611 1002 641 1036 1.
690 1000 775 1034 Cum
799 1000 855 1042 iis,
880 1012 969 1045 quae
994 1000 1036 1034 de
1059 997 1188 1034 Ἐννέα
1211 996 1362 1034 εΟδοῖσι
1392 999 1484 1041 dixi,
1518 1001 1564 1034 cs.

286 1048 486 1090 Cousinery.
509 1047 532 1080 ἰ.
557 1048 578 1080 l.
613 1048 629 1080 I
654 1058 730 1091 cap.
763 1047 786 1081 4
819 1058 852 1090 p.
881 1048 948 1081 122
975 1058 1046 1091 seq.
1098 1047 1148 1081 De
1173 1047 1350 1087 Bisaltia,
1373 1057 1461 1091 quae
1487 1058 1564 1091 cap.

287 1095 353 1129 115
371 1098 585 1138 memoratur,
609 1093 677 1127 vid.
700 1093 782 1127 ibid.
807 1093 840 1126 II
864 1104 944 1137 past.
968 1095 1014 1128 52
1037 1104 1109 1138 seq.

64 1135 118 1169 Ad
140 1137 214 1180 VII,
242 1141 306 1175 121
333 1151 412 1184 pag.
436 1141 505 1175 612
530 1139 586 1172 lin.
612 1141 646 1174 2.
695 1139 796 1180 Quae
812 1139 844 1172 h.
860 1139 883 1173 l.
909 1139 1106 1173 Herodotus
1130 1139 1173 1173 de
1191 1137 1318 1172 Xerxis
1351 1137 1503 1171 exercitu
1527 1137 1562 1172 in

284 1189 356 1219 tres
380 1189 495 1230 partes
519 1185 626 1219 diviso
648 1184 870 1230 diversasque
891 1185 967 1219 vias
992 1190 1156 1230 sequente
1180 1186 1332 1225 scribat,
1357 1196 1457 1228 quum
1483 1184 1568 1218 talia

286 1232 365 1274 sint,
389 1236 427 1265 ut
451 1233 493 1265 ad
511 1231 546 1265 id
570 1237 702 1276 tempus
726 1244 842 1276 usque,
868 1243 935 1276 quo
961 1231 1147 1265 exercitum
1170 1232 1222 1265 ita
1245 1232 1300 1265 ille
1323 1230 1487 1269 diviserit,
1513 1236 1569 1264 to·-

288 1284 358 1312 tum
384 1278 568 1311 exercitum
595 1277 777 1311 indivisum
800 1278 866 1311 iter
890 1277 1014 1311 fecisse
1039 1284 1193 1323 putemus
1209 1303 1218 1318 ,
1268 1288 1353 1311 vera
1377 1276 1485 1309 videri
1523 1277 1567 1319 ei,

287 1324 347 1368 qui
372 1324 519 1357 locorum
542 1324 780 1357 difficultatem
804 1328 1077 1369 commeatusque
1100 1323 1247 1368 inopiam
1272 1322 1438 1366 cognorit,
1463 1328 1568 1366 negat

289 1369 491 1414 Cousinery.
518 1370 540 1402 l.
566 1371 587 1404 l.
608 1371 641 1403 ll
667 1382 699 1415 p.
725 1372 782 1406 33,
831 1370 941 1410 Quem
974 1370 1223 1412 si‚audiamus,
1257 1371 1390 1403 Xerxes
1416 1380 1476 1411 per
1500 1372 1567 1402 Sa·-

291 1427 454 1462 paeorum
477 1417 595 1449 fauces
612 1416 645 1449 in
671 1416 845 1461 planitiem
872 1416 1124 1461 Philippensem
1141 1417 1328 1459 ingressus,
1355 1415 1470 1458 copias
1488 1426 1568 1448 suas

290 1463 325 1496 in
357 1462 441 1495 duas
472 1462 587 1495 divisit
617 1466 756 1507 partes,
794 1474 936 1507 quarum
970 1475 1036 1496 una
1060 1465 1181 1506 magna
1204 1463 1261 1495 via
1285 1462 1327 1495 ad
1353 1462 1569 1504 Strymonem

290 1509 460 1554 pervenit,
485 1508 594 1542 altera
618 1508 777 1552 Angitam
801 1509 941 1542 fluvium
966 1514 1083 1543 secuta
1108 1509 1149 1542 ad
1183 1507 1447 1553 septentrionem
1479 1508 1566 1541 Pan-

294 1554 371 1599 gaei
396 1554 609 1599 Amphipolin
648 1566 770 1588 versus
800 1555 869 1588 iter
902 1555 986 1588 fecit
1020 1555 1167 1600 indeque
1192 1566 1254 1600 per
1282 1554 1498 1587 Crestoniam
1523 1554 1569 1586 ad

290 1600 466 1645 planitiem
498 1613 653 1643 magnam
687 1601 764 1634 Axii
799 1602 966 1647 perrexit.
1024 1604 1071 1635 Et
1093 1613 1166 1634 eam
1197 1600 1287 1634 viam
1320 1599 1461 1633 indicari
1495 1601 1570 1633 vult

288 1646 459 1680 Herodoti
481 1648 595 1681 verbis
621 1647 696 1687 VH,
723 1648 800 1683 113.
846 1647 1004 1682 Tertiam
1037 1647 1209 1681 exercitus
1244 1651 1377 1692 partem
1408 1657 1429 1679 a
1461 1645 1570 1690 prima

289 1692 477 1727 seiunctam
500 1692 577 1726 inde
601 1694 644 1727 ab
672 1705 712 1726 eo
737 1693 826 1735 loco,
850 1705 917 1739 quo
941 1693 1049 1727 Bolbe
1074 1694 1167 1727 lacus
1192 1693 1277 1726 mari
1287 1693 1482 1732 misceatur,
1509 1703 1570 1734 per

291 1739 448 1781 regiones
472 1739 626 1782 copiosas
650 1739 843 1784 victumque
867 1740 1093 1773 sufficientem
1117 1740 1322 1784 praebentes
1355 1738 1422 1770 iter
1447 1738 1571 1770 secisse

292 1785 477 1826 contendit,
502 1785 550 1819 ita
574 1791 613 1819 ut
637 1797 658 1819 a
682 1786 805 1819 dextra
828 1786 851 1819 i.
876 1798 906 1819 e.
932 1798 952 1820 a
976 1785 1208 1830 septentrione
1243 1784 1416 1818 Bisaltiam
1442 1784 1569 1817 habue-

292 1832 358 1872 rit,
394 1843 415 1864 a
449 1831 564 1873 laeva,
597 1831 619 1866 i.
654 1844 685 1865 e.
719 1843 740 1865 a
771 1832 913 1865 meridie
948 1836 1077 1865 montes
1114 1831 1336 1865 Chalcidicae
1359 1830 1570 1873 peninsulae.

292 1878 339 1910 At
362 1877 430 1910 tale
453 1878 533 1921 quid
558 1877 622 1911 nisi
644 1882 829 1920 statuatur,
855 1878 1021 1912 Herodoti
1046 1878 1079 1911 in
1104 1889 1254 1911 errorem
1288 1877 1374 1920 lapsi
1400 1882 1460 1909 aut
1483 1876 1570 1909 salso

293 1922 407 1956 edocti
431 1923 510 1967 (nisi
535 1923 610 1968 ipsa
633 1925 752 1965 verba,
779 1924 892 1969 qualia
917 1936 1005 1958 nunc
1029 1929 1176 1965 exstant,
1203 1928 1366 1967 corrupta
1390 1923 1485 1955 malis
1511 1923 1574 1955 ha-

293 1969 376 2001 bere
387 1969 633 2011 autlacunosa)
659 1970 887 2004 narrationem
912 1970 1036 2004 fabulis
1060 1970 1248 2004 arbitratur
1272 1968 1447 2002 accenseri
1460 1980 1574 2013 posse,

294 2026 395 2059 quum
430 2015 564 2048 minime
596 2017 739 2049 Athonis
773 2017 913 2050 isthmus
944 2016 1209 2050 innumerabiles
1242 2016 1422 2048 Persarum
1456 2014 1573 2059 copias

295 2072 421 2105 capere
455 2061 626 2105 potuerit,
663 2062 727 2095 nisi
759 2062 792 2095 in
826 2063 933 2105 sylvis
968 2062 1167 2107 peninsulae
1193 2060 1411 2095 Chalcidicae
1434 2060 1511 2093 illas
1536 2072 1574 2094 se

295 2106 465 2140 abdidisse
490 2106 673 2149 existimes,
700 2108 734 2141 in
758 2107 878 2152 quibus
900 2113 1015 2142 tamen
1039 2112 1074 2142 et
1095 2108 1181 2153 ipsis
1205 2107 1349 2141 maxima
1384 2106 1497 2139 victus
1521 2106 1575 2139 in—

293 2152 385 2197 opia.
435 2152 616 2196 Equidem,
643 2154 734 2199 quod
759 2154 859 2198 paulo
883 2158 985 2188 antea
1009 2154 1117 2199 posui,
1141 2154 1195 2187 hic
1219 2164 1355 2198 quoque
1381 2153 1491 2196 repeti
1515 2164 1576 2185 ve-

295 2198 369 2232 lim:
396 2199 480 2232 haec
504 2210 568 2232 non
593 2199 656 2234 nisi
680 2200 723 2233 ab
749 2212 788 2233 eo
813 2205 908 2234 recte
930 2200 1076 2234 iudicari
1101 2212 1223 2244 posse,
1249 2200 1309 2245 qui
1331 2199 1405 2244 ipse
1428 2199 1491 2232 has
1516 2210 1574 2232 re-

296 2243 414 2285 giones
437 2244 592 2278 inviserit
615 2249 843 2290 accurateque
866 2246 1142 2290 perlustraverit.

77 2289 128 2323 Ad
153 2287 234 2331 VII,
261 2289 327 2324 122
353 2300 429 2332 pag.
453 2289 520 2324 614
545 2291 602 2327 lin.
626 2294 658 2326 3.
710 2293 747 2326 In
771 2293 897 2326 veteris
925 2293 1068 2337 Galepsi
1092 2292 1200 2325 locum
1232 2303 1322 2325 nunc
1359 2291 1477 2324 urbem
1508 2291 1578 2323 Ca—

297 2336 382 2368 vala
406 2335 571 2376 cessisse,
607 2349 696 2382 quae
720 2350 847 2382 paucas
870 2343 1002 2372 tantum
1034 2337 1251 2382 antiquitatis
1283 2337 1441 2380 reliquias
1467 2336 1577 2370 conti-

300 2383 392 2421 neat,
424 2380 612 2414 arbitratur
644 2384 845 2425 Cousinery.
876 2386 897 2418 l.
928 2385 949 2419 l.
986 2384 1019 2417 11
1054 2396 1087 2429 p.
1113 2386 1158 2418 69
1189 2384 1263 2418 coll.
1299 2385 1341 2418 61
1378 2395 1450 2428 seq.
1509 2381 1579 2422 Qui

296 2426 385 2459 idem
410 2426 432 2459 l.
458 2425 480 2459 l.
504 2426 537 2459 II
561 2439 595 2471 p.
624 2429 687 2462 161
720 2429 761 2461 de
796 2431 944 2473 Olyntho
991 2430 1144 2474 pluribus
1174 2430 1326 2474 exponit.
1383 2430 1495 2469 Quam
1518 2438 1578 2459 ur—

300 2472 376 2505 bem
405 2471 655 2506 celeberrimam
682 2485 722 2507 eo
746 2475 818 2507 loco
844 2480 1051 2509 exstructam
1075 2476 1181 2510 fuisse
1194 2476 1358 2521 perhibet,
1382 2484 1577 2518 qnemnunc

299 2518 453 2551 vocitent
479 2519 720 2553 Aio-Mamma
745 2519 843 2552 laetis
871 2521 1107 2566 fertilibusque
1127 2522 1255 2566 campis
1280 2521 1517 2554 abundantem.
1534 2537 1577 2542 -—

299 2564 339 2596 In
364 2568 434 2597 not.
462 2575 495 2607 p.
521 2565 589 2598 614
614 2566 665 2598 col
690 2565 827 2599 secund.
855 2566 911 2602 lin,
942 2568 982 2600 13
1007 2578 1067 2610 pro
1093 2571 1224 2602 auctrl
1248 2566 1379 2609 legend.
1406 2570 1522 2597 aucta.

82 2612 131 2647 Ad
157 2611 234 2652 VII,
260 2612 325 2646 123
350 2621 428 2655 pag·
453 2610 531 2644 615.
556 2612 635 2645 616.
687 2613 859 2655 ὒεαροὶἰη
884 2610 1007 2656 (Νέην
1031 2611 1151 2654 πόλιν,
1176 2618 1214 2647 ut
1240 2615 1339 2645 vocat
1364 2609 1579 2647 Herodotus)

302 2668 342 2689 eo
379 2656 453 2688 loco
488 2656 615 2698 fuisse,
640 2669 706 2701 quo
732 2669 819 2691 nunc
841 2658 999 2702 oppidum
1029 2653 1278 2698 Eski-(hiuma,
1303 2656 1402 2689 nullis
1427 2654 1581 2700 quamvis

299 2701 493 2745 insignitum
517 2702 730 2746 antiquitatis
754 2703 917 2748 reliquiis,
942 2706 1063 2738 statuit
1088 2704 1289 2746 Cousinery.
1315 2701 1368 2734 l.l.
1394 2702 1425 2734 ΙΙ
1451 2713 1484 2745 p.
1502 2702 1580 2734 119.

303 2748 356 2781 Ad
381 2749 546 2781 Merulam
569 2749 686 2781 urbem
711 2749 798 2782 idem
821 2750 948 2791 ruinas,
973 2762 1058 2795 quas
1083 2751 1125 2785 ad
1159 2750 1301 2783 Sciones
1325 2749 1441 2782 urbem
1472 2747 1581 2781 refert

302 2793 500 2835 Danvillius,
524 2793 638 2839 aptius
661 2795 783 2828 referri
808 2806 907 2840 posse
932 2801 1031 2841 putat
1055 2797 1135 2830 ibid.
1166 2807 1198 2839 p.
1224 2795 1299 2828 110.
