1897 3340
640 204 944 243 ERATO.
1002 205 1077 242 VI.
1411 209 1496 249 245

227 312 371 366 τάξιος
401 315 444 365 ἐς
471 314 551 369 τὴν
580 310 758 366 Σάμον,
799 310 914 366 πλὴν
955 311 1110 356 ἕνδεκα
1138 315 1266 356 νεῶν.
1304 313 1553 358 τουτέων9ο

197 382 278 426 Βδὲ
309 383 354 424 οἱ
381 380 635 435 τριήραρχοι
663 379 911 434 παρέμενον
948 380 1023 423 καὶ
1060 379 1354 436 ἐναυμάχεον,
1394 381 1495 438 ἀνη-

223 447 540 502 κουστήσαντες
567 451 681 490 τοῖσι
711 452 1014 503 στρατηγοῖσι·
1046 449 1120 491 καί
1150 459 1230 503 σφι
1259 447 1310 492 τό
1340 449 1496 494 κοινόν

223 520 312 560 τῶν
339 516 522 570 Σαμίων
552 513 685 558 ἔδωκε
724 514 797 558 διὰ
825 518 957 559 τοῦτο
987 514 1036 559 τὸ
1066 518 1243 571 πρῆγμα
1282 514 1330 558 ἐν
1359 516 1495 574 στήλῃ

223 581 534 638 ἀναγραφῆναι
563 581 799 638 πατρόθεν,
832 583 891 634 ὥς
919 581 1109 639 ἀνδράσι
1139 581 1347 639 ἀγαθοῖσι
1375 600 1494 640 γενο-
1506 590 1551 626 95

192 655 215 691 4
225 648 416 706 μένοισι·
455 649 527 693 καὶ
557 649 646 693 ἔστι
676 649 785 707 αὕτη
824 648 852 707 ἦ
883 650 1017 708 στήλη
1047 651 1095 696 ἐν
1122 654 1177 708 τῇ
1207 649 1363 709 οἷγορῇ.
1389 649 1495 696 Ἰδό-

218 733 346 773 μενοι
386 717 433 760 δὲ
481 718 556 760 καὶ
593 719 776 774 Λέσβιοι
817 718 924 771 τούς
959 720 1195 775 προσεχέας
1233 718 1493 775 φεύγοντας,

223 782 365 829 τώυτό
397 784 573 829 ἐποίευν
601 792 714 830 τοῖσι
743 788 972 842 Σαμίοι.σι’
1029 786 1089 839 ὥς
1119 786 1165 831 δὲ
1194 787 1268 830 καὶ
1297 789 1340 831 οἱ
1367 792 1495 832 πλεῦ-

88 844 153 890 15
221 868 292 904 νες
321 856 409 896 τῶν
447 852 611 897 Ἰώνων
647 854 824 898 ἐποίευν
863 854 916 898 τὰ
954 854 1066 900 αὐτοὶ
1102 858 1251 899 ταῦτα.
1319 859 1417 899 Τῶν
1448 857 1494 900 δὲ
1551 846 1826 915 ῗξέξῖἶέἶῖἷᾶῇζω

216 918 584 977 παραμεινάντων
623 921 672 965 ἐν
702 926 756 979 τῇ
797 924 1016 979 ναυμαχίῃ
1054 923 1361 979 περιέφθησαν
1395 941 1491 980 τρη-

213 987 377 1044 χύτατα
417 991 545 1040 Χῖοι,
593 989 651 1040 ὥς
691 989 1058 1047 ἀποδεικνύμενοί
1090 1007 1134 1035 τε
1173 991 1278 1047 ἔργα
1314 992 1493 1049 λαμπρὰ

186 1055 293 1100 enat
325 1053 408 1098 οὐκ
438 1056 808 1110 ἐθελοκακέοντες.
853 1061 1115 1116 παρείχοντο
1145 1059 1225 1115 μὲν
1264 1059 1362 1115 γὰρ,
1394 1059 1512 1104 «ὅσ-1

212 1139 293 1178 περ
315 1123 389 1167 καὶ
418 1123 640 1179 πρότερον
660 1127 830 1183 εἰρέθη,

866 1128 966 1180 νέας
997 1126 1168 1181 ἑκατόν,
1199 1129 1274 1172 καὶ
1292 1127 1361 1172 ἐπ’
1393 1127 1490 1172 ἐκοί-

215 1203 319 1248 στης
357 1191 525 1235 αὐτέων
566 1191 731 1247 ἄνδρας
760 1196 1081 1251 τεσσεράκοντα
1123 1199 1213 1239 τῶν
1242 1193 1386 1238 άστῶν
1418 1199 1489 1239 λο-
1547 1222 1550 1225 -

184 1259 352 1316 3γάδας
383 1259 733 1316 ἐπιβατεύοντας.
778 1261 978 1319 ὁρέοντες
1000 1263 1046 1307 δὲ
1066 1262 1172 1314 τοὺς
1191 1262 1380 1314 πολλοὺς
1399 1267 1489 1305 τῶν

213 1326 453 1384 συμμάχων
504 1328 798 1384 προδιδόντας
808 1365 819 1384 ,

879 1331 961 1376 οὐκ
1015 1331 1235 1375 ἐδικαίευν
1280 1330 1518 1386 γενέσθαι5

212 1400 325 1439 τοῖσι
353 1401 526 1440 κακοῖσι
557 1395 706 1441 αὐτῶν
736 1397 906 1455 ὁμοῖοι·
939 1397 1050 1443 άλλά
1079 1396 1172 1456 μετ’
1205 1397 1365 1454 ὀλίγων
1387 1409 1490 1454 συμ-

210 1462 362 1519 μάχων
389 1464 744 1520 μεμουνωμένοι,
782 1465 1097 1518 διεκπλώοντες
1125 1466 1413 1522 ἐναυμάχεον,
1445 1465 1489 1517 ἐς

151 1625 218 1666 56.
248 1625 316 1667 94.
349 1649 400 1654 -
445 1625 520 1661 Pro
551 1623 692 1665 ἕνδεκα
712 1627 818 1667 νεῶν

150 1680 226 1720 duo
248 1681 361 1721 codd.
398 1680 519 1722 δέκα
544 1684 672 1731 νεῶν,
703 1695 816 1721 acce-

149 1738 263 1777 dente
282 1740 401 1779 Valla.
461 1739 514 1776 At
541 1738 620 1778 vid.
650 1741 815 1778 Pausan.

151 1797 240 1841 vll,
263 1798 314 1836 10
337 1797 374 1842 §.
397 1798 434 1836 1.
465 1816 515 1822 —
554 1795 618 1832 Ad
641 1791 816 1848 ἀνηκου-

152 1848 367 1904 στήσαντες
413 1854 517 1891 τοῖσι
556 1857 813 1905 στρατηγοῖσι

146 1909 249 1947 conf.
269 1906 409 1946 Matth.
427 1909 493 1948 Gr.
517 1909 583 1946 Gr.
604 1922 692 1960 pag.
714 1913 810 1951 677.

149 1988 204 1993 ——
225 1965 288 2003 Ad
308 1963 353 2007 vd
373 1962 509 2007 κοινὸν
527 1966 630 2004 conf.
650 1973 750 2004 nott.
761 1965 810 2004 ad

146 2023 191 2071 V,
217 2025 311 2064 109.

202 2078 245 2118 ’ἐν
265 2074 386 2134 στήλῃ
424 2074 711 2131 ἀναγραφῆναι
738 2093 813 2118 πα-

147 2131 306 2187 τρόθεν]
327 2137 353 2173 i.
376 2149 410 2174 e.
429 2139 471 2173 ut
490 2135 668 2173 columnae
684 2137 811 2173 inscri-

147 2193 305 2230 berentur
331 2195 492 2241 nomina,
537 2192 675 2229 adiecto
690 2194 811 2243 patris

145 2251 292 2287 nomine.
349 2251 472 2287 Patris
520 2261 665 2286 nomen
702 2248 810 2286 adie-

146 2312 252 2343 ctum
273 2304 321 2344 ad
349 2305 537 2344 honorem
559 2304 808 2356 dignitatem-

147 2375 222 2414 que
233 2360 450 2413 augendam
470 2363 696 2413 pertinebat.
718 2362 806 2400 vid.

145 2418 418 2457 Wachsmuth.
452 2420 604 2456 Hellen.
639 2418 806 2457 Alterth.

144 2476 192 2512 11.
218 2478 236 2516 1
270 2489 359 2527 pag.
381 2479 476 2517 320.
534 2477 591 2512 Ac
620 2477 708 2513 satis
731 2490 806 2514 no-

145 2538 228 2568 tum
249 2539 302 2570 est
322 2545 390 2584 per
407 2533 542 2569 liberas
571 2533 806 2569 Graecorum

148 2588 316 2626 civitates
332 2590 397 2636 iis,
450 2589 514 2640 qui
545 2587 592 2624 de
613 2590 807 2638 republica

149 2643 246 2680 bene
276 2646 404 2682 meriti
433 2651 578 2692 essent,
609 2645 807 2683 columnas

148 2697 301 2738 honoris
330 2714 440 2738 causa
482 2708 623 2738 erectas
652 2714 808 2739 eomun-

149 2768 225 2806 que
249 2758 418 2794 nomina*
434 2756 493 2796 his
519 2758 705 2796 columnis
745 2759 807 2795 iu-

148 2813 289 2863 scripta
304 2825 396 2853 esse.

932 1625 998 1666 καὶ
1031 1625 1111 1667 ἔστι
1144 1624 1246 1678 αὕτη
1276 1624 1305 1678 ἡ
1341 1623 1463 1678 στήλη
1498 1625 1541 1666 ἐν

873 1684 924 1738 τῇ
946 1679 1094 1738 άγορῇ]
1128 1684 1311 1722 Consulto
1332 1682 1406 1721 hoc
1427 1682 1537 1721 vide-

872 1746 935 1777 tur
955 1740 1143 1778 addidisse
1164 1742 1219 1778 rei
1239 1739 1357 1777 fidem
1372 1741 1540 1777 facturus

871 1794 1051 1834 historiae
1080 1805 1215 1849 pater,
1255 1804 1298 1834 ut
1319 1797 1385 1849 qui
1404 1798 1539 1849 procul

871 1852 988 1891 dubio
1018 1855 1112 1905 ipse,
1175 1855 1285 1892 Sami
1314 1852 1408 1890 dum
1429 1867 1539 1891 com—

868 1911 1090 1948 morabatur
1113 1909 1181 1959 (de
1203 1923 1280 1963 quo
1302 1911 1351 1948 cf.
1371 1917 1469 1949 nott.
1490 1909 1539 1948 ad

866 1968 933 2015 III,
957 1967 1063 2018 60),
1102 1966 1203 2005 hanc
1234 1967 1458 2005 columnam
1479 1969 1539 2006 vi-

867 2022 987 2061 derat.

1103 2079 1197 2130 Cap.
1219 2079 1304 2117 XV.

939 2132 1224 2188 περιέφθησαν
1281 2131 1534 2187 τρηχύτατα]

866 2191 1019 2229 Eodem
1050 2192 1131 2230 fere
1161 2199 1273 2244 pacto
1303 2194 1349 2241 V,
1393 2195 1428 2241 1,
1469 2193 1535 2230 ubi

866 2248 945 2287 vid.
966 2255 1064 2290 nott.

921 2301 1054 2357 ὥσπερ
1088 2303 1156 2344 καὶ
1196 2300 1395 2357 πρότερον
1431 2303 1534 2356 εἶρέ-

863 2363 952 2413 θη]
983 2361 1071 2400 vid.
1091 2375 1204 2413 supra
1235 2363 1297 2410 VI,
1319 2364 1359 2402 8.
1393 2360 1532 2413 εἰρέθη

864 2432 954 2456 cum
982 2419 1100 2456 Gaisf.
1129 2426 1166 2456 et
1194 2417 1331 2456 Matth.
1353 2416 1442 2454 dedi
1461 2431 1531 2469 pro

861 2472 1033 2527 ε’ρῤήθη.
1064 2475 1150 2513 Vid.
1172 2483 1266 2527 nqtt.
1289 2473 1337 2512 ad
1348 2475 1412 2522 lv,
1436 2474 1528 2515 156.
1548 2486 1554 2489 ’

861 2532 923 2569 Ad
935 2533 1101 2569 formam
1112 2531 1310 2573 ἐδικαίευν
1331 2531 1378 2571 cf.
1392 2529 1528 2568 Matth.

867 2591 932 2626 Gr.
970 2590 1037 2626 Gr.
1067 2602 1157 2640 pag.
1193 2591 1287 2629 119.
1346 2589 1439 2624 Mox
1460 2600 1528 2637 pro

867 2640 1019 2685 αὐτέων
1031 2645 1120 2683 dedi
1142 2641 1290 2684 αὐτῶν.
1304 2642 1526 2693 Schweigh.

864 2702 1030 2739 malebat
1051 2697 1176 2741 αὕτοί.

921 2754 1000 2809 μετ’
1031 2753 1178 2810 ὀλίγων
1203 2752 1421 2807 συμμάχων
1462 2767 1526 2802 με-

865 2813 1147 2866 μουνωμένοι]
1197 2812 1319 2849 Affert
1358 2810 1525 2848 wessel.

1550 917 1745 942 sternantur:
1764 915 1809 942 in-

1551 955 1611 981 que
1630 947 1677 976 his
1693 949 1825 978 maxime

1550 981 1631 1017 Chii,

1883 3106 1893 3129 ιι
