1897 3340
95 362 257 389 iudicatam
281 369 368 389 neca-

95 398 182 422 verat
211 394 368 432 deglupue—

95 432 212 465 ratque.

99 994 173 1021 tium
203 992 368 1020 Calchedo-

100 1035 181 1061 nem,
201 1027 312 1054 Antan-

100 1060 204 1096 urum,
228 1060 357 1096 Lampo—
378 1080 464 1086 ,--

422 246 479 285 40
819 236 1278 277 HERODO'PI

428 349 693 406 Καμβύσης,
740 348 974 404 γενόμενον
1017 348 1106 389 τῶν
1145 345 1382 401 βασιληίων
1428 343 1674 393 δικαστέων,
1730 346 1810 390 384

427 418 493 463 ὅτι
517 418 584 462 ἐπὶ
612 415 797 473 χρήμασι
826 416 951 470 δίκην
976 412 1129 456 ἄδικον
1151 392 1341 462 ἐδίκασε,
1372 409 1550 467 σφάξας,
1579 409 1674 453 α’πέ-
1686 415 1732 448 60

425 489 538 540 δειρε
567 490 712 529 πᾶσαν
748 482 828 538 τήν
867 480 1172 536 ἀνθρωπηίην·
1216 480 1420 530 σπαδίξας
1459 477 1504 521 δὲ
1535 475 1676 520 αὐτοῦ

424 554 470 598 τό
504 553 660 608 δέρμα,
691 550 869 606 ἱμάντας
889 548 929 599 ἐξ
960 545 1099 589 αὐτοῦ
1120 546 1266 602 ἔταμε,
1296 546 1368 589 καὶ
1389 545 1567 588 ἐνέτεινε
1598 543 1676 587 τὸν

423 620 594 675 θρόνον
624 620 665 670 ἐς
694 618 772 660 τὸν
801 618 902 669 ἵζων
930 614 1115 666 ἐδίκαζε·
1157 610 1392 663 ἐντανύσας
1422 612 1467 655 δὲ
1502 610 1525 655 ὁ
1556 615 1675 668 Καμ-

426 686 562 744 βύσης
593 685 764 735 ἀπέδεξε
802 680 1010 736 δικαστὴν
1039 679 1150 724 εἶναι
1191 678 1287 722 α’ντὶ
1323 683 1401 722 τοῦ
1431 679 1677 733 Σισάμνεω,

424 756 501 798 τὸν
526 753 779 801 α’ποκτείνας
810 748 1023 804 ἀπέδειρε,
1061 748 1140 791 τόν
1170 750 1304 791 παῖδα
1331 749 1411 789 τοῦ
1433 746 1678 800 Σισάμνεω,
1689 754 1734 787 65

427 818 716 875 ἐντειλάμενός
756 819 800 860 οἱ
835 820 1081 872 μεμνῆσθαι
1127 815 1174 859 ἐν
1209 818 1269 872 τῷ
1310 815 1492 866 κατίζων
1528 813 1677 870 θρόνῳ

301 885 366 929 26
423 887 596 941 δικάζει.
650 881 790 936 Οὗτος
811 879 872 927 ὧν
899 883 921 927 ὁ
937 883 1118 940 Ὀτάνης
1135 882 1158 927 ὁ
1180 881 1503 939 ἐγκατιζόμενος
1521 880 1562 932 ἐς
1583 885 1679 924 τοῦ-

98 961 209 988 manes
231 958 352 993 Byzan>

426 973 503 999 τον
532 955 609 998 τὸν
636 953 822 1008 θρόνον,
863 950 956 996 τότε
987 950 1189 1006 διάδοχος
1217 949 1448 1005 γενόμενος
1478 948 1681 1005 Μεγαβά-
1739 986 1743 988 .

374 1149 543 1194 quuntur
568 1141 704 1177 verba:
745 1136 807 1178 ὅτι
831 1137 894 1177 ἐπὶ
926 1133 1024 1188 χρή·-

374 1211 469 1249 μασι
499 1195 640 1236 ἄδικον
661 1197 777 1245 δίκην
805 1193 971 1241 ἐδίκασε,
1000 1193 1026 1229 i.

374 1268 408 1291 e.
430 1253 518 1303 quod
529 1255 679 1304 pecunia
698 1255 841 1301 accepta
860 1252 1027 1288 iniustam

375 1310 522 1348 dixisset
554 1310 780 1354 sententiam,
812 1308 951 1343 iterum
968 1306 1027 1342 le-

374 1373 517 1416 guntur
534 1366 615 1412 VII,
640 1364 731 1404 194.
774 1364 896 1400 Usum
914 1374 1027 1413 prae-

375 1423 569 1472 positionis
600 1420 666 1460 ἐπὶ
696 1421 734 1456 iu
766 1420 902 1456 talibus
923 1418 1029 1468 attigi

379 1477 426 1514 ad
446 1479 510 1524 ΙΙΙ,
532 1478 598 1517 38.
612 1515 615 1517 ,

434 1583 614 1637 ἀπέδειρε
629 1588 763 1625 πᾶσαν
779 1583 852 1636 τήν
873 1580 1032 1635 ἅνθρω·

378 1644 530 1694 πηΐην]
555 1643 797 1691 Subintellig.
819 1637 957 1689 δοροῖν,
977 1646 1032 1686 ut,

380 1698 452 1736 hoc
472 1700 555 1736 loco
576 1700 701 1745 allato,
723 1697 834 1734 docet
860 1694 1033 1732 Eustath.

383 1754 432 1792 ad
456 1756 502 1791 ΙΙ.
532 1756 587 1790 111
615 1768 654 1805 p.
684 1756 778 1801 283,
810 1756 862 1794 36
890 1766 920 1789 s-
942 1751 1034 1798 374,

385 1811 450 1857 35,
465 1809 647 1847 exhibens
668 1806 929 1858 ἅνθρωπείην
949 1808 1036 1844 coll.

385 1866 517 1917 Odyss.
538 1869 575 1903 X
594 1868 789 1916 pag.379,
810 1865 877 1905 40.
935 1862 1037 1900 Add.

382 1924 535 1959 Pollux.
555 1925 603 1969 ll,
624 1924 649 1963 5
672 1923 766 1969 (ubi
786 1916 1036 1971 ἅνθρωπῆν)

385 1978 566 2015 Herodot.
586 1979 726 2018 V11.21
756 1984 792 2014 et
811 1975 976 2013 Fischer.
989 1974 1036 2012 ad

384 2036 546 2071 Weller.
567 2036 631 2081 ΙΙΙ,
654 2047 687 2070 a.
711 2047 797 2084 pag.
820 2035 913 2074 256-
980 2033 1036 2067 D?

387 2093 465 2141 ipsa
495 2092 604 2127 reita
642 2089 1035 2125 Valckenaerz'us:

388 2145 576 2193 „Crudele
605 2146 851 2196 supplicium,
883 2157 958 2196 qno
979 2145 1039 2179 vi-

389 2203 442 2239 vis
464 2200 679 2238 hominibus
700 2203 794 2238 cutis
816 2199 1039 2237 detraheba-

390 2265 471 2303 tur,
501 2259 622 2294 Persis
643 2259 681 2293 iu
703 2271 770 2294 usu
804 2257 916 2293 fuisse
937 2258 1041 2292 Bris—

389 2315 516 2354 souius
555 2314 664 2350 docet
704 2313 750 2350 de
783 2315 904 2363 Regu.
938 2314 1041 2349 Pers,

390 2372 425 2406 ΙΙ
448 2371 504 2418 [ξ.
525 2369 624 2418 217]
647 2383 684 2420 p.
707 2373 787 2410 330
807 2370 908 2406 conf.
927 2370 1046 2405 &Ves-

392 2426 525 2475 seling.
547 2427 585 2462 in
607 2424 762 2462 Diodor.
784 2426 867 2472 XV,
893 2428 956 2465 10.
986 2426 1046 2460 Ex

393 2481 587 2518 Herodoto
608 2483 777 2518 Valerius
804 2483 907 2518 Max.
928 2482 990 2516 VI.
1012 2495 1044 2516 c.

395 2540 420 2578 3
440 2545 536 2575 extr.
558 2541 595 2578 3.
648 2538 891 2589 „Cambyses,
913 2537 1046 2588 inquit,

395 2595 486 2630 mali
514 2592 710 2631 cuiusdam
742 2593 874 2630 indicis
895 2607 939 2629 vx
962 2606 1046 2629 ‹tor—

399 2662 488 2699 pore
518 2651 656 2700 pellem
693 2649 898 2687 detractum
938 2650 1049 2686 senae

399 2705 568 2749 intendi,
608 2707 644 2742 in
678 2706 797 2757 estque
832 2706 950 2742 filium
973 2706 1050 2741 eius

400 2760 650 2798 iudicaturum
689 2761 881 2799 considere
910 2762 1051 2798 iussit.“

402 2818 472 2854 Cr.
505 2815 560 2855 his
591 2817 692 2855 addit
725 2819 845 2855 vales.
878 2816 925 2854 ad
959 2819 1053 2854 Am-

1082 1139 1200 1173 mian.
1233 1136 1399 1172 Marcell.
1432 1136 1572 1181 XXIII,
1596 1138 1641 1175 ’6.
1672 1136 1738 1175 82.

1083 1205 1170 1244 pag.
1192 1192 1246 1233 52
1276 1192 1337 1230 ed.
1358 1193 1506 1242 VVagn.

1141 1283 1202 1311 σπ
1217 1270 1396 1317 αδίξας
1413 1265 1640 1310 δὲαῦτοῦτὸ
1654 1268 1740 1322 δέρ-

1085 1328 1164 1379 μα]
1196 1328 1329 1364 Glossa
1349 1325 1590 1364 Herodotea:
1622 1338 1645 1364 σ
1658 1342 1686 1364 π
1701 1341 1741 1364 α·

1087 1385 1251 1431 δίξας·
1293 1383 1562 1435 ἐκδείρας·
1596 1379 1742 1429 σπάδιξ

1086 1438 1161 1493 γοῖρ
1187 1436 1322 1489 φλοιὸς
1348 1439 1456 1490 ῥίζης
1477 1439 1675 1490 πρινίνης·
1704 1437 1746 1477 οἴ

1088 1494 1130 1534 δὲ
1158 1496 1342 1545 φοίνικος
1378 1492 1541 1546 ῥάβδον.
1600 1497 1644 1532 In
1667 1507 1742 1546 quo

1089 1549 1410 1603 acquiescendum
1446 1558 1539 1601 puto
1552 1580 1561 1597 ‚
1603 1564 1743 1602 quam-

1091 1619 1207 1660 quam
1227 1607 1333 1643 aliter
1362 1605 1511 1643 videtur
1530 1607 1745 1644 VVesselin-

1090 1665 1174 1714 glo,
1207 1663 1272 1714 qui
1301 1661 1388 1699 huic
1414 1664 1530 1700 verbo
1552 1663 1600 1700 ob
1621 1665 1745 1714 ipsum

1091 1732 1232 1756 nomen
1264 1714 1406 1766 σπάδιξ
1423 1749 1433 1766 ,
1473 1732 1549 1771 quo
1569 1719 1713 1756 avulsus
1730 1732 1747 1756 e

1090 1775 1211 1826 palma
1237 1778 1358 1811 termes
1389 1788 1465 1812 cum
1495 1775 1621 1825 fructu
1650 1781 1746 1812 teste

1093 1832 1215 1868 Gellio
1236 1833 1283 1867 N.
1304 1832 1350 1867 A.
1371 1833 1482 1878 11,26
1503 1832 1748 1882 significatur,

1094 1889 1206 1924 tribui
1225 1888 1307 1924 vult
1326 1888 1750 1937 potestatem-scindendi,

1096 1944 1315 1990 dissecandi,
1365 1944 1585 1981 lancinandi.
1644 1945 1749 1990 Quae

1093 2003 1123 2037 si
1135 2001 1255 2036 valeat
1265 2000 1501 2049 significatio,
1523 1999 1626 2038 haud
1638 2003 1748 2052 equi-

1095 2057 1182 2092 dem
1203 2057 1371 2106 intelligo
1385 2086 1394 2104 ,
1415 2070 1482 2093 cnr
1503 2059 1634 2094 Noster
1654 2070 1748 2094 cou-

1094 2115 1200 2148 tinuo
1222 2112 1380 2149 dixerit:
1421 2109 1585 2164 ἱμάντας
1611 2113 1649 2161 ἐξ
1673 2108 1748 2152 αὖ-

1096 2171 1168 2208 τοῦ
1199 2167 1323 2219 ἔταμε.

1155 2257 1193 2304 ἐς
1211 2255 1280 2297 τόν
1299 2257 1393 2304 ἵζων
1414 2257 1580 2317 ἐδίκαζε]
1612 2257 1674 2296 Ad
1692 2259 1754 2296 10—

1101 2316 1292 2351 outionem
1326 2315 1427 2351 cons.
1459 2316 1502 2361 Y,
1528 2319 1591 2356 12.
1633 2316 1753 2352 Paulo

1101 2378 1207 2421 post:
1249 2369 1291 2408 ἐν
1321 2372 1373 2423 τῷ
1408 2373 1573 2418 κατίζων
1613 2367 1753 2424 θρόνῳ

1103 2422 1250 2473 δικάζει
1269 2433 1303 2462 et
1316 2435 1581 2479 (zap.sequent.
1603 2425 1624 2467 ὅ
1641 2427 1752 2478 ἐγκα-

1102 2478 1298 2532 τιζόμενος
1333 2481 1370 2528 ἐς
1394 2486 1535 2522 τοῦτον
1567 2480 1632 2523 τὸν
1663 2479 1754 2535 θρό-

1104 2553 1186 2578 νον.
1237 2539 1309 2573 Pro
1341 2539 1435 2585 ἵζων
1455 2539 1553 2590 apud
1576 2539 1755 2576 Priscian.

1106 2596 1228 2630 xvnl
1265 2608 1302 2644 p.
1336 2595 1452 2635 1174.
1491 2598 1596 2637 1178
1637 2603 1756 2632 exstat

1106 2652 1362 2701 προκατίζων,
1384 2650 1486 2702 quod
1500 2652 1634 2701 iegitur
1647 2665 1756 2702 supra

1109 2709 1136 2753 1,
1162 2707 1223 2746 14.
1282 2707 1379 2742 Infra
1402 2708 1446 2750 V,
1470 2710 1513 2746 71
1540 2708 1638 2755 ἵζετο
1661 2705 1759 2758 πρὸς

1108 2760 1304 2813 τῶγαλμα,
1340 2763 1407 2798 nisi
1430 2761 1501 2800 hoc
1523 2771 1596 2800 est:
1621 2763 1757 2802 adsedi!

1108 2831 1213 2868 prope
1232 2819 1467 2856 simulacrum.
