1897 3340
507 173 962 211 POLYMNIA
1020 173 1117 210 vn.
1378 181 1461 221 τῃ

205 279 436 335 ποιήσατο,
476 281 663 337 ἐπισχών
689 280 875 338 χρόνον,
903 279 946 330 ἐς
976 278 1139 335 ἀγορῆς
1165 297 1248 324 κου
1279 284 1460 338 μάλιστα

204 350 442 404 πληθώρην
479 350 702 403 πρόσοδον
740 347 952 392 ἐποιέετο·
1002 347 1186 403 καὶγὰρ
1230 348 1460 396 ἐπέσταλτο

177 415 252 467 Ξέξ
286 415 514 460 Ἐπιάλτεω
556 415 685 460 οὕτω.
743 414 829 458 ἀπό
859 415 942 471 γὰρ
973 419 1052 458 τοῦ
1092 414 1246 470 οὔρεος
1277 416 1302 471 ἡ
1335 420 1463 462 κατά-

205 487 331 540 βασις
360 484 658 541 συντομωτέρη
686 482 730 525 τέ
760 482 863 537 ἐστι,
891 483 964 526 καὶ
994 482 1258 539 βραχύτερος
1279 482 1301 528 ὁ
1322 489 1520 540 χῶροςὲο

178 553 396 605 3πολλόν,
432 554 541 609 ἥπερ
581 552 608 608 ἦ
649 549 851 605 περίοδός
884 567 927 594 τε
957 552 1029 595 καὶ
1059 550 1282 606 ἀνάβασις.
1340 556 1397 597 Οἵ
1421 571 1465 598 τε

207 620 260 676 δὴ
298 621 517 677 βάρβαροι
564 622 607 663 οἱ
645 618 759 675 ἀμφὶ
800 619 961 673 Ξέρξεα
999 619 1263 676 προσήισαν
1313 623 1386 665 καὶ
1422 624 1466 666 οἱ

207 688 318 744 ἀμφὶ
354 690 579 744 Λεωνίδην
603 688 828 743 ΓΈλληνες,
879 687 938 738 ὠς
963 687 1044 744 τήν
1086 688 1154 731 ἐπὶ
1192 690 1374 748 θανάτῳ
1408 692 1466 744 ἔξ-

207 759 314 800 οδον
342 756 610 812 ποιεύμενοι,
642 756 726 811 ἤδη
766 759 915 812 πολλῷ
943 759 1111 810 μᾶλλον
1146 756 1176 814 ἢ
1214 757 1301 800 κατ’
1332 758 1467 815 ἀρχάς

177 823 434 880 4ἐπεξήϊσαν
465 826 506 875 ές
535 825 584 869 τό
616 822 851 879 εὐρύτερον
880 827 959 866 τοῦ
981 822 1174 879 αὐχένος.
1204 825 1253 868 τὸ
1283 827 1362 882 μὲν
1380 827 1465 883 γὰρ

207 892 345 947 ἔρυμα
385 897 466 935 τοῦ
494 894 652 947 τείχεος
682 890 961 947 ἐφυλάσσετο,
995 894 1038 936 οἱ
1067 892 1112 935 δὲ
1141 891 1226 936 civo}
1258 895 1334 945 τας
1363 903 1523 949 προ-95

207 960 333 1012 τέρας
361 959 524 1015 ἡμέρας
554 958 800 1012 ὑπεξιόντες
832 960 874 1010 ἐς
887 960 939 1002 τοὶ
961 961 1220 1014 στεινόπορα
1242 961 1466 1018 ἐμάχοντο.

179 1028 320 1071 5Τότε
360 1028 437 1084 δὴ,
481 1031 792 1084 συμμίσγοντες
827 1028 904 1080 {2³oe
938 1032 1026 1071 τῶν
1055 1034 1259 1081 στεινῶν,
1289 1031 1469 1076 ἔπιπτον

851 1030 867 1055 ὲ

207 1095 365 1151 πλήθεϊ
393 1097 549 1140 πολλοὶ
578 1100 666 1140 τῶν
696 1094 948 1151 βαρβαρων.
1009 1095 1163 1140 ὄπισθε
1191 1097 1274 1152 γάρ
1305 1101 1349 1142 οἱ
1376 1098 1470 1156 ἡγε-

206 1162 335 1218 μόνες
356 1170 444 1206 τῶν
464 1164 632 1216 τελέων,
664 1164 831 1219 ἔχοντες
852 1163 1074 1220 μάστιγας,
1095 1165 1327 1221 ἐρράπιζον
1353 1167 1468 1211 πάν-

179 1239 266 1274 6τα
299 1231 463 1285 ἄνδρα,
495 1234 577 1276 αἰεὶ
599 1233 638 1284 ἐς
667 1233 715 1276 τό
747 1232 898 1286 πρόσω
929 1231 1256 1286 ἐποτρύνοντες.
1314 1238 1470 1280 πολλοὶ

208 1300 283 1355 μὲν
311 1299 363 1355 δὴ
394 1300 621 1343 ἐσέπιπτον
651 1298 799 1344 αὐτῶν
835 1300 878 1351 ἐς
908 1299 988 1356 τὴν
1016 1300 1257 1354 θάλασσαν,
1287 1306 1359 1348 καὶ
1391 1308 1471 1349 διε-

208 1369 471 1423 φθείροντο·
501 1372 649 1426 πολλῷ
679 1367 716 1413 δ’
733 1369 794 1412 ἔτι
813 1371 992 1420 πλεῦνες
1018 1372 1333 1416 κατεπατέοντο
1366 1374 1495 1426 {moll

155 1544 222 1581 Tu
251 1545 352 1584 conf.
387 1546 502 1583 etiam
529 1545 578 1583 ad
605 1547 672 1595 ΠΙ,
698 1546 751 1588 84
770 1562 809 1600 p.

158 1601 233 1642 151
257 1603 381 1641 allata.

213 1657 252 1705 ἐς
269 1654 418 1710 ἀγορῆς
438 1674 512 1699 κου
533 1655 699 1710 μάλιστα
713 1663 816 1711 πλη-

155 1711 316 1766 θώρην]
347 1716 434 1755 vid.
463 1724 560 1754 nott.
581 1716 630 1754 ad
648 1720 696 1766 ΙΙ,
722 1721 816 1759 173.

157 1772 239 1816 Qua
275 1773 467 1810 locutione
509 1787 630 1825 quum
664 1774 814 1812 medius

155 1828 278 1864 ferme
308 1828 386 1866 dies
414 1836 479 1866 aut
508 1830 610 1882 quod
639 1833 814 1882 proxime

157 1884 348 1923 antecedit
381 1893 531 1937 tempus
570 1888 814 1938 significetur,

158 1950 327 1992 apparet,
348 1944 473 1980 minus
494 1951 595 1980 recte
616 1944 814 1982 aDiodoro

157 1997 268 2046 tradi,
298 2006 531 2036 nocturnum
552 2002 665 2038 fuisse
702 2014 817 2052 proe-

156 2055 265 2093 lium.
285 2077 342 2084 —
370 2056 434 2093 Ad
453 2070 588 2094 vocem
616 2054 818 2110 πρόσοδον

159 2112 254 2149 conf
269 2120 364 2149 nott.
384 2112 432 2150 ad
458 2115 540 2160 Vll,
562 2117 658 2155 212.

218 2167 272 2214 οἷς
301 2166 376 2220 τήν
406 2169 471 2209 ἐπὶ
494 2166 659 2223 θανάτῳ
680 2169 817 2218 ἔξοδον

161 2220 424 2274 ποιεύμενοι]
474 2226 536 2263 Ad
584 2229 819 2264 locutionem

161 2281 263 2317 conf.
284 2282 330 2327 Π,
356 2284 445 2321 109.
465 2284 530 2330 ΙΙΙ,
555 2283 619 2324 14.
667 2285 821 2330 Quaerit

162 2349 252 2373 vero
275 2335 312 2373 h.
335 2338 359 2373 Ι.
380 2337 577 2386 Valckeu„
609 2354 676 2377 cur
694 2343 821 2378 Hero-

163 2393 274 2430 dotus
305 2392 450 2430 dictum
484 2395 578 2431 illud
613 2397 819 2445 Leonidae,

163 2450 332 2487 Diodoro
350 2451 375 2487 l.
397 2451 433 2497 l.‚
467 2451 639 2487 Ciceroni
660 2452 820 2498 (Tusce.

164 2508 315 2552 Quaest.
338 2509 368 2554 I,
397 2506 463 2554 42,
484 2508 550 2543 ubi
569 2507 646 2544 vid.
673 2510 820 2557 Davis.)

167 2565 337 2601 Senecae
368 2564 548 2611 (suasor.
579 2566 613 2600 ΙΙ
640 2577 726 2614 pag.
749 2566 820 2615 18)

166 2627 534 2657 commemoratum:
578 2617 704 2667 οὕτως
731 2619 821 2672 ἄρι-

167 2679 281 2716 στᾶτε
312 2675 366 2722 ὥς
388 2675 430 2715 ἐν
452 2673 552 2715 ἅδον
582 2673 822 2727 δειπνήσον-

165 2748 228 2780 τες
248 2734 426 2772 omiserit.
475 2732 569 2769 Mihi
588 2733 678 2769 inde
698 2736 823 2785 suspi-

167 2791 225 2827 cio
254 2790 308 2838 fit,
339 2788 413 2827 hoc
439 2788 604 2839 dictum,
632 2797 674 2828 ut
700 2793 821 2829 multa

871 1547 944 1583 alia
978 1546 1209 1596 istiusmodi,
1244 1549 1373 1586 seriori
1406 1556 1528 1588 aetate

870 1604 984 1641 fuisse
1005 1606 1277 1655 excogitatum,

927 1660 967 1707 ές
999 1658 1041 1701 τό
1071 1657 1284 1714 εὐρύτερον
1314 1664 1387 1702 τοῦ
1414 1658 1530 1714 αὐχέ-

870 1718 969 1766 νος]
1001 1719 1026 1756 i.
1040 1731 1081 1755 ε.
1103 1721 1139 1756 in
1173 1721 1410 1769 spatiosiorem
1434 1720 1531 1769 fau-

871 1777 962 1811 cium
967 1778 1105 1824 partem
1115 1779 1195 1812 sunt
1209 1779 1398 1826 progressi.
1409 1778 1443 1812 N
1446 1790 1531 1813 am-

872 1844 947 1882 que
987 1843 1145 1868 omuem
1182 1833 1291 1868 illum
1339 1834 1531 1869 montium

871 1893 1046 1936 tractum,
1059 1889 1098 1924 in
1109 1901 1184 1940 quo
1198 1889 1324 1926 fauces
1336 1889 1532 1926 Thermo-

871 1945 1061 1995 pylarum,
1103 1941 1248 1995 αὐχένα
1289 1945 1364 1982 dici
1403 1947 1532 1983 existi-

872 2014 992 2041 mem.
1032 2002 1143 2038 Cous.
1163 2003 1225 2040 IV.
1249 2002 1302 2043 85
1322 2003 1414 2054 ibiq.
1432 2010 1531 2040 nott.

872 2058 936 2104 VJ,
958 2060 1025 2098 37.
1045 2080 1102 2085 —
1153 2060 1197 2094 In
1226 2072 1331 2110 seqq.
1366 2059 1414 2096 ad
1443 2073 1533 2097 ver-

872 2114 968 2149 bum
987 2111 1213 2162 ὑπεξιόντες
1231 2116 1331 2154 conf.
1352 2117 1416 2164 IV,
1440 2119 1533 2156 120.

873 2171 949 2207 Pro
993 2168 1244 2224 στεινόπορα,
1276 2173 1317 2208 in
1365 2174 1532 2210 Florent-

875 2234 931 2264 est
959 2225 1210 2280 στενόπωρα,
1249 2230 1289 2265 in
1322 2230 1403 2267 aliis
1436 2241 1534 2270 στει-

875 2281 1032 2337 νότερα.
1090 2287 1155 2324 Tu
1176 2286 1225 2323 cf.
1247 2287 1328 2334 VII,
1353 2288 1445 2327 176.

932 2338 1019 2381 τότε
1057 2339 1107 2392 δή
1140 2342 1424 2394 συμμίσγοντες
1461 2341 1533 2390 ἔξω

875 2400 955 2437 τῶν
973 2400 1156 2448 στεινῶν]
1180 2401 1300 2436 Paulo
1321 2401 1430 2436 aliter
1441 2398 1534 2435 haec

876 2462 1078 2492 narrantur
1098 2456 1199 2507 apud
1220 2455 1416 2493 Plutarch.
1439 2457 1474 2490 ΙΙ
1496 2468 1532 2504 p.

876 2512 956 2550 866
985 2513 1033 2550 A.
1075 2513 1233 2552 Diodor.
1264 2515 1337 2555 XI,
1375 2515 1439 2551 10.
1468 2511 1534 2546 Iu-

876 2567 962 2605 stin.
992 2570 1040 2616 11,
1066 2572 1129 2609 1'1.
1161 2571 1266 2607 Oros.
1297 2570 1343 2614 ΙΙ,
1365 2570 1402 2607 9.
1461 2568 1534 2603 At—

879 2624 964 2660 tulit
984 2623 1078 2662 haec
1101 2638 1253 2677 quoque
1272 2621 1456 2660 Valcken.

881 2675 885 2679 ”
936 2678 1148 2730 ε’ρῤάπιζον
1200 2676 1331 2719 πάντα
1378 2676 1531 2729 ἄνδρα]

876 2736 1025 2774 Eadem
1046 2738 1184 2775 Ctesias
1205 2739 1325 2774 Perss.
1338 2737 1532 2785 Excerptt.

878 2794 915 2839 §.
937 2796 1004 2836 23.
1061 2796 1190 2845 Ipsum
1222 2795 1424 2830 Persarum
1452 2805 1535 2829 mo-
