1897 3340
7 3005 11 3073 ’,-
1 2863 10 2990 -4—--
1 2031 9 2851 ffi———ss—-w—-ffl—-ae—
1 1916 4 2018 ---.-
0 1565 6 1906 .‘*-.——-.M,.
0 1529 1 1534 Α

522 147 978 186 POLYMNIA
1036 148 1133 184 VII.

1366 157 1449 197 675

196 257 386 313 Τηλίνην
425 258 557 314 ἔργον
593 260 831 302 τοσοῦτον·
853 254 907 298 τοὶ
935 257 1118 298 τοιαῦτα
1145 255 1229 310 γὰρ
1261 257 1363 313 ἔργα
1393 261 1446 305 οὐ

189 325 299 380 πρὸς
327 330 406 370 τοῦ
437 325 627 378 ἅπαντος
656 323 815 379 ἀνδρὸς
842 320 1050 377 νενόμικα
1077 323 1299 378 γίνεσθαι,
1342 325 1449 370 ἀλλὰ

187 394 297 448 πρὸς
333 398 471 450 ψυχῆς
501 410 544 438 τε
574 393 740 450 ἀγαθῆς
779 391 853 435 καὶ
889 391 1037 446 ῥώμης
1077 389 1311 447 ἄνδρηΐης·
1348 392 1372 436 ὁ
1404 394 1450 437 ὁὲ

186 461 355 516 λέγεται
384 463 496 516 πρὸς
525 465 599 518 τῆς
630 461 833 517 Σικελίης
854 463 943 502 τῶν
972 457 1231 516 οἰκητόρων,
1269 459 1324 503 τοὶ
1350 458 1506 504 ”bne-30

157 530 345 572 7ναντία
381 529 549 574 τούτων
584 529 825 584 πεφυκέναι
852 528 1095 584 θηλυδρίης
1131 543 1177 571 τε
1206 528 1279 572 καὶ
1307 535 1449 585 μαλαα

188 595 380 652 κώτερος
421 596 546 652 ἀνήρ.
604 596 719 640 οὕτω
763 598 842 653 μέν
883 612 968 639 νυν
997 594 1205 652 ἐκτήσατο
1235 601 1369 642 τοῦτο
1400 598 1450 642 τὸ

184 833 234 878 ου’
275 834 376 891 πρδς
414 841 488 879 τοῦ
518 835 692 886 ἅπαντος
715 835 789 878 α’ν-

127 891 258 944 δρός]
319 895 594 933 Valckenaerio
634 903 787 933 auctore

124 952 187 989 vel
246 950 430 989 delendus
481 954 657 990 articulus
713 955 788 992 τοῦ

125 1006 266 1060 (quum
277 1010 316 1045 in
336 1010 520 1047 similibus
532 1010 786 1047 locutionibus

125 1065 220 1102 absit
240 1065 342 1116 apud
367 1065 509 1103 Athen.
539 1068 575 1102 II
602 1080 639 1117 p.
663 1069 716 1108 68
735 1067 784 1103 A.

121 1122 282 1159 Lucian.
308 1123 345 1158 ΙΙ
372 1137 412 1173 p.
439 1124 533 1164 506.
565 1124 712 1161 Zenob.
740 1123 785 1171 V,

123 1180 192 1219 37.
222 1179 371 1215 Aelian.
387 1182 435 1217 N.
449 1180 497 1218 A.
510 1181 613 1228 XIII,
632 1182 670 1220 9.
690 1179 787 1216 Phi-

123 1235 267 1272 lostrat.
302 1236 348 1273 V.
389 1235 557 1287 Sophist.
586 1239 632 1284 II,
662 1239 712 1277 31
746 1238 783 1282 ξ.

122 1290 177 1341 2)
214 1293 276 1329 vel
314 1292 559 1330 scribendum
603 1288 653 1332 ου’
685 1290 785 1345 πρός

122 1350 194 1386 τοῦ
220 1343 398 1396 ’πιόντος
424 1350 468 1398 [i.
493 1363 527 1387 e.
559 1352 632 1388 τοῦ
647 1347 786 1400 τυχόν*-

120 1405 205 1453 τος]
221 1400 388 1457 ἀνδρός,
417 1413 460 1443 ut
479 1406 581 1457 apud
601 1405 784 1458 Sophocl.

123 1460 219 1498 Oed.
232 1463 329 1514 Tyr.
345 1461 440 1511 401,
451 1476 689 1515 quamquam
708 1462 782 1500 hoc

121 1519 236 1556 nimis
266 1525 447 1569 argutum
469 1533 559 1568 esse,
580 1523 706 1571 ipsum
721 1522 783 1557 vi-

121 1586 210 1611 rum
230 1574 388 1613 doctum
409 1575 513 1613 haud
524 1578 645 1614 latuit.
680 1579 783 1614 Mat-

120 1629 225 1668 thiae
251 1633 292 1669 in
324 1634 497 1671 Gramm.
529 1636 593 1671 Gr.
619 1635 656 1679 §.
686 1636 781 1681 316,

120 1686 159 1725 d.
179 1695 261 1726 not.
282 1702 371 1740 pag.
394 1693 475 1731 612
496 1689 534 1728 h.
567 1691 593 1728 l.
615 1691 784 1727 excitans

120 1746 248 1781 omisit
274 1744 462 1783 voculam'
481 1749 576 1795 τοῦ,
606 1760 723 1798 quam
742 1747 783 1783 in

121 1800 287 1838 editione
308 1815 376 1838 sua
395 1803 494 1839 bene
523 1802 620 1839 mihi
639 1805 783 1840 retinu—

116 1858 188 1895 isse
198 1857 369 1907 videtur3
401 1860 541 1910 quippe
553 1861 658 1897 cuius
675 1860 782 1897 eiici-

119 1913 242 1952 endae
262 1916 366 1951 nulla
377 1916 473 1952 iusta
485 1923 640 1967 apparet
654 1929 778 1955 causa.

121 1970 181 2009 Cr.
209 1972 373 2008 conferri
404 1973 486 2010 vult
515 1972 714 2010 Heindorf.
732 1971 781 2010 ad

118 2029 271 2066 Platon.
306 2030 425 2079 Gorg.
462 2030 498 2075 ξ.
524 2032 603 2070 119
625 2044 661 2080 p.
686 2032 777 2070 181.

119 2084 186 2122 Tu
214 2084 304 2126 add,
345 2084 567 2123 Blomfield.
613 2087 779 2123 Glossar.

118 2140 169 2178 ad
206 2139 387 2194 Aeschyl.
424 2141 642 2194 Choephor.
683 2145 778 2184 692.

118 2218 176 2225 -——
204 2198 350 2235 Vocem
369 2196 506 2250 ψυχὴν
528 2200 569 2237 de
590 2202 702 2237 animi
721 2202 779 2236 in-

120 2253 198 2291 dole
228 2255 385 2304 accipio.
407 2255 516 2295 Conf.
539 2258 604 2304 111,
634 2255 684 2297 14
703 2257 778 2293 ibi-

119 2323 195 2362 que
215 2317 312 2349 nott.
332 2331 389 2337 —
426 2313 471 2347 In
499 2325 607 2364 seqq.
626 2308 780 2352 τούτων

120 2366 210 2404 dedi
225 2379 294 2417 pro
320 2366 503 2406 τουτέων.

178 2421 201 2463 ὁ
225 2420 269 2462 δὲ
303 2422 452 2475 λέγεται
476 2418 577 2473 πρός
606 2425 676 2473 τῆς
706 2427 782 2463 2.-

119 2479 253 2530 κελίης
277 2494 314 2519 κ.
337 2494 369 2518 τ.
395 2480 456 2528 λ.]
496 2480 707 2516 Verisimile
739 2481 781 2517 fit

120 2535 360 2574 Herodotum
387 2550 407 2573 e
435 2534 592 2573 Thuriis
620 2537 660 2572 in
680 2536 780 2573 Sici-

119 2593 210 2630 liam
231 2606 384 2646 quoque
403 2594 475 2629 iter
494 2593 637 2640 fecisse,
659 2605 779 2644 quum

119 2650 316 2702 aliquoties
339 2651 486 2687 Siculos
506 2656 694 2686 memoret
722 2655 778 2685 te-

119 2712 203 2754 stes,
233 2713 276 2744 ut
293 2713 442 2758 praeter
462 2705 502 2743 h.
530 2707 554 2742 l.
576 2707 656 2752 Vll,
682 2704 775 2745 165.

121 2764 213 2804 167.
234 2764 321 2801 coll.
347 2766 438 2804 170.
457 2764 521 2812 VI,
542 2761 610 2804 25.
629 2763 676 2810 V,
696 2760 776 2811 473

844 839 942 876 bene
972 838 1195 876 observante
1214 841 1342 892 Heyse
1370 841 1395 878 Ι.
1418 841 1443 878 l.
1462 855 1502 893 p.

845 897 925 935 139
946 896 1030 932 coll.
1050 894 1281 934 Dalilmann.
1310 898 1350 933 in
1379 899 1505 936 Hero-

843 950 921 990 dot.
947 965 984 1002 p.
1018 952 1070 993 55
1103 952 1197 1002 (ubi
1225 967 1294 1004 pro
1317 955 1379 1003 VI,
1405 955 1499 996 165.

845 1010 922 1048 170
951 1021 1083 1059 repon.
1118 1010 1228 1058 VII,
1270 1010 1361 1052 165.
1405 1012 1503 1062 170)

843 1070 880 1100 et
903 1067 995 1106 187.
1027 1065 1288 1118 Quaecunque
1315 1068 1431 1118 igitur
1462 1070 1503 1106 in

840 1118 913 1157 hac
947 1122 1282 1178 Musarumxparte
1305 1123 1352 1160 de
1373 1125 1504 1162 Sicilia

840 1186 1084 1227 enarrantur,
1116 1193 1159 1216 ea
1190 1178 1369 1217 credibile
1399 1189 1453 1219 est
1481 1196 1503 1218 e

839 1236 1117 1273 narrationibus
1144 1243 1224 1273 tam
1245 1239 1416 1288 ipsorum
1438 1239 1521 1276 Sim

840 1292 1016 1328 culorum
1055 1306 1171 1345 quam
1208 1293 1502 1345 Carthaginien-

838 1349 950 1396 sium,
972 1362 1066 1401 quos
1085 1351 1148 1386 ille
1168 1350 1389 1400 offenderit,
1427 1352 1502 1389 ssu-

836 1406 950 1444 xisse.
1010 1407 1095 1444 Vox
1134 1408 1359 1460 θηλυδρίης
1391 1407 1503 1458 (effe-

838 1460 1012 1513 minatus)
1023 1464 1215 1500 invenitur
1235 1477 1389 1516 quoque
1400 1465 1502 1516 apud

836 1519 996 1558 Lucian.
1027 1521 1125 1558 Dial.
1156 1522 1273 1559 Deor.
1303 1522 1337 1559 V
1368 1523 1405 1567 ξ.
1450 1524 1501 1563 13

839 1574 895 1625 (p.
921 1576 1004 1624 13),
1025 1577 1092 1613 ubi
1119 1579 1264 1620 consul.
1286 1579 1439 1630 interpr.
1460 1592 1499 1630 p.

839 1634 919 1673 261
954 1634 1003 1670 Τ.
1023 1635 1069 1673 Π.
1092 1635 1180 1686 Bip.

1050 1723 1140 1774 Cap.
1163 1723 1291 1763 cmv.

896 1798 1128 1854 Κλεάνδρου
1162 1799 1206 1840 δὲ
1234 1803 1306 1841 τοῦ
1337 1800 1498 1842 Παντά-

837 1872 926 1907 ρεος
946 1873 982 1896 κ.
1002 1873 1032 1896 τ.
1057 1859 1120 1906 λ.]
1165 1859 1407 1909 Temporum
1436 1873 1499 1896 ra-

836 1915 958 1951 tiones
978 1916 1029 1950 ita
1048 1916 1136 1951 licet
1160 1917 1388 1952 constituere
1409 1928 1499 1953 cum

837 1971 879 2007 C.
892 1972 933 2009 F.
949 1972 1158 2008 Hermann.
1181 1971 1334 2009 Griech.
1349 1973 1499 2010 Staats-

836 2026 985 2064 alterth.
1016 2029 1050 2073 ξ.
1074 2027 1126 2068 85
1146 2035 1226 2068 not.
1252 2029 1277 2070 5
1315 2028 1399 2078 (ubi
1418 2029 1498 2067 vid.

837 2085 997 2130 citata):
1032 2084 1205 2122 Cleander
1235 2098 1335 2122 auno
1357 2085 1439 2127 505
1461 2099 1496 2124 a.

837 2139 927 2179 Chr.
957 2152 1019 2187 n.3
1063 2141 1302 2192 Hippocrates
1330 2141 1399 2191 (de
1419 2156 1497 2194 quo

836 2199 952 2234 etiam
971 2198 1034 2244 VI,
1055 2201 1128 2245 23)
1159 2197 1262 2246 4983
1293 2199 1380 2236 Gelo
1399 2197 1495 2247 491,

836 2255 902 2306 qui
920 2253 1024 2290 idem
1049 2252 1131 2295 485
1161 2267 1190 2291 S.
1211 2253 1294 2296 484
1326 2256 1496 2307 Syracu-

835 2324 893 2348 sas
923 2312 1023 2361 cepit
1050 2317 1301 2363 mortuusque
1329 2319 1383 2349 est
1411 2311 1494 2354 478

834 2367 1040 2418 imperium
1074 2368 1294 2419 relinquens
1333 2369 1494 2416 Hieroni,

834 2430 927 2460 teste
947 2423 1104 2462 Diodor.
1127 2425 1195 2472 XI,
1209 2427 1276 2466 38.
1324 2426 1403 2462 Nec
1424 2426 1495 2461 ali·-

836 2485 893 2515 ter
922 2480 1004 2516 fere
1030 2479 1203 2518 Boeckh.
1237 2483 1410 2532 Explicc.
1445 2480 1492 2517 ad

834 2534 986 2574 Pindar.
1007 2536 1066 2573 Ol.
1086 2538 1104 2572 I
1124 2551 1162 2587 p.
1178 2540 1268 2584 100,
1287 2539 1353 2589 qui
1374 2537 1493 2573 Gelo-

833 2604 925 2628 nem
959 2590 1050 2628 iude
1084 2593 1130 2630 ab
1173 2593 1326 2644 Olymp.
1358 2595 1424 2639 72,
1464 2594 1491 2632 2

833 2648 950 2685 Gelae
981 2655 1017 2685 et
1040 2647 1130 2686 inde
1161 2649 1208 2686 ab
1240 2651 1393 2700 Olymp.
1423 2650 1490 2693 73,

830 2704 862 2745 4*
896 2717 1017 2757 usque
1057 2704 1106 2742 ad
1141 2706 1208 2753 75,
1239 2708 1262 2744 3
1295 2703 1489 2755 Syracusis

829 2774 1003 2812 regnasse
1041 2762 1162 2813 ponit.
1230 2762 1369 2812 Neque·
1401 2766 1493 2796 ante

1126 2815 1210 2856 43*

1586 660 1625 681 ua
1641 654 1738 682 ration

0 669 120 718 *4154
186 664 330 720 γέρας.
387 663 649 721 Κλεάνδρου
686 665 733 710 δὲ
760 668 843 709 τοῦ
885 663 1142 721 Παντάρεος
1171 664 1450 723 τελευτήσαν·
1517 652 1597 724 ῗήῗιι

1600 696 1647 716 um
1666 664 1773 725 Gelai}5
