1897 3340
0 2646 36 3340 Ξῑτῆῌΐτῇ*
27 2766 30 2814 ἢ
9 2704 14 2717 ⁶
8 2672 18 2689 ³
0 2321 15 2642 —.—„.-..-....-.-.⁴—-

316 733 382 778 76

114 797 232 832 Nempe
250 797 385 825 cleome-

114 840 166 859 nes
180 832 350 867 Argolidom

440 232 525 272 334

441 339 634 396 μάρητον
662 337 872 393 γευόμενα
898 337 1046 394 λέγειν.

845 231 1299 268 11ERODOT1

1103 337 1161 390 ὥς
1200 339 1246 382 δὲ
1286 338 1510 395 Ἀθηναῖοι
1537 344 1696 396 μοῦνοι

442 408 640 463 λέγουσι,
669 405 780 450 διότι
810 406 852 458 ἐς
867 405 1087 450 Ἐλευσῖνα
1116 406 1311 461 ἐσβαλών
1341 406 1475 461 ἔκειρε
1503 405 1552 449 τό
1582 407 1697 462 τέμε-

441 491 520 525 νος
554 477 641 517 τῶν
669 479 806 517 θεῶν·
837 473 894 525 ὠς
924 475 970 517 δὲ
996 473 1201 528 Ἀργεῖοι,
1243 473 1309 516 ὅτι
1347 474 1388 525 ἐξ
1419 476 1520 527 ἱροῦ
1549 474 1754 518 αὕτῶν7ο

441 546 520 585 τοῦ
539 541 700 597 ’Ἀργου
727 542 926 596 Ἀργείων
954 540 1058 591 τοὺς
1086 539 1418 596 καταφυγόντας
1441 541 1486 584 ἐκ
1515 545 1590 597 τῆς
1618 542 1697 598 μᾶ-

440 625 517 664 χης
546 608 834 662 καταγινέων,
865 608 1112 659 κατέκοπτε,
1141 610 1215 651 καὶ
1237 607 1342 652 αὐτὸ
1373 607 1503 660 ἄλσος
1531 610 1579 653 ἐν
1599 608 1697 654 ἄλο-

439 679 512 734 γίῃ
543 677 649 732 ἔχων
678 675 893 731 ἐνέπρησε.

515 743 747 798 Κλεομένεϊ
780 744 863 798 γὰρ
907 741 1214 799 μαντευομένῳ
1256 743 1302 785 ἐν
1333 747 1547 799 Δελφοῖσι
1583 743 1702 800 ἐχρή·

113 866 182 893 olim
210 873 386 905 agg-rossus,

113 907 178 926 culn
203 901 342 934 Argu-os,

388 986 474 1016 ante
507 980 586 1030 ipse
616 979 832 1018 Herodotus
871 980 1041 1020 dixisset:

386 1034 586 1086 ἐπιταμών
615 1034 689 1087 γάρ
716 1034 815 1076 κατοῖ
835 1041 960 1089 μῆκος
976 1037 1045 1086 τὰς

387 1089 546 1143 σάρκας.
569 1093 772 1130 Pausanias
786 1095 919 1131 eadem
932 1109 1044 1132 enar-

387 1162 473 1185 rans
509 1149 575 1196 ΙΙΙ,
603 1149 629 1189 4
661 1151 699 1195 §.
729 1150 775 1190 5:
816 1151 1045 1203 ἐτίτρωσκεν

389 1201 506 1251 αὐτὸς
549 1202 666 1244 αὑτὸν
707 1205 775 1245 καὶ
813 1205 960 1261 διεξῄει
998 1205 1042 1247 τὸ

389 1263 501 1311 σῶμα
519 1257 627 1300 ἅπαν
648 1258 807 1301 κόπτων
827 1279 867 1302 τε
888 1264 954 1302 καὶ
979 1267 1045 1303 λυ-

387 1312 641 1368 μαινόμενος.
666 1339 721 1346 ——
758 1319 820 1356 Ad
850 1316 1044 1372 α’νέγνωσε

339 1415 342 1420 ⁴
388 1373 605 1426 (persuasit)
629 1375 729 1413 conf.
748 1377 777 1423 I,
800 1378 867 1417 68.
887 1379 952 1424 111,
976 1380 1041 1418 61.

445 1429 498 1477 ὥς
515 1429 556 1469 δέ
577 1427 800 1482 ,Ἀθηναῖοι
820 1436 963 1483 μοῦνοι
978 1432 1044 1472 λέ-

385 1488 528 1538 γουσι]
575 1490 718 1538 μοῦνοι
748 1501 769 1525 a
799 1490 967 1540 pluribus
996 1491 1045 1526 li-

385 1545 459 1580 bris
477 1544 590 1582 abest.
651 1544 829 1581 Ceterum
856 1547 1044 1583 narratio-

384 1601 441 1635 nis
490 1599 699 1636 dissensum
745 1609 852 1638 notat
890 1616 1043 1654 quoque

385 1656 549 1692 Pausan.
571 1658 635 1702 ΙΙΙ,
659 1657 683 1696 4
706 1657 742 1701 ξ.
766 1657 804 1697 5.

444 1710 543 1750 διότι
555 1713 592 1759 ἐς
605 1708 808 1752 Ἐλευσῖνα
832 1711 1038 1765 ἐσβαλών]

387 1767 497 1805 Conf.
519 1769 563 1815 V,
595 1767 649 1808 74
680 1775 717 1805 et
748 1771 908 1807 Pausan.
930 1772 994 1819 111,
1016 1770 1042 1811 4

387 1826 422 1869 ξ.
443 1826 480 1863 2.
512 1826 569 1861 De
599 1826 748 1874 Argivis
768 1826 960 1863 trucidatis
995 1827 1043 1864 cf.

386 1881 449 1927 VI,
481 1883 546 1921 79.
589 1881 763 1931 Τέμενος
786 1884 851 1920 vix
880 1884 1046 1919 multum

386 1936 497 1974 distat
518 1938 563 1973 ab
586 1950 630 1973 eo
661 1939 764 1989 quod
784 1941 954 1990 sequitur
971 1937 1045 1978 α’λ-

387 2006 467 2039 σος.
517 1994 626 2032 Conf.
648 1996 709 2042 Vl,
732 1998 784 2036 79
808 2002 844 2032 et
872 1995 1046 2034 Eustath.

387 2049 434 2086 ad
463 2050 506 2086 ll.
540 2064 578 2101 p.
611 2052 706 2097 907,
737 2055 780 2092 31
810 2066 838 2089 s-
861 2055 956 2098 868,
978 2054 1046 2093 29.

389 2105 632 2157 καταγινέων
662 2107 856 2144 Suidas's.
878 2122 914 2145 v.
936 2110 986 2145 T.
1011 2110 1046 2144 ΙΙ

388 2175 473 2212 pag.
495 2163 575 2202 253
612 2170 647 2199 et
669 2165 799 2200 Glossa
830 2164 1046 2201 Herodotea

389 2219 489 2253 male
511 2219 703 2268 explicant
719 2216 938 2259 καταλύων.
969 2223 1046 2257 Re-

387 2275 493 2319 ctius,
517 2282 672 2312 notante
688 2277 942 2325 VVesselingio
954 2308 963 2323 ,
976 2290 1047 2313 ex·-

388 2331 585 2380 pli‹·assent
607 2328 798 2383 κατάγων.
857 2334 914 2368 De
943 2334 1045 2383 Argo

388 2385 505 2422 heroe
530 2388 629 2423 conf.
652 2389 814 2425 Pausan.
835 2390 881 2435 11,
905 2392 1046 2429 16.22.

387 2442 454 2482 34.
476 2443 540 2487 111,
562 2442 601 2482 4.

443 2496 486 2537 έν
523 2494 661 2550 ἀλογίῃ
693 2497 819 2549 ἔχων]
863 2499 1050 2550 Despectui

388 2554 528 2601 habens,
550 2555 641 2592 m'lul
662 2558 844 2605 respiciens
865 2558 939 2593 luci
960 2571 1049 2593 san-

388 2612 571 2647 ctitatem.
630 2613 671 2647 ln
704 2614 892 2649 Sancrofti
922 2614 1042 2650 libro:

386 2665 428 2706 ἐν
450 2663 587 2720 α’λογίῃ
611 2664 721 2717 σχών.
765 2670 814 2704 At
836 2676 936 2705 recte
957 2671 1043 2706 vnl-

388 2730 515 2773 gatam
541 2731 666 2760 tuetur
695 2726 856 2764 wessel.
892 2739 939 2762 ex
961 2727 1040 2773 vll,

388 2782 481 2819 226.
513 2780 673 2831 Procop.
695 2782 836 2829 B.V.1,
851 2785 917 2822 20.
939 2782 1041 2820 Add-

387 2836 528 2873 Herod.
548 2838 610 2884 lv,
628 2837 718 2879 150.
738 2839 784 2885 Il,
811 2837 899 2878 141.

415 816 532 867 Ξσθη
551 810 707 866 ’Ἀργος
739 809 943 866 αἱρήσειν.
999 810 1090 854 ἐπεί
1117 826 1162 853 τε
1199 810 1245 853 δὲ
1274 810 1553 867 Σπαρτιήτας
1583 810 1756 867 aya-ms

1280 982 1373 1033 cap.
1392 982 1568 1021 LXXVI.

1155 1039 1240 1080 ἐπεὶ
1263 1054 1302 1078 τε
1321 1036 1363 1078 δὲ
1375 1033 1629 1090 Σπαρτιήτας
1647 1035 1756 1090 ἄγων

1100 1111 1136 1134 κ.
1159 1112 1193 1134 τ.
1225 1096 1279 1144 λ.]
1317 1097 1409 1132 Loci
1437 1101 1623 1132 structura
1641 1096 1756 1146 paulo

1100 1152 1329 1203 impeditior,
1346 1164 1581 1203 quamquam
1603 1150 1651 1188 de
1667 1165 1758 1188 sen-

1099 1222 1144 1246 su
1163 1208 1257 1245 nihil
1279 1208 1452 1244 dubium.
1495 1207 1606 1253 Quod
1626 1207 1675 1245 ad
1695 1221 1757 1245 ar-

1099 1271 1329 1315 gumentum
1344 1265 1486 1311 attinet,
1499 1271 1674 1301 constans
1688 1278 1758 1302 ve-

1100 1329 1225 1358 terum
1235 1322 1307 1357 fuit
1327 1322 1467 1371 opinio,
1479 1320 1639 1357 fluvium
1658 1320 1758 1358 Era-

1101 1380 1214 1415 sinum
1227 1407 1236 1425 ,
1258 1378 1324 1429 qui
1345 1377 1392 1413 ad
1412 1375 1612 1415 meridiem
1635 1379 1759 1427 Argo-

1101 1447 1189 1470 rum
1219 1447 1240 1470 e
1270 1441 1402 1471 monte
1432 1431 1588 1470 Chaone
1618 1447 1759 1485 prove-

1100 1492 1156 1528 nit
1175 1489 1341 1542 indeque
1370 1503 1476 1527 mare
1503 1503 1631 1528 versus
1652 1489 1759 1527 dela-

1100 1548 1226 1594 bitur,
1270 1560 1349 1583 non
1379 1547 1498 1583 alium
1532 1559 1610 1584 esse
1645 1554 1760 1599 atque

1098 1603 1283 1640 Arcadiae
1297 1601 1760 1654 fluviumStymphalium,

1099 1661 1165 1712 qui
1185 1660 1281 1695 infra
1301 1666 1442 1695 terram
1462 1658 1625 1696 ducenta
1639 1659 1760 1697 stadia

1099 1716 1273 1767 perfluat.
1302 1717 1465 1752 Fontem
1475 1716 1621 1752 Erasini
1638 1729 1759 1767 prope

1099 1774 1223 1822 Argos
1252 1784 1355 1808 nunc
1394 1773 1521 1809 vocari
1561 1772 1761 1822 Kephalari

1103 1835 1287 1865 testantur
1298 1826 1485 1864 Dodwell.
1499 1840 1542 1864 ac
1552 1829 1650 1866 Gell.
1671 1828 1760 1866 Vid.

1105 1885 1147 1922 C.
1179 1885 1222 1922 Ο.
1256 1885 1404 1921 Miiller.
1433 1885 1525 1921 Dor.
1550 1885 1586 1921 11
1605 1897 1644 1936 p.
1663 1884 1759 1926 437.

1106 1940 1329 1991 Stymphalis
1365 1941 1454 1977 urbs
1500 1941 1541 1976 in
1573 1940 1760 1978 Arcadiae

1104 1998 1267 2034 convalli
1306 1998 1387 2034 altis
1420 1998 1613 2034 montibus
1652 1997 1759 2049 (qui

1104 2052 1326 2105 Stymphali
1355 2054 1416 2090 vel
1437 2053 1611 2104 Cyllenes
1630 2055 1759 2091 nomi-

1103 2123 1153 2145 ne
1184 2111 1299 2159 vulgo
1330 2115 1501 2146 constant
1523 2117 1559 2147 et
1587 2109 1635 2147 ad
1655 2111 1760 2148 altis-

1101 2167 1195 2202 sima
1228 2166 1480 2215 Peloponnesi
1508 2167 1616 2217 iuga,
1660 2179 1760 2219 quo-

1100 2235 1185 2258 rum
1206 2223 1284 2258 iam
1304 2223 1417 2258 Hom.
1447 2223 1491 2258 Il.
1512 2224 1559 2268 11,
1582 2225 1662 2264 608
1674 2235 1759 2259 me-

1101 2279 1235 2325 minit,
1265 2278 1473 2328 pertinent)
1504 2280 1759 2315 circumcirca

1102 2335 1247 2370 inclusa
1281 2341 1317 2370 et
1351 2333 1596 2385 Stymphaliis
1627 2336 1757 2372 avibus

1103 2391 1279 2439 insignita
1300 2391 1456 2438 iacebat,
1482 2391 1678 2428 Strabonis
1690 2404 1757 2428 ae-

1104 2453 1180 2483 tate
1214 2449 1291 2482 iam
1322 2446 1500 2484 derelicta
1531 2455 1567 2485 et
1601 2447 1758 2496 deserta,

1105 2505 1209 2539 cuius
1231 2504 1404 2554 reliquias
1417 2502 1599 2555 quasdam
1613 2511 1760 2542 exstare

1104 2566 1258 2596 testatur
1278 2558 1464 2598 Dodwell.
1497 2573 1542 2597 eo
1562 2562 1665 2608 loco,
1697 2561 1759 2597 cui

1103 2628 1205 2652 nunc
1219 2616 1267 2653 ob
1289 2617 1487 2653 ecclesiam
1508 2630 1555 2653 ex
1571 2623 1676 2668 parte
1697 2615 1760 2653 di-

1099 2679 1223 2708 rutam
1265 2685 1408 2710 nomen
1452 2672 1659 2711 Catholicon
1697 2672 1759 2710 vel

1098 2736 1252 2779 propter
1298 2730 1564 2766 columnarum
1620 2727 1758 2766 rudera

1099 2785 1261 2826 Κίοιιεϊα.
1320 2785 1430 2822 Conf.
1461 2786 1503 2824 C.
1534 2786 1579 2826 Ο.
1607 2786 1757 2822 Miiller.

1098 2842 1123 2878 l.
1154 2842 1179 2878 1.
1210 2843 1245 2877 11
1274 2854 1363 2892 pag.
1397 2840 1491 2882 439.
1522 2842 1679 2880 Siebelis
1709 2838 1757 2878 ad
