<?xml version="1.0" encoding="UTF-8"?>
<!DOCTYPE html PUBLIC "-//W3C//DTD XHTML 1.0 Transitional//EN"
    "http://www.w3.org/TR/xhtml1/DTD/xhtml1-transitional.dtd">
<html xmlns="http://www.w3.org/1999/xhtml" xml:lang="en" lang="en">
 <head>
  <title>
</title>
<meta http-equiv="Content-Type" content="text/html;charset=utf-8" />
  <meta name='ocr-system' content='tesseract 3.04.00' />
  <meta name='ocr-capabilities' content='ocr_page ocr_carea ocr_par ocr_line ocrx_word'/>
</head>
<body>
  <div class='ocr_page' id='page_1' title='image "./musaeher03hero/musaeher03hero_0779.png"; bbox 0 0 1897 3340; ppageno 0'>
   <div class='ocr_carea' id='block_1_1' title="bbox 485 185 1422 231">
    <p class='ocr_par' dir='ltr' id='par_1_1' title="bbox 485 185 1422 231">
     <span class='ocr_line' id='line_1_1' title="bbox 485 185 1422 231; baseline 0.004 -9"><span class='ocrx_word' id='word_1_1' title='bbox 485 185 1115 224; x_wconf 82' lang='lat' dir='ltr'><strong>POLYMNIA.V11.</strong></span> <span class='ocrx_word' id='word_1_2' title='bbox 1339 192 1422 231; x_wconf 74' lang='lat'><strong>765</strong></span> 
     </span>
    </p>
   </div>
   <div class='ocr_carea' id='block_1_2' title="bbox 42 291 1747 501">
    <p class='ocr_par' dir='ltr' id='par_1_2' title="bbox 42 291 1734 501">
     <span class='ocr_line' id='line_1_2' title="bbox 42 291 1705 354; baseline -0.001 -17"><span class='ocrx_word' id='word_1_3' title='bbox 42 301 102 346; x_wconf 83' lang='lat'><strong>13</strong></span> <span class='ocrx_word' id='word_1_4' title='bbox 249 292 528 349; x_wconf 77' lang='grc' dir='ltr'><em>Ἀπορὲοντος</em></span> <span class='ocrx_word' id='word_1_5' title='bbox 568 295 613 338; x_wconf 80' lang='grc' dir='ltr'><strong>δὲ</strong></span> <span class='ocrx_word' id='word_1_6' title='bbox 643 293 842 349; x_wconf 83' lang='grc' dir='ltr'><em>βασιλέος</em></span> <span class='ocrx_word' id='word_1_7' title='bbox 880 291 906 335; x_wconf 83' lang='grc' dir='ltr'>ὅ</span> <span class='ocrx_word' id='word_1_8' title='bbox 952 308 991 335; x_wconf 89' lang='grc' dir='ltr'>τι</span> <span class='ocrx_word' id='word_1_9' title='bbox 1030 291 1230 347; x_wconf 81' lang='grc' dir='ltr'><em>χρήσεται</em></span> <span class='ocrx_word' id='word_1_10' title='bbox 1256 299 1316 354; x_wconf 74' lang='grc' dir='ltr'><strong>τῷ</strong></span> <span class='ocrx_word' id='word_1_11' title='bbox 1344 314 1420 340; x_wconf 76' lang='grc' dir='ltr'><strong>πα-</strong></span> <span class='ocrx_word' id='word_1_12' title='bbox 1477 308 1530 335; x_wconf 59' lang='grc' dir='ltr'>,κιρ</span> <span class='ocrx_word' id='word_1_13' title='bbox 1515 317 1549 335; x_wconf 60' lang='grc' dir='ltr'><strong>ιιι</strong></span> <span class='ocrx_word' id='word_1_14' title='bbox 1569 308 1705 342; x_wconf 70' lang='grc' dir='ltr'>ριῑιιριιιι»</span> 
     </span>
     <span class='ocr_line' id='line_1_3' title="bbox 171 341 1746 420; baseline -0.003 -15"><span class='ocrx_word' id='word_1_15' title='bbox 171 361 315 416; x_wconf 85' lang='grc' dir='ltr'><em>ρεόντι</em></span> <span class='ocrx_word' id='word_1_16' title='bbox 342 362 570 417; x_wconf 78' lang='grc' dir='ltr'><strong>πρήγματι,</strong></span> <span class='ocrx_word' id='word_1_17' title='bbox 596 361 821 415; x_wconf 80' lang='grc' dir='ltr'><strong>Ἐπιάλτης</strong></span> <span class='ocrx_word' id='word_1_18' title='bbox 842 359 864 402; x_wconf 92' lang='grc' dir='ltr'>ὁ</span> <span class='ocrx_word' id='word_1_19' title='bbox 885 358 1175 415; x_wconf 79' lang='grc' dir='ltr'><em>Εὐρυδήμου,</em></span> <span class='ocrx_word' id='word_1_20' title='bbox 1207 358 1315 416; x_wconf 79' lang='grc' dir='ltr'><em>ἀνὴρ</em></span> <span class='ocrx_word' id='word_1_21' title='bbox 1330 367 1421 420; x_wconf 86' lang='grc' dir='ltr'><strong>Μη-</strong></span> <span class='ocrx_word' id='word_1_22' title='bbox 1478 343 1538 402; x_wconf 54' lang='grc' dir='ltr'>εἶἰίῖ</span> <span class='ocrx_word' id='word_1_23' title='bbox 1534 342 1688 402; x_wconf 52' lang='lat' dir='ltr'><strong>”mi</strong></span> <span class='ocrx_word' id='word_1_24' title='bbox 1654 343 1690 376; x_wconf 57' lang='grc' dir='ltr'><strong>ΕΙ</strong></span> <span class='ocrx_word' id='word_1_25' title='bbox 1693 341 1746 401; x_wconf 66' lang='grc' dir='ltr'><strong>ἰιιι</strong></span> 
     </span>
     <span class='ocr_line' id='line_1_4' title="bbox 169 409 1747 501; baseline -0.004 -28"><span class='ocrx_word' id='word_1_26' title='bbox 169 430 297 480; x_wconf 58' lang='lat' dir='ltr'><strong>mog,</strong></span> <span class='ocrx_word' id='word_1_27' title='bbox 328 424 435 486; x_wconf 81' lang='grc' dir='ltr'><strong>ἦλθέ</strong></span> <span class='ocrx_word' id='word_1_28' title='bbox 466 431 509 472; x_wconf 87' lang='grc' dir='ltr'><strong>οἷ</strong></span> <span class='ocrx_word' id='word_1_29' title='bbox 537 429 580 480; x_wconf 77' lang='grc' dir='ltr'><strong>ἐς</strong></span> <span class='ocrx_word' id='word_1_30' title='bbox 607 427 778 483; x_wconf 80' lang='grc' dir='ltr'><em>λόγους,</em></span> <span class='ocrx_word' id='word_1_31' title='bbox 809 427 868 479; x_wconf 79' lang='grc' dir='ltr'><strong>ὠς</strong></span> <span class='ocrx_word' id='word_1_32' title='bbox 897 427 1006 483; x_wconf 85' lang='grc' dir='ltr'><em>μέγα</em></span> <span class='ocrx_word' id='word_1_33' title='bbox 1028 444 1068 470; x_wconf 91' lang='grc' dir='ltr'>τι</span> <span class='ocrx_word' id='word_1_34' title='bbox 1085 426 1202 482; x_wconf 76' lang='grc' dir='ltr'><em>παρὰ</em></span> <span class='ocrx_word' id='word_1_35' title='bbox 1223 430 1422 483; x_wconf 77' lang='grc' dir='ltr'><em>βασιλέως</em></span> <span class='ocrx_word' id='word_1_36' title='bbox 1478 409 1747 501; x_wconf 42' lang='grc' dir='ltr'>Ξιέἑῖἶάζῖἶζῖιηιῑῐ</span> 
     </span>
    </p>
   </div>
   <div class='ocr_carea' id='block_1_3' title="bbox 171 493 1750 567">
    <p class='ocr_par' dir='ltr' id='par_1_3' title="bbox 171 493 1750 567">
     <span class='ocr_line' id='line_1_5' title="bbox 171 493 1750 567; baseline -0.002 -27"><span class='ocrx_word' id='word_1_37' title='bbox 171 496 337 540; x_wconf 83' lang='grc' dir='ltr'><em>δοκέων</em></span> <span class='ocrx_word' id='word_1_38' title='bbox 376 498 590 540; x_wconf 75' lang='grc' dir='ltr'><em>οῖ’-σεσθαι</em></span> <span class='ocrx_word' id='word_1_39' title='bbox 628 495 788 550; x_wconf 63' lang='grc' dir='ltr'><em>ἔφρασέ</em></span> <span class='ocrx_word' id='word_1_40' title='bbox 818 511 862 538; x_wconf 85' lang='grc' dir='ltr'><strong>τε</strong></span> <span class='ocrx_word' id='word_1_41' title='bbox 901 512 982 551; x_wconf 80' lang='grc' dir='ltr'><em>την</em></span> <span class='ocrx_word' id='word_1_42' title='bbox 1013 493 1211 549; x_wconf 76' lang='grc' dir='ltr'><em>ἀτραπόν</em></span> <span class='ocrx_word' id='word_1_43' title='bbox 1239 495 1319 551; x_wconf 84' lang='grc' dir='ltr'><em>τὴν</em></span> <span class='ocrx_word' id='word_1_44' title='bbox 1350 496 1421 539; x_wconf 76' lang='grc' dir='ltr'>διὰ</span> <span class='ocrx_word' id='word_1_45' title='bbox 1479 507 1588 566; x_wconf 46' lang='grc' dir='ltr'><strong>1(ῑῃιῗιιιοι</strong></span> <span class='ocrx_word' id='word_1_46' title='bbox 1592 518 1651 567; x_wconf 54' lang='grc' dir='ltr'>»Γεῑι</span> <span class='ocrx_word' id='word_1_47' title='bbox 1665 513 1750 567; x_wconf 54' lang='lat' dir='ltr'><strong>‘siff</strong></span> 
     </span>
    </p>
   </div>
   <div class='ocr_carea' id='block_1_4' title="bbox 143 549 1751 824">
    <p class='ocr_par' dir='ltr' id='par_1_4' title="bbox 143 549 1751 824">
     <span class='ocr_line' id='line_1_6' title="bbox 169 549 1751 633; baseline -0.001 -25"><span class='ocrx_word' id='word_1_48' title='bbox 169 569 251 608; x_wconf 84' lang='grc' dir='ltr'><strong>τοῦ</strong></span> <span class='ocrx_word' id='word_1_49' title='bbox 282 563 436 618; x_wconf 78' lang='grc' dir='ltr'><em>ου’ρεος</em></span> <span class='ocrx_word' id='word_1_50' title='bbox 457 562 682 618; x_wconf 80' lang='grc' dir='ltr'><strong><em>φέρουσαν</em></strong></span> <span class='ocrx_word' id='word_1_51' title='bbox 712 563 754 613; x_wconf 80' lang='grc' dir='ltr'><strong>ἐς</strong></span> <span class='ocrx_word' id='word_1_52' title='bbox 779 561 1073 618; x_wconf 43' lang='grc' dir='ltr'><em>Θερμοπύλας</em></span> <span class='ocrx_word' id='word_1_53' title='bbox 1105 563 1177 605; x_wconf 79' lang='grc' dir='ltr'><strong>καὶ</strong></span> <span class='ocrx_word' id='word_1_54' title='bbox 1199 549 1523 631; x_wconf 55' lang='lat' dir='ltr'><strong>6t5m38c98551r1¹3</strong></span> <span class='ocrx_word' id='word_1_55' title='bbox 1539 583 1594 633; x_wconf 56' lang='lat' dir='ltr'><strong>iuro</strong></span> <span class='ocrx_word' id='word_1_56' title='bbox 1580 574 1660 600; x_wconf 68' lang='grc' dir='ltr'>υύῐοι</span> <span class='ocrx_word' id='word_1_57' title='bbox 1644 575 1687 600; x_wconf 75' lang='grc' dir='ltr'><strong>οὶτ</strong></span> <span class='ocrx_word' id='word_1_58' title='bbox 1712 574 1751 600; x_wconf 83' lang='lat' dir='ltr'><strong>ir-</strong></span> 
     </span>
     <span class='ocr_line' id='line_1_7' title="bbox 143 609 1751 687; baseline -0.001 -11"><span class='ocrx_word' id='word_1_59' title='bbox 143 632 276 683; x_wconf 71' lang='grc' dir='ltr'><strong>Ξτούς</strong></span> <span class='ocrx_word' id='word_1_60' title='bbox 295 631 428 687; x_wconf 83' lang='grc' dir='ltr'><em>ταύτῃ</em></span> <span class='ocrx_word' id='word_1_61' title='bbox 457 629 777 687; x_wconf 77' lang='grc' dir='ltr'><em>ὑπομείναντας</em></span> <span class='ocrx_word' id='word_1_62' title='bbox 791 629 1019 686; x_wconf 80' lang='grc' dir='ltr'><em>Ἑλλήνων.</em></span> <span class='ocrx_word' id='word_1_63' title='bbox 1051 629 1236 684; x_wconf 73' lang='grc' dir='ltr'><em>ὕστερον</em></span> <span class='ocrx_word' id='word_1_64' title='bbox 1267 632 1313 674; x_wconf 81' lang='grc' dir='ltr'><strong>δὲ</strong></span> <span class='ocrx_word' id='word_1_65' title='bbox 1345 632 1424 675; x_wconf 84' lang='grc' dir='ltr'><strong>δεί</strong></span> <span class='ocrx_word' id='word_1_66' title='bbox 1483 614 1601 667; x_wconf 52' lang='lat' dir='ltr'><strong>cuiae&amp;</strong></span> <span class='ocrx_word' id='word_1_67' title='bbox 1627 609 1751 642; x_wconf 49' lang='lat' dir='ltr'><strong>“iusque</strong></span> 
     </span>
     <span class='ocr_line' id='line_1_8' title="bbox 172 699 1428 754; baseline 0 -11"><span class='ocrx_word' id='word_1_68' title='bbox 172 713 250 751; x_wconf 83' lang='grc' dir='ltr'><strong>σας</strong></span> <span class='ocrx_word' id='word_1_69' title='bbox 278 700 675 754; x_wconf 79' lang='grc' dir='ltr'><em>Λακεδαιμονίους,</em></span> <span class='ocrx_word' id='word_1_70' title='bbox 718 700 850 754; x_wconf 74' lang='grc' dir='ltr'><em>ἔφυγε</em></span> <span class='ocrx_word' id='word_1_71' title='bbox 890 699 931 749; x_wconf 78' lang='grc' dir='ltr'><strong>ἐς</strong></span> <span class='ocrx_word' id='word_1_72' title='bbox 965 700 1225 753; x_wconf 80' lang='grc' dir='ltr'><em>Θεσσαλίην·</em></span> <span class='ocrx_word' id='word_1_73' title='bbox 1267 700 1343 742; x_wconf 87' lang='grc' dir='ltr'><strong>καί</strong></span> <span class='ocrx_word' id='word_1_74' title='bbox 1383 700 1428 743; x_wconf 77' lang='grc' dir='ltr'><strong>οἱ</strong></span> 
     </span>
     <span class='ocr_line' id='line_1_9' title="bbox 171 764 1426 824; baseline 0 -14"><span class='ocrx_word' id='word_1_75' title='bbox 171 764 378 824; x_wconf 76' lang='grc' dir='ltr'>φυγόντι,</span> <span class='ocrx_word' id='word_1_76' title='bbox 418 765 506 810; x_wconf 75' lang='grc' dir='ltr'><strong>’ὑπὸ</strong></span> <span class='ocrx_word' id='word_1_77' title='bbox 547 770 635 810; x_wconf 76' lang='grc' dir='ltr'><em>τῶν</em></span> <span class='ocrx_word' id='word_1_78' title='bbox 664 765 954 823; x_wconf 78' lang='grc' dir='ltr'><em>Πυλαγόρων,</em></span> <span class='ocrx_word' id='word_1_79' title='bbox 983 769 1072 809; x_wconf 77' lang='grc' dir='ltr'><em>τῶν</em></span> <span class='ocrx_word' id='word_1_80' title='bbox 1095 764 1426 821; x_wconf 81' lang='grc' dir='ltr'><strong>Ἀμφικτυόνων</strong></span> 
     </span>
    </p>
   </div>
   <div class='ocr_carea' id='block_1_5' title="bbox 123 899 389 904">
    <p class='ocr_par' dir='ltr' id='par_1_5' title="bbox 123 899 389 904">
     <span class='ocr_line' id='line_1_10' title="bbox 123 899 389 904; baseline 0 0"><span class='ocrx_word' id='word_1_81' title='bbox 123 899 389 904; x_wconf 95' lang='lat' dir='ltr'><strong> </strong></span> 
     </span>
    </p>
   </div>
   <div class='ocr_carea' id='block_1_6' title="bbox 116 985 497 1093">
    <p class='ocr_par' dir='ltr' id='par_1_6' title="bbox 116 985 497 1093">
     <span class='ocr_line' id='line_1_11' title="bbox 116 985 259 1024; baseline 0.014 -2"><span class='ocrx_word' id='word_1_82' title='bbox 116 985 259 1024; x_wconf 83' lang='lat' dir='ltr'><strong>Herod.</strong></span> 
     </span>
     <span class='ocr_line' id='line_1_12' title="bbox 116 1042 497 1093; baseline 0.003 -15"><span class='ocrx_word' id='word_1_83' title='bbox 116 1043 257 1079; x_wconf 85' lang='lat' dir='ltr'><strong>malam</strong></span> <span class='ocrx_word' id='word_1_84' title='bbox 277 1042 316 1078; x_wconf 88' lang='lat' dir='ltr'><strong>in</strong></span> <span class='ocrx_word' id='word_1_85' title='bbox 336 1049 497 1093; x_wconf 82' lang='lat' dir='ltr'><strong>partem.</strong></span> 
     </span>
    </p>
   </div>
   <div class='ocr_carea' id='block_1_7' title="bbox 302 1131 584 1183">
    <p class='ocr_par' dir='ltr' id='par_1_7' title="bbox 302 1131 584 1183">
     <span class='ocr_line' id='line_1_13' title="bbox 302 1131 584 1183; baseline 0.004 -15"><span class='ocrx_word' id='word_1_86' title='bbox 302 1131 393 1183; x_wconf 75' lang='lat' dir='ltr'><strong>cap.</strong></span> <span class='ocrx_word' id='word_1_87' title='bbox 417 1131 584 1169; x_wconf 82' lang='lat' dir='ltr'><strong>ccxm.</strong></span> 
     </span>
    </p>
   </div>
   <div class='ocr_carea' id='block_1_8' title="bbox 110 1206 783 2334">
    <p class='ocr_par' dir='ltr' id='par_1_8' title="bbox 110 1206 779 2334">
     <span class='ocr_line' id='line_1_14' title="bbox 171 1206 770 1264; baseline -0.002 -14"><span class='ocrx_word' id='word_1_88' title='bbox 171 1206 195 1250; x_wconf 87' lang='grc' dir='ltr'>ό</span> <span class='ocrx_word' id='word_1_89' title='bbox 224 1224 261 1248; x_wconf 88' lang='grc' dir='ltr'>τι</span> <span class='ocrx_word' id='word_1_90' title='bbox 292 1206 477 1262; x_wconf 79' lang='grc' dir='ltr'><em>χρήσεται</em></span> <span class='ocrx_word' id='word_1_91' title='bbox 505 1211 561 1264; x_wconf 79' lang='grc' dir='ltr'><strong>τῷ</strong></span> <span class='ocrx_word' id='word_1_92' title='bbox 582 1207 770 1262; x_wconf 74' lang='grc' dir='ltr'><em>παρεόντι</em></span> 
     </span>
     <span class='ocr_line' id='line_1_15' title="bbox 114 1263 770 1318; baseline -0.002 -13"><span class='ocrx_word' id='word_1_93' title='bbox 114 1263 341 1318; x_wconf 84' lang='grc' dir='ltr'><em>πρήγματι]</em></span> <span class='ocrx_word' id='word_1_94' title='bbox 386 1269 443 1303; x_wconf 89' lang='lat' dir='ltr'><strong>De</strong></span> <span class='ocrx_word' id='word_1_95' title='bbox 469 1268 660 1304; x_wconf 87' lang='lat' dir='ltr'><strong>locutione</strong></span> <span class='ocrx_word' id='word_1_96' title='bbox 683 1267 770 1304; x_wconf 84' lang='lat' dir='ltr'><strong>vide</strong></span> 
     </span>
     <span class='ocr_line' id='line_1_16' title="bbox 115 1323 771 1375; baseline 0.005 -15"><span class='ocrx_word' id='word_1_97' title='bbox 115 1324 163 1360; x_wconf 89' lang='lat' dir='ltr'><strong>sis</strong></span> <span class='ocrx_word' id='word_1_98' title='bbox 183 1330 275 1362; x_wconf 85' lang='lat' dir='ltr'><strong>nott.</strong></span> <span class='ocrx_word' id='word_1_99' title='bbox 299 1323 347 1360; x_wconf 89' lang='lat' dir='ltr'><strong>ad</strong></span> <span class='ocrx_word' id='word_1_100' title='bbox 365 1324 410 1371; x_wconf 87' lang='lat' dir='ltr'><strong>V,</strong></span> <span class='ocrx_word' id='word_1_101' title='bbox 436 1326 499 1363; x_wconf 87' lang='grc'><strong>12.</strong></span> <span class='ocrx_word' id='word_1_102' title='bbox 557 1325 632 1360; x_wconf 86' lang='grc' dir='ltr'>Ριο</span> <span class='ocrx_word' id='word_1_103' title='bbox 657 1325 771 1375; x_wconf 75' lang='grc' dir='ltr'><em>βασι-</em></span> 
     </span>
     <span class='ocr_line' id='line_1_17' title="bbox 116 1379 772 1431; baseline 0 -13"><span class='ocrx_word' id='word_1_104' title='bbox 116 1382 212 1430; x_wconf 82' lang='grc' dir='ltr'><em>λῆος</em></span> <span class='ocrx_word' id='word_1_105' title='bbox 237 1379 324 1416; x_wconf 82' lang='lat' dir='ltr'><strong>dedi</strong></span> <span class='ocrx_word' id='word_1_106' title='bbox 345 1379 538 1431; x_wconf 81' lang='grc' dir='ltr'><em>βασιλέος.</em></span> <span class='ocrx_word' id='word_1_107' title='bbox 578 1382 636 1416; x_wconf 89' lang='lat' dir='ltr'><strong>De</strong></span> <span class='ocrx_word' id='word_1_108' title='bbox 656 1381 772 1431; x_wconf 75' lang='lat' dir='ltr'><em>Ephi-</em></span> 
     </span>
     <span class='ocr_line' id='line_1_18' title="bbox 118 1435 773 1474; baseline 0.002 -1"><span class='ocrx_word' id='word_1_109' title='bbox 118 1436 188 1474; x_wconf 83' lang='lat' dir='ltr'><em>alte</em></span> <span class='ocrx_word' id='word_1_110' title='bbox 208 1435 391 1473; x_wconf 84' lang='lat' dir='ltr'><strong>Valcken.</strong></span> <span class='ocrx_word' id='word_1_111' title='bbox 418 1437 564 1473; x_wconf 85' lang='lat' dir='ltr'><strong>consuli</strong></span> <span class='ocrx_word' id='word_1_112' title='bbox 591 1438 672 1474; x_wconf 78' lang='lat' dir='ltr'><strong>vult</strong></span> <span class='ocrx_word' id='word_1_113' title='bbox 693 1438 773 1474; x_wconf 86' lang='lat' dir='ltr'><strong>Ou-</strong></span> 
     </span>
     <span class='ocr_line' id='line_1_19' title="bbox 118 1492 773 1544; baseline 0.003 -16"><span class='ocrx_word' id='word_1_114' title='bbox 118 1492 302 1544; x_wconf 79' lang='lat' dir='ltr'>dendorp.</span> <span class='ocrx_word' id='word_1_115' title='bbox 324 1492 372 1530; x_wconf 91' lang='lat' dir='ltr'><strong>ad</strong></span> <span class='ocrx_word' id='word_1_116' title='bbox 386 1495 557 1529; x_wconf 88' lang='lat' dir='ltr'><strong>Frontin.</strong></span> <span class='ocrx_word' id='word_1_117' title='bbox 578 1495 624 1539; x_wconf 88' lang='lat'><strong>11,</strong></span> <span class='ocrx_word' id='word_1_118' title='bbox 646 1497 684 1539; x_wconf 79' lang='lat'><strong>2,</strong></span> <span class='ocrx_word' id='word_1_119' title='bbox 708 1497 773 1534; x_wconf 81' lang='lat'><strong>13.</strong></span> 
     </span>
     <span class='ocr_line' id='line_1_20' title="bbox 117 1549 774 1587; baseline 0 -1"><span class='ocrx_word' id='word_1_120' title='bbox 117 1550 231 1586; x_wconf 83' lang='lat' dir='ltr'><strong>Cuius</strong></span> <span class='ocrx_word' id='word_1_121' title='bbox 252 1550 396 1586; x_wconf 81' lang='lat' dir='ltr'><strong>facinus</strong></span> <span class='ocrx_word' id='word_1_122' title='bbox 412 1549 575 1586; x_wconf 82' lang='lat' dir='ltr'><strong>Callidae</strong></span> <span class='ocrx_word' id='word_1_123' title='bbox 595 1557 632 1587; x_wconf 88' lang='lat' dir='ltr'><strong>et</strong></span> <span class='ocrx_word' id='word_1_124' title='bbox 648 1549 774 1586; x_wconf 79' lang='lat' dir='ltr'><strong>Tima-</strong></span> 
     </span>
     <span class='ocr_line' id='line_1_21' title="bbox 110 1605 774 1658; baseline 0 -16"><span class='ocrx_word' id='word_1_125' title='bbox 110 1606 237 1657; x_wconf 76' lang='lat' dir='ltr'><strong>pherni</strong></span> <span class='ocrx_word' id='word_1_126' title='bbox 274 1605 488 1643; x_wconf 77' lang='lat' dir='ltr'><strong>Trachiniis</strong></span> <span class='ocrx_word' id='word_1_127' title='bbox 529 1607 615 1643; x_wconf 86' lang='lat' dir='ltr'><strong>viris</strong></span> <span class='ocrx_word' id='word_1_128' title='bbox 660 1613 774 1658; x_wconf 84' lang='lat' dir='ltr'><strong>atque</strong></span> 
     </span>
     <span class='ocr_line' id='line_1_22' title="bbox 117 1662 776 1713; baseline 0.002 -14"><span class='ocrx_word' id='word_1_129' title='bbox 117 1663 360 1713; x_wconf 79' lang='lat' dir='ltr'><strong>optImatibus</strong></span> <span class='ocrx_word' id='word_1_130' title='bbox 412 1662 588 1699; x_wconf 79' lang='lat' dir='ltr'><strong>adscribit</strong></span> <span class='ocrx_word' id='word_1_131' title='bbox 636 1663 776 1700; x_wconf 88' lang='lat' dir='ltr'><strong>Ctesias</strong></span> 
     </span>
     <span class='ocr_line' id='line_1_23' title="bbox 116 1718 777 1771; baseline 0.002 -16"><span class='ocrx_word' id='word_1_132' title='bbox 116 1721 238 1756; x_wconf 89' lang='lat' dir='ltr'><strong>Perss.</strong></span> <span class='ocrx_word' id='word_1_133' title='bbox 253 1721 289 1764; x_wconf 68' lang='grc' dir='ltr'><strong>ξ.</strong></span> <span class='ocrx_word' id='word_1_134' title='bbox 305 1719 371 1760; x_wconf 83' lang='grc'><strong>24.</strong></span> <span class='ocrx_word' id='word_1_135' title='bbox 406 1718 634 1756; x_wconf 74' lang='lat' dir='ltr'><strong>Tracln&#39;m&#39;um</strong></span> <span class='ocrx_word' id='word_1_136' title='bbox 652 1733 777 1771; x_wconf 87' lang='lat' dir='ltr'><strong>quen-</strong></span> 
     </span>
     <span class='ocr_line' id='line_1_24' title="bbox 119 1775 773 1826; baseline 0 -15"><span class='ocrx_word' id='word_1_137' title='bbox 119 1775 210 1812; x_wconf 92' lang='lat' dir='ltr'><strong>dam</strong></span> <span class='ocrx_word' id='word_1_138' title='bbox 230 1776 363 1822; x_wconf 85' lang='lat' dir='ltr'><strong>fuisse,</strong></span> <span class='ocrx_word' id='word_1_139' title='bbox 384 1788 581 1826; x_wconf 85' lang='lat' dir='ltr'><strong>suppresso</strong></span> <span class='ocrx_word' id='word_1_140' title='bbox 602 1778 773 1824; x_wconf 72' lang='lat' dir='ltr'><strong>nomine,</strong></span> 
     </span>
     <span class='ocr_line' id='line_1_25' title="bbox 118 1831 778 1882; baseline 0.003 -15"><span class='ocrx_word' id='word_1_141' title='bbox 118 1831 260 1868; x_wconf 85' lang='lat' dir='ltr'><strong>indicat</strong></span> <span class='ocrx_word' id='word_1_142' title='bbox 288 1831 475 1869; x_wconf 88' lang='lat' dir='ltr'><strong>Diodorus</strong></span> <span class='ocrx_word' id='word_1_143' title='bbox 503 1834 571 1880; x_wconf 86' lang='lat' dir='ltr'><strong>XI,</strong></span> <span class='ocrx_word' id='word_1_144' title='bbox 593 1835 632 1873; x_wconf 88' lang='grc'><strong>8.</strong></span> <span class='ocrx_word' id='word_1_145' title='bbox 661 1832 778 1882; x_wconf 74' lang='lat' dir='ltr'><strong><em>Ephi-</em></strong></span> 
     </span>
     <span class='ocr_line' id='line_1_26' title="bbox 120 1887 777 1926; baseline 0.002 -2"><span class='ocrx_word' id='word_1_146' title='bbox 120 1888 215 1925; x_wconf 82' lang='lat' dir='ltr'><em>alten</em></span> <span class='ocrx_word' id='word_1_147' title='bbox 234 1895 361 1924; x_wconf 89' lang='lat' dir='ltr'><strong>tamen</strong></span> <span class='ocrx_word' id='word_1_148' title='bbox 382 1889 423 1924; x_wconf 86' lang='lat' dir='ltr'><strong>in</strong></span> <span class='ocrx_word' id='word_1_149' title='bbox 451 1895 582 1924; x_wconf 89' lang='lat' dir='ltr'><strong>mente</strong></span> <span class='ocrx_word' id='word_1_150' title='bbox 602 1887 777 1926; x_wconf 79' lang='lat' dir='ltr'><strong>habuisse</strong></span> 
     </span>
     <span class='ocr_line' id='line_1_27' title="bbox 120 1943 775 1992; baseline 0.002 -11"><span class='ocrx_word' id='word_1_151' title='bbox 120 1943 270 1982; x_wconf 82' lang='lat' dir='ltr'><strong>videtur</strong></span> <span class='ocrx_word' id='word_1_152' title='bbox 297 1945 502 1981; x_wconf 83' lang='lat' dir='ltr'><strong>Pausanias</strong></span> <span class='ocrx_word' id='word_1_153' title='bbox 529 1946 595 1992; x_wconf 89' lang='grc' dir='ltr'>ΙΙΙ,</span> <span class='ocrx_word' id='word_1_154' title='bbox 620 1943 645 1984; x_wconf 79' lang='grc'><strong>4</strong></span> <span class='ocrx_word' id='word_1_155' title='bbox 668 1946 705 1990; x_wconf 80' lang='lat'><strong>§.</strong></span> <span class='ocrx_word' id='word_1_156' title='bbox 736 1948 775 1986; x_wconf 86' lang='lat'><strong>6.</strong></span> 
     </span>
     <span class='ocr_line' id='line_1_28' title="bbox 123 2000 778 2052; baseline 0 -15"><span class='ocrx_word' id='word_1_157' title='bbox 123 2002 325 2038; x_wconf 86' lang='lat' dir='ltr'><strong>Caeterum</strong></span> <span class='ocrx_word' id='word_1_158' title='bbox 348 2007 390 2037; x_wconf 85' lang='lat' dir='ltr'><strong>ut</strong></span> <span class='ocrx_word' id='word_1_159' title='bbox 411 2002 503 2037; x_wconf 89' lang='lat' dir='ltr'><strong>olim</strong></span> <span class='ocrx_word' id='word_1_160' title='bbox 517 2002 638 2037; x_wconf 78' lang='lat' dir='ltr'><strong>Xerxi</strong></span> <span class='ocrx_word' id='word_1_161' title='bbox 654 2000 778 2052; x_wconf 84' lang='lat' dir='ltr'><strong>Ephi-</strong></span> 
     </span>
     <span class='ocr_line' id='line_1_29' title="bbox 123 2056 778 2105; baseline 0.003 -11"><span class='ocrx_word' id='word_1_162' title='bbox 123 2059 215 2094; x_wconf 82' lang='lat' dir='ltr'><strong>altes</strong></span> <span class='ocrx_word' id='word_1_163' title='bbox 252 2059 476 2094; x_wconf 83' lang='lat' dir='ltr'><strong>monstravit</strong></span> <span class='ocrx_word' id='word_1_164' title='bbox 515 2058 690 2094; x_wconf 70' lang='lat' dir='ltr'><strong>semitam</strong></span> <span class='ocrx_word' id='word_1_165' title='bbox 720 2056 778 2105; x_wconf 65' lang='grc' dir='ltr'><strong>(ἑὲ-</strong></span> 
     </span>
     <span class='ocr_line' id='line_1_30' title="bbox 125 2109 779 2165; baseline -0.003 -13"><span class='ocrx_word' id='word_1_166' title='bbox 125 2125 252 2165; x_wconf 83' lang='grc' dir='ltr'><em>φρασε</em></span> <span class='ocrx_word' id='word_1_167' title='bbox 271 2111 343 2162; x_wconf 77' lang='grc' dir='ltr'><em>τὴν</em></span> <span class='ocrx_word' id='word_1_168' title='bbox 360 2109 580 2165; x_wconf 75' lang='grc' dir='ltr'><em>οἷτραπόν),</em></span> <span class='ocrx_word' id='word_1_169' title='bbox 610 2115 662 2151; x_wconf 88' lang='lat' dir='ltr'><strong>ita</strong></span> <span class='ocrx_word' id='word_1_170' title='bbox 684 2115 779 2150; x_wconf 89' lang='lat' dir='ltr'><strong>Ale-</strong></span> 
     </span>
     <span class='ocr_line' id='line_1_31' title="bbox 124 2169 779 2220; baseline 0.003 -15"><span class='ocrx_word' id='word_1_171' title='bbox 124 2169 272 2206; x_wconf 80' lang='lat' dir='ltr'><strong>xandro</strong></span> <span class='ocrx_word' id='word_1_172' title='bbox 299 2172 440 2220; x_wconf 84' lang='lat' dir='ltr'><strong>Magno</strong></span> <span class='ocrx_word' id='word_1_173' title='bbox 474 2173 648 2207; x_wconf 82' lang='lat' dir='ltr'><strong>semitam</strong></span> <span class='ocrx_word' id='word_1_174' title='bbox 676 2170 779 2207; x_wconf 87' lang='lat' dir='ltr'><strong>iudi-</strong></span> 
     </span>
     <span class='ocr_line' id='line_1_32' title="bbox 126 2226 783 2277; baseline 0.003 -15"><span class='ocrx_word' id='word_1_175' title='bbox 126 2239 145 2262; x_wconf 72' lang='grc' dir='ltr'>ε</span> <span class='ocrx_word' id='word_1_176' title='bbox 149 2226 224 2261; x_wconf 77' lang='lat' dir='ltr'><strong>avit</strong></span> <span class='ocrx_word' id='word_1_177' title='bbox 263 2226 429 2275; x_wconf 85' lang='lat' dir='ltr'><strong>proditor</strong></span> <span class='ocrx_word' id='word_1_178' title='bbox 475 2226 577 2277; x_wconf 87' lang='lat' dir='ltr'><strong>apud</strong></span> <span class='ocrx_word' id='word_1_179' title='bbox 624 2226 783 2269; x_wconf 81' lang='lat' dir='ltr'><strong>Diodor.</strong></span> 
     </span>
     <span class='ocr_line' id='line_1_33' title="bbox 127 2282 781 2334; baseline 0.013 -19"><span class='ocrx_word' id='word_1_180' title='bbox 127 2283 189 2318; x_wconf 52' lang='lat' dir='ltr'><strong>XX</strong></span> <span class='ocrx_word' id='word_1_181' title='bbox 193 2282 248 2327; x_wconf 85' lang='grc' dir='ltr'><strong>ΙΙ,</strong></span> <span class='ocrx_word' id='word_1_182' title='bbox 282 2284 336 2321; x_wconf 88' lang='lat'><strong>67</strong></span> <span class='ocrx_word' id='word_1_183' title='bbox 371 2289 407 2318; x_wconf 82' lang='lat' dir='ltr'><strong>et</strong></span> <span class='ocrx_word' id='word_1_184' title='bbox 437 2283 620 2334; x_wconf 87' lang='lat' dir='ltr'><strong>Polyaen.</strong></span> <span class='ocrx_word' id='word_1_185' title='bbox 648 2285 711 2331; x_wconf 87' lang='lat' dir='ltr'><strong>IV,</strong></span> <span class='ocrx_word' id='word_1_186' title='bbox 743 2287 781 2332; x_wconf 86' lang='lat'><strong>3,</strong></span> 
     </span>
    </p>
   </div>
   <div class='ocr_carea' id='block_1_9' title="bbox 128 2313 784 2443">
    <p class='ocr_par' dir='ltr' id='par_1_9' title="bbox 128 2313 784 2443">
     <span class='ocr_line' id='line_1_34' title="bbox 128 2313 782 2388; baseline 0.009 -16"><span class='ocrx_word' id='word_1_187' title='bbox 128 2340 181 2378; x_wconf 84' lang='lat'><strong>27</strong></span> <span class='ocrx_word' id='word_1_188' title='bbox 215 2344 286 2374; x_wconf 87' lang='lat' dir='ltr'><strong>etc.</strong></span> <span class='ocrx_word' id='word_1_189' title='bbox 353 2338 479 2388; x_wconf 90' lang='lat' dir='ltr'><strong>Atque</strong></span> <span class='ocrx_word' id='word_1_190' title='bbox 513 2353 580 2388; x_wconf 90' lang='lat' dir='ltr'><strong>per</strong></span> <span class='ocrx_word' id='word_1_191' title='bbox 619 2313 782 2377; x_wconf 77' lang='lat' dir='ltr'><strong>eandem</strong></span> 
     </span>
     <span class='ocr_line' id='line_1_35' title="bbox 128 2394 784 2443; baseline 0.003 -12"><span class='ocrx_word' id='word_1_192' title='bbox 128 2395 301 2431; x_wconf 82' lang='lat' dir='ltr'><strong>semitam</strong></span> <span class='ocrx_word' id='word_1_193' title='bbox 318 2400 447 2443; x_wconf 88' lang='lat' dir='ltr'><strong>postea</strong></span> <span class='ocrx_word' id='word_1_194' title='bbox 457 2394 608 2430; x_wconf 88' lang='lat' dir='ltr'><strong>Brenno</strong></span> <span class='ocrx_word' id='word_1_195' title='bbox 621 2397 784 2432; x_wconf 87' lang='lat' dir='ltr'><strong>Galatis-</strong></span> 
     </span>
    </p>
   </div>
   <div class='ocr_carea' id='block_1_10' title="bbox 130 2450 785 2839">
    <p class='ocr_par' dir='ltr' id='par_1_10' title="bbox 130 2450 785 2713">
     <span class='ocr_line' id='line_1_36' title="bbox 131 2450 784 2502; baseline 0 -15"><span class='ocrx_word' id='word_1_196' title='bbox 131 2463 206 2502; x_wconf 83' lang='lat' dir='ltr'><strong>que</strong></span> <span class='ocrx_word' id='word_1_197' title='bbox 227 2451 327 2487; x_wconf 85' lang='lat' dir='ltr'><strong>viam</strong></span> <span class='ocrx_word' id='word_1_198' title='bbox 347 2451 386 2485; x_wconf 89' lang='lat' dir='ltr'><strong>in</strong></span> <span class='ocrx_word' id='word_1_199' title='bbox 406 2450 604 2486; x_wconf 82' lang='lat' dir='ltr'><strong>Graeciam</strong></span> <span class='ocrx_word' id='word_1_200' title='bbox 638 2452 784 2501; x_wconf 82' lang='lat' dir='ltr'><strong>patefe-</strong></span> 
     </span>
     <span class='ocr_line' id='line_1_37' title="bbox 131 2506 785 2557; baseline 0 -14"><span class='ocrx_word' id='word_1_201' title='bbox 131 2513 264 2544; x_wconf 65' lang='lat' dir='ltr'><strong>certmt</strong></span> <span class='ocrx_word' id='word_1_202' title='bbox 290 2506 534 2542; x_wconf 79' lang='lat' dir='ltr'><strong>Heracleotae</strong></span> <span class='ocrx_word' id='word_1_203' title='bbox 563 2513 676 2557; x_wconf 89' lang='lat' dir='ltr'><strong>atque</strong></span> <span class='ocrx_word' id='word_1_204' title='bbox 704 2508 785 2543; x_wconf 86' lang='lat' dir='ltr'><strong>Ae-</strong></span> 
     </span>
     <span class='ocr_line' id='line_1_38' title="bbox 130 2564 785 2611; baseline -0.002 -11"><span class='ocrx_word' id='word_1_205' title='bbox 130 2564 273 2610; x_wconf 86' lang='lat' dir='ltr'><strong>nianes,</strong></span> <span class='ocrx_word' id='word_1_206' title='bbox 303 2569 396 2600; x_wconf 89' lang='lat' dir='ltr'><strong>teste</strong></span> <span class='ocrx_word' id='word_1_207' title='bbox 415 2564 579 2599; x_wconf 86' lang='lat' dir='ltr'><strong>Pausan.</strong></span> <span class='ocrx_word' id='word_1_208' title='bbox 602 2564 652 2611; x_wconf 88' lang='lat' dir='ltr'><strong>X,</strong></span> <span class='ocrx_word' id='word_1_209' title='bbox 673 2567 728 2605; x_wconf 79' lang='lat'><strong>22</strong></span> <span class='ocrx_word' id='word_1_210' title='bbox 748 2565 785 2609; x_wconf 62' lang='grc' dir='ltr'><strong>ξ.</strong></span> 
     </span>
     <span class='ocr_line' id='line_1_39' title="bbox 132 2619 785 2669; baseline 0.002 -13"><span class='ocrx_word' id='word_1_211' title='bbox 132 2619 158 2660; x_wconf 86' lang='grc'><strong><em>5</em></strong></span> <span class='ocrx_word' id='word_1_212' title='bbox 179 2620 264 2658; x_wconf 90' lang='lat' dir='ltr'><strong>coll.</strong></span> <span class='ocrx_word' id='word_1_213' title='bbox 285 2619 448 2669; x_wconf 87' lang='lat' dir='ltr'><strong>Appian.</strong></span> <span class='ocrx_word' id='word_1_214' title='bbox 469 2619 557 2669; x_wconf 87' lang='lat' dir='ltr'><strong>Syr.</strong></span> <span class='ocrx_word' id='word_1_215' title='bbox 581 2621 645 2660; x_wconf 90' lang='lat'><strong>18.</strong></span> <span class='ocrx_word' id='word_1_216' title='bbox 711 2620 785 2657; x_wconf 89' lang='lat' dir='ltr'><strong>At-</strong></span> 
     </span>
     <span class='ocr_line' id='line_1_40' title="bbox 132 2673 534 2713; baseline -0.003 -1"><span class='ocrx_word' id='word_1_217' title='bbox 132 2676 217 2713; x_wconf 84' lang='lat' dir='ltr'><strong>tulit</strong></span> <span class='ocrx_word' id='word_1_218' title='bbox 238 2674 330 2712; x_wconf 83' lang='lat' dir='ltr'><strong>haec</strong></span> <span class='ocrx_word' id='word_1_219' title='bbox 351 2673 534 2712; x_wconf 82' lang='lat' dir='ltr'><strong>Valcken.</strong></span> 
     </span>
    </p>

    <p class='ocr_par' dir='ltr' id='par_1_11' title="bbox 133 2727 784 2839">
     <span class='ocr_line' id='line_1_41' title="bbox 189 2727 784 2784; baseline -0.002 -14"><span class='ocrx_word' id='word_1_220' title='bbox 189 2730 256 2770; x_wconf 75' lang='grc' dir='ltr'><strong>καὶ</strong></span> <span class='ocrx_word' id='word_1_221' title='bbox 286 2730 490 2782; x_wconf 83' lang='grc' dir='ltr'>διέφθειρε</span> <span class='ocrx_word' id='word_1_222' title='bbox 527 2745 620 2776; x_wconf 87' lang='grc' dir='ltr'><em>τους</em></span> <span class='ocrx_word' id='word_1_223' title='bbox 661 2727 784 2784; x_wconf 78' lang='grc' dir='ltr'><em>ταύτῃ</em></span> 
     </span>
     <span class='ocr_line' id='line_1_42' title="bbox 133 2782 783 2839; baseline -0.005 -13"><span class='ocrx_word' id='word_1_224' title='bbox 133 2784 427 2839; x_wconf 74' lang='grc' dir='ltr'><em>’ὑπομείναντας</em></span> <span class='ocrx_word' id='word_1_225' title='bbox 448 2782 668 2839; x_wconf 79' lang='grc' dir='ltr'><em>Ελλήνων]</em></span> <span class='ocrx_word' id='word_1_226' title='bbox 702 2788 729 2825; x_wconf 90' lang='lat' dir='ltr'><strong>i.</strong></span> <span class='ocrx_word' id='word_1_227' title='bbox 749 2801 783 2826; x_wconf 82' lang='lat' dir='ltr'><strong>e.</strong></span> 
     </span>
    </p>
   </div>
   <div class='ocr_carea' id='block_1_11' title="bbox 330 982 1484 1037">
    <p class='ocr_par' dir='ltr' id='par_1_12' title="bbox 330 982 1484 1037">
     <span class='ocr_line' id='line_1_43' title="bbox 330 982 1484 1037; baseline 0.001 -15"><span class='ocrx_word' id='word_1_228' title='bbox 330 986 451 1022; x_wconf 90' lang='lat' dir='ltr'><strong>Paulo</strong></span> <span class='ocrx_word' id='word_1_229' title='bbox 491 992 579 1023; x_wconf 89' lang='lat' dir='ltr'><strong>ante</strong></span> <span class='ocrx_word' id='word_1_230' title='bbox 617 982 772 1035; x_wconf 68' lang='grc' dir='ltr'><em>ἀλλοῖος</em></span> <span class='ocrx_word' id='word_1_231' title='bbox 826 984 960 1023; x_wconf 63' lang='lat' dir='ltr'><strong>semita</strong></span> <span class='ocrx_word' id='word_1_232' title='bbox 980 986 1102 1023; x_wconf 81' lang='lat' dir='ltr'><strong>Persis</strong></span> <span class='ocrx_word' id='word_1_233' title='bbox 1126 993 1332 1023; x_wconf 84' lang='lat' dir='ltr'><strong>monstrata</strong></span> <span class='ocrx_word' id='word_1_234' title='bbox 1352 985 1484 1037; x_wconf 87' lang='lat' dir='ltr'><strong>perdi-</strong></span> 
     </span>
    </p>
   </div>
   <div class='ocr_carea' id='block_1_12' title="bbox 823 1041 1494 2841">
    <p class='ocr_par' dir='ltr' id='par_1_13' title="bbox 826 1041 1481 1207">
     <span class='ocr_line' id='line_1_44' title="bbox 828 1041 1480 1093; baseline 0.002 -15"><span class='ocrx_word' id='word_1_235' title='bbox 828 1041 882 1079; x_wconf 87' lang='lat' dir='ltr'><strong>dit</strong></span> <span class='ocrx_word' id='word_1_236' title='bbox 908 1041 1138 1093; x_wconf 81' lang='lat' dir='ltr'><strong>(Ephialtes)</strong></span> <span class='ocrx_word' id='word_1_237' title='bbox 1160 1044 1323 1081; x_wconf 86' lang='lat' dir='ltr'><strong>Graecos</strong></span> <span class='ocrx_word' id='word_1_238' title='bbox 1343 1044 1395 1080; x_wconf 88' lang='lat' dir='ltr'><strong>ibi</strong></span> <span class='ocrx_word' id='word_1_239' title='bbox 1412 1043 1480 1093; x_wconf 89' lang='lat' dir='ltr'><strong>(iu</strong></span> 
     </span>
     <span class='ocr_line' id='line_1_45' title="bbox 826 1097 1481 1150; baseline 0.002 -14"><span class='ocrx_word' id='word_1_240' title='bbox 826 1097 1122 1150; x_wconf 70' lang='lat' dir='ltr'><strong>Thermopylis)</strong></span> <span class='ocrx_word' id='word_1_241' title='bbox 1167 1101 1314 1138; x_wconf 87' lang='lat' dir='ltr'><strong>relictos</strong></span> <span class='ocrx_word' id='word_1_242' title='bbox 1353 1107 1481 1137; x_wconf 90' lang='lat' dir='ltr'><strong>custo-</strong></span> 
     </span>
     <span class='ocr_line' id='line_1_46' title="bbox 827 1155 1193 1207; baseline 0.003 -16"><span class='ocrx_word' id='word_1_243' title='bbox 827 1155 1006 1207; x_wconf 84' lang='lat' dir='ltr'><strong>diamque</strong></span> <span class='ocrx_word' id='word_1_244' title='bbox 1026 1169 1071 1206; x_wconf 65' lang='lat' dir='ltr'><strong>ag</strong></span> <span class='ocrx_word' id='word_1_245' title='bbox 1077 1163 1193 1193; x_wconf 87' lang='lat' dir='ltr'><strong>entes.</strong></span> 
     </span>
    </p>

    <p class='ocr_par' dir='ltr' id='par_1_14' title="bbox 823 1207 1494 2841">
     <span class='ocr_line' id='line_1_47' title="bbox 880 1207 1481 1277; baseline -0.002 -26"><span class='ocrx_word' id='word_1_246' title='bbox 880 1227 959 1251; x_wconf 71' lang='lat' dir='ltr'><strong>vno</strong></span> <span class='ocrx_word' id='word_1_247' title='bbox 983 1215 1062 1251; x_wconf 80' lang='grc' dir='ltr'><em>τῶν</em></span> <span class='ocrx_word' id='word_1_248' title='bbox 1088 1207 1481 1277; x_wconf 75' lang='grc' dir='ltr'><em>Πυλαγόρων-ἆρ-</em></span> 
     </span>
     <span class='ocr_line' id='line_1_48' title="bbox 824 1264 1482 1320; baseline -0.003 -14"><span class='ocrx_word' id='word_1_249' title='bbox 824 1265 967 1320; x_wconf 83' lang='grc' dir='ltr'><em>γύριον</em></span> <span class='ocrx_word' id='word_1_250' title='bbox 1003 1264 1283 1320; x_wconf 76' lang='grc' dir='ltr'><em>ἕπεκηρυχθη]</em></span> <span class='ocrx_word' id='word_1_251' title='bbox 1335 1270 1360 1304; x_wconf 89' lang='lat' dir='ltr'><strong>i.</strong></span> <span class='ocrx_word' id='word_1_252' title='bbox 1395 1282 1426 1305; x_wconf 88' lang='lat' dir='ltr'><strong>e.</strong></span> <span class='ocrx_word' id='word_1_253' title='bbox 1457 1281 1482 1305; x_wconf 87' lang='lat' dir='ltr'><strong>a</strong></span> 
     </span>
     <span class='ocr_line' id='line_1_49' title="bbox 826 1325 1482 1390; baseline -0.005 -27"><span class='ocrx_word' id='word_1_254' title='bbox 826 1325 1021 1375; x_wconf 72' lang='lat' dir='ltr'><strong>Pylagorzs</strong></span> <span class='ocrx_word' id='word_1_255' title='bbox 1047 1326 1185 1390; x_wconf 72' lang='lat' dir='ltr'><strong>publice</strong></span> <span class='ocrx_word' id='word_1_256' title='bbox 1212 1328 1402 1362; x_wconf 74' lang='lat' dir='ltr'><strong>constituta</strong></span> <span class='ocrx_word' id='word_1_257' title='bbox 1431 1329 1482 1361; x_wconf 83' lang='lat' dir='ltr'><strong>est</strong></span> 
     </span>
     <span class='ocr_line' id='line_1_50' title="bbox 829 1382 1483 1431; baseline -0.002 -13"><span class='ocrx_word' id='word_1_258' title='bbox 829 1384 973 1430; x_wconf 76' lang='lat' dir='ltr'><strong>argenti</strong></span> <span class='ocrx_word' id='word_1_259' title='bbox 1002 1395 1134 1418; x_wconf 80' lang='lat' dir='ltr'><strong>summa</strong></span> <span class='ocrx_word' id='word_1_260' title='bbox 1163 1384 1199 1418; x_wconf 79' lang='lat' dir='ltr'><strong>in</strong></span> <span class='ocrx_word' id='word_1_261' title='bbox 1226 1382 1325 1418; x_wconf 76' lang='lat' dir='ltr'><strong>i&#39;llzus</strong></span> <span class='ocrx_word' id='word_1_262' title='bbox 1363 1385 1483 1431; x_wconf 77' lang='lat' dir='ltr'><strong>caput,</strong></span> 
     </span>
     <span class='ocr_line' id='line_1_51' title="bbox 823 1438 1486 1488; baseline 0 -15"><span class='ocrx_word' id='word_1_263' title='bbox 823 1440 1005 1488; x_wconf 73' lang='lat' dir='ltr'><strong>proposita</strong></span> <span class='ocrx_word' id='word_1_264' title='bbox 1026 1440 1076 1485; x_wconf 76' lang='lat' dir='ltr'><strong>ei,</strong></span> <span class='ocrx_word' id='word_1_265' title='bbox 1105 1440 1167 1488; x_wconf 74' lang='lat' dir='ltr'><strong>qui</strong></span> <span class='ocrx_word' id='word_1_266' title='bbox 1182 1438 1293 1485; x_wconf 77' lang='lat' dir='ltr'><strong>illum,</strong></span> <span class='ocrx_word' id='word_1_267' title='bbox 1328 1438 1486 1475; x_wconf 81' lang='lat' dir='ltr'><strong>Gracco-</strong></span> 
     </span>
     <span class='ocr_line' id='line_1_52' title="bbox 830 1496 1485 1545; baseline 0.002 -15"><span class='ocrx_word' id='word_1_268' title='bbox 830 1507 907 1531; x_wconf 79' lang='lat' dir='ltr'><strong>rum</strong></span> <span class='ocrx_word' id='word_1_269' title='bbox 937 1497 1014 1531; x_wconf 80' lang='lat' dir='ltr'><strong>iure</strong></span> <span class='ocrx_word' id='word_1_270' title='bbox 1055 1497 1290 1545; x_wconf 75' lang='lat' dir='ltr'><strong>proscriptum</strong></span> <span class='ocrx_word' id='word_1_271' title='bbox 1327 1496 1485 1543; x_wconf 75' lang='lat' dir='ltr'><strong>omnique</strong></span> 
     </span>
     <span class='ocr_line' id='line_1_53' title="bbox 833 1551 1486 1601; baseline -0.002 -14"><span class='ocrx_word' id='word_1_272' title='bbox 833 1551 952 1588; x_wconf 76' lang='lat' dir='ltr'><strong>divino</strong></span> <span class='ocrx_word' id='word_1_273' title='bbox 975 1555 1080 1601; x_wconf 79' lang='lat' dir='ltr'><strong>atque</strong></span> <span class='ocrx_word' id='word_1_274' title='bbox 1104 1551 1254 1588; x_wconf 71' lang='lat' dir='ltr'><strong>humano</strong></span> <span class='ocrx_word' id='word_1_275' title='bbox 1277 1553 1352 1588; x_wconf 80' lang='lat' dir='ltr'><strong>iure</strong></span> <span class='ocrx_word' id='word_1_276' title='bbox 1373 1563 1486 1588; x_wconf 75' lang='lat' dir='ltr'><strong>exem-</strong></span> 
     </span>
     <span class='ocr_line' id='line_1_54' title="bbox 832 1606 1488 1656; baseline 0 -12"><span class='ocrx_word' id='word_1_277' title='bbox 832 1611 916 1655; x_wconf 73' lang='lat' dir='ltr'><strong>{um‚</strong></span> <span class='ocrx_word' id='word_1_278' title='bbox 943 1608 1089 1644; x_wconf 68' lang='lat' dir='ltr'><strong>tolleret.</strong></span> <span class='ocrx_word' id='word_1_279' title='bbox 1146 1608 1316 1645; x_wconf 72' lang='lat' dir='ltr'><strong>Verbum</strong></span> <span class='ocrx_word' id='word_1_280' title='bbox 1353 1606 1488 1656; x_wconf 79' lang='grc' dir='ltr'>ἐπικη-</span> 
     </span>
     <span class='ocr_line' id='line_1_55' title="bbox 832 1659 1487 1715; baseline -0.006 -12"><span class='ocrx_word' id='word_1_281' title='bbox 832 1659 986 1715; x_wconf 78' lang='grc' dir='ltr'><em>ρύττειν</em></span> <span class='ocrx_word' id='word_1_282' title='bbox 1025 1662 1098 1700; x_wconf 89' lang='lat' dir='ltr'><strong>hoc</strong></span> <span class='ocrx_word' id='word_1_283' title='bbox 1147 1678 1257 1700; x_wconf 87' lang='lat' dir='ltr'><strong>sensu</strong></span> <span class='ocrx_word' id='word_1_284' title='bbox 1295 1665 1487 1700; x_wconf 83' lang='lat' dir='ltr'><strong>invenitur</strong></span> 
     </span>
     <span class='ocr_line' id='line_1_56' title="bbox 833 1719 1486 1771; baseline -0.003 -15"><span class='ocrx_word' id='word_1_285' title='bbox 833 1720 933 1771; x_wconf 89' lang='lat' dir='ltr'><strong>apud</strong></span> <span class='ocrx_word' id='word_1_286' title='bbox 955 1719 1136 1758; x_wconf 89' lang='lat' dir='ltr'><strong>Herodot.</strong></span> <span class='ocrx_word' id='word_1_287' title='bbox 1160 1720 1240 1768; x_wconf 83' lang='lat' dir='ltr'><strong>Vll,</strong></span> <span class='ocrx_word' id='word_1_288' title='bbox 1272 1720 1367 1760; x_wconf 78' lang='lat'>214.</span> <span class='ocrx_word' id='word_1_289' title='bbox 1406 1721 1486 1755; x_wconf 83' lang='lat' dir='ltr'><strong>De-</strong></span> 
     </span>
     <span class='ocr_line' id='line_1_57' title="bbox 831 1775 1486 1826; baseline -0.003 -13"><span class='ocrx_word' id='word_1_290' title='bbox 831 1775 1020 1815; x_wconf 83' lang='lat' dir='ltr'><strong>mosthen.</strong></span> <span class='ocrx_word' id='word_1_291' title='bbox 1051 1778 1107 1812; x_wconf 89' lang='lat' dir='ltr'><strong>De</strong></span> <span class='ocrx_word' id='word_1_292' title='bbox 1135 1777 1215 1813; x_wconf 88' lang='lat' dir='ltr'><strong>fals.</strong></span> <span class='ocrx_word' id='word_1_293' title='bbox 1242 1778 1375 1825; x_wconf 81' lang='lat' dir='ltr'><strong>Legat.</strong></span> <span class='ocrx_word' id='word_1_294' title='bbox 1397 1789 1486 1826; x_wconf 84' lang='lat' dir='ltr'><strong>pag.</strong></span> 
     </span>
     <span class='ocr_line' id='line_1_58' title="bbox 832 1831 1484 1884; baseline -0.009 -11"><span class='ocrx_word' id='word_1_295' title='bbox 832 1832 926 1881; x_wconf 79' lang='grc'>347,</span> <span class='ocrx_word' id='word_1_296' title='bbox 943 1832 996 1872; x_wconf 86' lang='grc'><strong>25</strong></span> <span class='ocrx_word' id='word_1_297' title='bbox 1030 1831 1156 1871; x_wconf 83' lang='lat' dir='ltr'><strong>Reisk.</strong></span> <span class='ocrx_word' id='word_1_298' title='bbox 1172 1831 1319 1884; x_wconf 81' lang='lat' dir='ltr'><strong>Lys.de</strong></span> <span class='ocrx_word' id='word_1_299' title='bbox 1337 1833 1484 1882; x_wconf 86' lang='lat' dir='ltr'><strong>impiet.</strong></span> 
     </span>
     <span class='ocr_line' id='line_1_59' title="bbox 832 1887 1486 1939; baseline 0.002 -15"><span class='ocrx_word' id='word_1_300' title='bbox 832 1888 918 1926; x_wconf 79' lang='lat' dir='ltr'><strong>adv.</strong></span> <span class='ocrx_word' id='word_1_301' title='bbox 948 1888 1134 1927; x_wconf 88' lang='lat' dir='ltr'><strong>Andocid.</strong></span> <span class='ocrx_word' id='word_1_302' title='bbox 1164 1903 1202 1939; x_wconf 87' lang='lat' dir='ltr'><strong>p.</strong></span> <span class='ocrx_word' id='word_1_303' title='bbox 1227 1888 1308 1929; x_wconf 79' lang='lat'><strong>214</strong></span> <span class='ocrx_word' id='word_1_304' title='bbox 1357 1887 1486 1925; x_wconf 80' lang='lat' dir='ltr'><strong>Reisk.</strong></span> 
     </span>
     <span class='ocr_line' id='line_1_60' title="bbox 831 1944 1486 1996; baseline 0 -16"><span class='ocrx_word' id='word_1_305' title='bbox 831 1946 960 1996; x_wconf 81' lang='lat' dir='ltr'><strong>ibique</strong></span> <span class='ocrx_word' id='word_1_306' title='bbox 996 1944 1211 1983; x_wconf 80' lang='lat' dir='ltr'><strong>Markland.</strong></span> <span class='ocrx_word' id='word_1_307' title='bbox 1254 1945 1486 1994; x_wconf 60' lang='lat' dir='ltr'><strong>WVesseling.</strong></span> 
     </span>
     <span class='ocr_line' id='line_1_61' title="bbox 834 2001 1487 2052; baseline 0 -15"><span class='ocrx_word' id='word_1_308' title='bbox 834 2001 882 2037; x_wconf 90' lang='lat' dir='ltr'><strong>ad</strong></span> <span class='ocrx_word' id='word_1_309' title='bbox 901 2001 1057 2038; x_wconf 84' lang='lat' dir='ltr'><strong>Diodor.</strong></span> <span class='ocrx_word' id='word_1_310' title='bbox 1075 2003 1150 2038; x_wconf 76' lang='lat' dir='ltr'><strong>Sic.</strong></span> <span class='ocrx_word' id='word_1_311' title='bbox 1163 2002 1266 2049; x_wconf 83' lang='lat' dir='ltr'>XIII,</span> <span class='ocrx_word' id='word_1_312' title='bbox 1281 2003 1305 2041; x_wconf 91' lang='lat'>6</span> <span class='ocrx_word' id='word_1_313' title='bbox 1318 2001 1396 2049; x_wconf 64' lang='lat' dir='ltr'><strong>fin„</strong></span> <span class='ocrx_word' id='word_1_314' title='bbox 1409 2014 1487 2052; x_wconf 88' lang='lat' dir='ltr'><strong>quo</strong></span> 
     </span>
     <span class='ocr_line' id='line_1_62' title="bbox 835 2054 1487 2110; baseline 0.006 -18"><span class='ocrx_word' id='word_1_315' title='bbox 835 2057 994 2094; x_wconf 89' lang='lat' dir='ltr'><strong>docente</strong></span> <span class='ocrx_word' id='word_1_316' title='bbox 1015 2054 1286 2110; x_wconf 78' lang='grc' dir='ltr'><em>ἐπικηρύττειν</em></span> <span class='ocrx_word' id='word_1_317' title='bbox 1312 2057 1389 2096; x_wconf 83' lang='grc' dir='ltr'><em>τινὶ</em></span> <span class='ocrx_word' id='word_1_318' title='bbox 1414 2054 1487 2107; x_wconf 86' lang='grc' dir='ltr'><em>α’ρ-</em></span> 
     </span>
     <span class='ocr_line' id='line_1_63' title="bbox 833 2111 1489 2166; baseline -0.006 -14"><span class='ocrx_word' id='word_1_319' title='bbox 833 2111 975 2166; x_wconf 84' lang='grc' dir='ltr'><em>γύριον</em></span> <span class='ocrx_word' id='word_1_320' title='bbox 1008 2113 1160 2162; x_wconf 81' lang='lat' dir='ltr'><strong>dicunt,</strong></span> <span class='ocrx_word' id='word_1_321' title='bbox 1200 2127 1288 2151; x_wconf 87' lang='lat' dir='ltr'><strong>cum</strong></span> <span class='ocrx_word' id='word_1_322' title='bbox 1326 2114 1489 2164; x_wconf 84' lang='lat' dir='ltr'><strong>pecunia</strong></span> 
     </span>
     <span class='ocr_line' id='line_1_64' title="bbox 837 2171 1490 2221; baseline -0.002 -15"><span class='ocrx_word' id='word_1_323' title='bbox 837 2171 987 2221; x_wconf 87' lang='lat' dir='ltr'><strong>publice</strong></span> <span class='ocrx_word' id='word_1_324' title='bbox 1007 2184 1074 2221; x_wconf 87' lang='lat' dir='ltr'><strong>per</strong></span> <span class='ocrx_word' id='word_1_325' title='bbox 1085 2183 1312 2221; x_wconf 82' lang='lat' dir='ltr'><strong>praeconem</strong></span> <span class='ocrx_word' id='word_1_326' title='bbox 1332 2171 1490 2221; x_wconf 87' lang='lat' dir='ltr'><strong>praemii</strong></span> 
     </span>
     <span class='ocr_line' id='line_1_65' title="bbox 837 2228 1490 2279; baseline -0.002 -16"><span class='ocrx_word' id='word_1_327' title='bbox 837 2228 922 2263; x_wconf 90' lang='lat' dir='ltr'><strong>loco</strong></span> <span class='ocrx_word' id='word_1_328' title='bbox 942 2228 1012 2263; x_wconf 87' lang='lat' dir='ltr'><strong>illis</strong></span> <span class='ocrx_word' id='word_1_329' title='bbox 1034 2229 1291 2274; x_wconf 83' lang='lat' dir='ltr'><strong>constituitur,</strong></span> <span class='ocrx_word' id='word_1_330' title='bbox 1313 2230 1379 2279; x_wconf 88' lang='lat' dir='ltr'><strong>qui</strong></span> <span class='ocrx_word' id='word_1_331' title='bbox 1398 2240 1490 2278; x_wconf 86' lang='lat' dir='ltr'><strong>pro-</strong></span> 
     </span>
     <span class='ocr_line' id='line_1_66' title="bbox 837 2282 1491 2334; baseline 0 -14"><span class='ocrx_word' id='word_1_332' title='bbox 837 2284 1018 2333; x_wconf 82' lang='lat' dir='ltr'><strong>scriptum</strong></span> <span class='ocrx_word' id='word_1_333' title='bbox 1039 2285 1277 2320; x_wconf 85' lang='lat' dir='ltr'><strong>obtruncant.</strong></span> <span class='ocrx_word' id='word_1_334' title='bbox 1296 2305 1353 2311; x_wconf 92' lang='lat'><strong>——</strong></span> <span class='ocrx_word' id='word_1_335' title='bbox 1411 2282 1491 2334; x_wconf 74' lang='lat' dir='ltr'><strong>Py-</strong></span> 
     </span>
     <span class='ocr_line' id='line_1_67' title="bbox 838 2340 1491 2389; baseline 0 -13"><span class='ocrx_word' id='word_1_336' title='bbox 838 2340 981 2389; x_wconf 80' lang='lat' dir='ltr'><strong>lagoras</strong></span> <span class='ocrx_word' id='word_1_337' title='bbox 1003 2353 1078 2376; x_wconf 86' lang='lat' dir='ltr'><strong>uua</strong></span> <span class='ocrx_word' id='word_1_338' title='bbox 1099 2354 1186 2377; x_wconf 91' lang='lat' dir='ltr'><strong>cum</strong></span> <span class='ocrx_word' id='word_1_339' title='bbox 1196 2342 1491 2376; x_wconf 85' lang='lat' dir='ltr'><strong>Hieromnemo-</strong></span> 
     </span>
     <span class='ocr_line' id='line_1_68' title="bbox 837 2396 1492 2447; baseline -0.002 -15"><span class='ocrx_word' id='word_1_340' title='bbox 837 2397 948 2433; x_wconf 89' lang='lat' dir='ltr'><strong>nibus</strong></span> <span class='ocrx_word' id='word_1_341' title='bbox 968 2397 1110 2447; x_wconf 81' lang='lat' dir='ltr'><strong>legatos</strong></span> <span class='ocrx_word' id='word_1_342' title='bbox 1137 2411 1165 2435; x_wconf 88' lang='lat' dir='ltr'><strong>s.</strong></span> <span class='ocrx_word' id='word_1_343' title='bbox 1187 2404 1351 2434; x_wconf 87' lang='lat' dir='ltr'><strong>oratores</strong></span> <span class='ocrx_word' id='word_1_344' title='bbox 1379 2396 1492 2432; x_wconf 79' lang='lat' dir='ltr'><strong>fuisse</strong></span> 
     </span>
     <span class='ocr_line' id='line_1_69' title="bbox 838 2454 1493 2504; baseline -0.002 -17"><span class='ocrx_word' id='word_1_345' title='bbox 838 2454 1014 2489; x_wconf 82' lang='lat' dir='ltr'><strong>novimus</strong></span> <span class='ocrx_word' id='word_1_346' title='bbox 1035 2466 1055 2489; x_wconf 85' lang='lat' dir='ltr'><strong>a</strong></span> <span class='ocrx_word' id='word_1_347' title='bbox 1075 2455 1231 2504; x_wconf 82' lang='lat' dir='ltr'><strong>singulis</strong></span> <span class='ocrx_word' id='word_1_348' title='bbox 1259 2454 1493 2490; x_wconf 87' lang='lat' dir='ltr'><strong>Graecorum</strong></span> 
     </span>
     <span class='ocr_line' id='line_1_70' title="bbox 839 2507 1493 2557; baseline -0.002 -14"><span class='ocrx_word' id='word_1_349' title='bbox 839 2509 1048 2545; x_wconf 80' lang='lat' dir='ltr'><strong>civitatibus</strong></span> <span class='ocrx_word' id='word_1_350' title='bbox 1084 2511 1216 2547; x_wconf 88' lang='lat' dir='ltr'><strong>missos</strong></span> <span class='ocrx_word' id='word_1_351' title='bbox 1249 2509 1297 2546; x_wconf 89' lang='lat' dir='ltr'><strong>ad</strong></span> <span class='ocrx_word' id='word_1_352' title='bbox 1327 2507 1493 2557; x_wconf 87' lang='lat' dir='ltr'><strong>Amphi-</strong></span> 
     </span>
     <span class='ocr_line' id='line_1_71' title="bbox 840 2565 1492 2616; baseline -0.002 -16"><span class='ocrx_word' id='word_1_353' title='bbox 840 2565 1037 2614; x_wconf 88' lang='lat' dir='ltr'><strong>ctyonium</strong></span> <span class='ocrx_word' id='word_1_354' title='bbox 1063 2568 1288 2613; x_wconf 87' lang='lat' dir='ltr'><strong>concilium,</strong></span> <span class='ocrx_word' id='word_1_355' title='bbox 1328 2575 1492 2616; x_wconf 87' lang='lat' dir='ltr'><strong>quorum</strong></span> 
     </span>
     <span class='ocr_line' id='line_1_72' title="bbox 840 2621 1491 2671; baseline -0.002 -15"><span class='ocrx_word' id='word_1_356' title='bbox 840 2632 938 2671; x_wconf 87' lang='lat' dir='ltr'><strong>quae</strong></span> <span class='ocrx_word' id='word_1_357' title='bbox 958 2621 1069 2658; x_wconf 88' lang='lat' dir='ltr'><strong>fuerit</strong></span> <span class='ocrx_word' id='word_1_358' title='bbox 1099 2623 1296 2659; x_wconf 86' lang='lat' dir='ltr'><strong>auctoritas</strong></span> <span class='ocrx_word' id='word_1_359' title='bbox 1328 2631 1491 2665; x_wconf 79' lang='lat' dir='ltr'><strong>suunna,</strong></span> 
     </span>
     <span class='ocr_line' id='line_1_73' title="bbox 841 2677 1494 2727; baseline -0.002 -15"><span class='ocrx_word' id='word_1_360' title='bbox 841 2689 1028 2727; x_wconf 85' lang='lat' dir='ltr'><strong>quaenam</strong></span> <span class='ocrx_word' id='word_1_361' title='bbox 1045 2680 1187 2725; x_wconf 87' lang='lat' dir='ltr'><strong>munia,</strong></span> <span class='ocrx_word' id='word_1_362' title='bbox 1216 2677 1383 2727; x_wconf 87' lang='lat' dir='ltr'><strong>pluribus</strong></span> <span class='ocrx_word' id='word_1_363' title='bbox 1403 2688 1494 2726; x_wconf 88' lang='lat' dir='ltr'><strong>per-</strong></span> 
     </span>
     <span class='ocr_line' id='line_1_74' title="bbox 838 2729 1492 2784; baseline 0.002 -16"><span class='ocrx_word' id='word_1_364' title='bbox 838 2734 1007 2784; x_wconf 74' lang='lat' dir='ltr'><strong>sequitur</strong></span> <span class='ocrx_word' id='word_1_365' title='bbox 1036 2735 1248 2771; x_wconf 85' lang='lat' dir='ltr'><strong>Tittmaun.</strong></span> <span class='ocrx_word' id='word_1_366' title='bbox 1290 2733 1414 2768; x_wconf 91' lang='lat' dir='ltr'><strong>Ueber</strong></span> <span class='ocrx_word' id='word_1_367' title='bbox 1453 2729 1492 2770; x_wconf 89' lang='lat' dir='ltr'><strong>d.</strong></span> 
     </span>
     <span class='ocr_line' id='line_1_75' title="bbox 838 2788 1492 2841; baseline -0.003 -16"><span class='ocrx_word' id='word_1_368' title='bbox 838 2788 954 2827; x_wconf 88' lang='lat' dir='ltr'><strong>Bund</strong></span> <span class='ocrx_word' id='word_1_369' title='bbox 974 2789 1010 2831; x_wconf 88' lang='lat' dir='ltr'><strong>d.</strong></span> <span class='ocrx_word' id='word_1_370' title='bbox 1031 2788 1252 2841; x_wconf 85' lang='lat' dir='ltr'><strong>Amphicty.</strong></span> <span class='ocrx_word' id='word_1_371' title='bbox 1282 2801 1366 2840; x_wconf 85' lang='lat' dir='ltr'><strong>cap.</strong></span> <span class='ocrx_word' id='word_1_372' title='bbox 1384 2788 1435 2826; x_wconf 94' lang='lat' dir='ltr'><strong>IV</strong></span> <span class='ocrx_word' id='word_1_373' title='bbox 1455 2788 1492 2833; x_wconf 85' lang='lat'><strong>§.</strong></span> 
     </span>
    </p>
   </div>
   <div class='ocr_carea' id='block_1_13' title="bbox 1863 2758 1897 3340">
    <p class='ocr_par' dir='ltr' id='par_1_15' title="bbox 1863 2758 1897 3340">
     <span class='ocr_line' id='line_1_76' title="bbox 1863 2758 1897 3340; baseline 0 0"><span class='ocrx_word' id='word_1_374' title='bbox 1863 2758 1897 3340; x_wconf 95' lang='lat' dir='ltr'><strong> </strong></span> 
     </span>
    </p>
   </div>
  </div>
 </body>
</html>
