1897 3340
244 458 310 502 63

39 524 71 549 et
88 521 166 548 dona
192 521 300 549 dantes

53 555 181 590 ’ythiae‚
202 555 283 582 obti-

37 594 118 621 nent
138 589 315 629 ntSpai-ta-

39 623 81 682 pii,
86 622 314 684 cquoctbessisl'ol

66 666 82 684 ιι
105 665 133 683 ιιι
195 665 214 684 ιι

374 211 457 251 104

771 209 1230 247 HERODOTI

371 321 452 362 τοῦ
471 318 818 373 παραδείγματος
848 316 1048 366 κάλλιον,
1087 316 1140 358 τά
1170 332 1213 359 τε
1244 316 1370 367 ἄλλα,
1402 315 1495 366 καὶ,
1528 327 1631 370 συγ-

369 384 570 440 κειμένου
604 396 683 439 σφι
711 386 908 437 πωρίνου
932 386 1061 425 λίθου
1091 384 1253 426 ποιέειν
1282 383 1360 425 τὸυ
1384 381 1508 437 νηόν,
1541 385 1630 424 Πα-

371 453 470 506 ρίου
499 451 550 494 τὰ
582 452 830 505 ἔμπροσθεν
865 448 1002 493 αὐτοῦ
1022 502 1025 504 ¹
1043 450 1305 505 ἐξεποίησαν.

1360 448 1433 500 Ὡς
1475 443 1537 491 ὧν
1575 449 1629 505 δή

376 522 420 563 οἱ
444 518 667 575 Ἀθηναῖοι
698 518 896 572 λέγουσι,
928 511 1050 559 οὗτοι
1081 519 1124 559 οἱ
1151 515 1309 570 ἄνδρες
1339 516 1384 558 ἐν
1414 520 1628 571 Δελφοῖσι
1642 522 1688 556 60

371 585 605 643 κατήμένοι
652 583 887 628 ἀνέπειθον
924 583 1004 639 τὴν
1047 585 1225 638 Πυθίην
1262 581 1469 639 χρήμασι,
1519 582 1632 634 ὅκως

315 770 443 819 folgen
471 771 642 815 iniissen,
680 770 749 805 mit
790 767 976 818 Inbegriff

316 827 409 862 aller
437 837 528 860 vom
556 823 755 861 Bauherrn
769 872 772 874 η
786 823 971 875 gemach-

318 890 381 919 ten
403 879 723 932 Βεᾰίιυῠῑιιιιςειι.α
756 878 759 879 ’

373 991 441 1031 καὶ
461 991 717 1044 συγκειμένου
753 993 850 1040 σφι]
883 994 909 1029 i.
940 1006 974 1032 e.

318 1053 422 1099 atque
433 1059 510 1086 cum
523 1052 729 1087 convenisset
749 1050 866 1098 (inter
876 1050 976 1100 ipsos

318 1113 432 1157 atque
468 1105 808 1156 Amphictyones),
846 1109 885 1142 ut
933 1118 977 1142 ex

317 1165 442 1212 porz‘no
459 1162 578 1212 lapide
593 1163 711 1199 aedem
734 1165 976 1207 construerent,

314 1217 468 1268 frontem
489 1221 562 1255 eius
579 1218 687 1255 Pario
701 1231 744 1254 ex
765 1218 882 1267 lapide
893 1217 977 1268 (qui
1001 1233 1003 1235 ¹

321 1274 460 1325 utique·
482 1275 677 1324 pretiosior
704 1274 801 1322 erat)
827 1273 979 1323 persece-

321 1334 414 1367 runt.
471 1332 529 1366 De
559 1329 688 1367 Porino
717 1329 833 1380 lapide
860 1331 978 1366 Wes-

322 1386 390 1426 sel.
421 1387 566 1423 confert
595 1387 741 1427 Polluc.
772 1386 852 1433 VII,
885 1388 978 1426 123.

327 1442 590 1479 Creuzerus
628 1442 676 1479 ad
713 1441 753 1479 h.
800 1443 827 1478 l.
868 1443 976 1479 citat:

324 1499 502 1545 „Martini
530 1500 689 1535 Excurs.
718 1499 770 1535 IV
790 1497 838 1534 ad
856 1499 981 1534 Erne-

327 1555 390 1590 stii
400 1553 651 1604 Archaeolog.
663 1555 778 1591 Liter.
798 1567 886 1604 pag.
903 1556 980 1595 138

327 1610 457 1661 ibique
477 1610 580 1647 laud.
591 1612 747 1661 Taylor.
768 1612 890 1647 Lectt.
901 1612 982 1661 Ly-

327 1667 439 1707 siacc.
459 1680 497 1717 p.
518 1665 598 1708 254
620 1666 679 1703 ed.
692 1668 793 1717 Lips.
815 1673 851 1703 et
862 1668 982 1717 Wyt-

328 1721 504 1759 tenbach.
526 1722 574 1759 ad
585 1722 776 1760 Plutarch.
798 1723 872 1773 Vit.
888 1725 981 1759 Dec.

331 1779 496 1815 Oratorr.
527 1780 577 1815 T.
607 1781 644 1815 II
674 1793 713 1829 p.
741 1778 821 1819 835
849 1793 878 1818 S.
901 1779 979 1819 351

331 1834 391 1871 ed.
434 1836 638 1886 Wyttenb.
675 1837 714 1871 in
743 1836 831 1873 Var.
862 1836 983 1871 Lectt.

330 1889 553 1928 Schneider.
586 1891 634 1928 ad
655 1890 907 1941 Theophrast.
928 1892 985 1927 De

331 1946 472 1997 tapidd.
513 1960 601 1997 pag.
641 1946 721 1988 543
757 1950 861 1998 seq.“
928 1949 985 1984 Ac

331 2002 586 2054 Theophrasti
617 2004 731 2040 verba
765 2003 831 2051 (de
853 2002 984 2054 Lapid.

333 2072 420 2109 pag.
443 2059 542 2106 250)
564 2061 613 2096 ita
634 2058 756 2095 reddit
775 2061 919 2096 Plinius
937 2061 986 2096 H.

333 2117 380 2152 N.
403 2116 580 2162 XXXVI,
611 2117 685 2155 17:
725 2117 860 2161 „Pario
880 2117 987 2152 simi—

333 2172 378 2208 lis
408 2170 570 2208 candore
609 2178 645 2207 et
675 2169 831 2216 duritie,
861 2174 986 2207 minus

335 2234 464 2263 tamen
493 2227 745 2278 ponderosus,
781 2229 845 2277 qui
875 2227 986 2264 Porus

336 2285 540 2323 vocatur.“
607 2282 718 2320 Unde
764 2283 986 2320 Schneider.

336 2340 374 2375 in
398 2340 492 2375 Lex.
515 2340 579 2376 Gr.
600 2352 628 2376 s.
650 2353 681 2376 v,
706 2347 880 2385 annotat,
909 2353 985 2376 non

338 2402 487 2431 tantum
527 2408 571 2432 eo
619 2395 774 2432 indicari
816 2403 986 2434 nostrum

338 2451 532 2498 Tusstein,
569 2451 635 2488 sed
664 2453 859 2489 marmoris
889 2466 986 2503 quo—

338 2520 412 2557 que
433 2520 571 2557 genus,
602 2508 726 2544 colore
748 2516 781 2544 et
802 2507 986 2545 soliditate

339 2565 416 2600 sive
439 2563 620 2601 densitate
640 2564 759 2600 simile
779 2565 901 2610 Pario,
921 2564 986 2600 sed

339 2619 478 2666 levius,
500 2621 611 2671 quale
632 2626 667 2655 et
699 2618 735 2655 h.
773 2622 798 2656 l.
830 2627 865 2656 et
886 2620 985 2670 apud

340 2676 501 2712 Pansan.
532 2677 575 2721 V,
603 2679 657 2716 tO.
693 2676 753 2721 VI,
778 2678 826 2715 19
848 2677 987 2713 intelli-

341 2730 509 2781 gendum
529 2733 586 2768 sit.
607 2753 662 2758 —
684 2733 738 2767 De
761 2731 870 2768 Pario
885 2746 987 2769 niar-

341 2800 447 2824 more
466 2787 541 2825 vid.
564 2794 688 2824 notata
709 2787 756 2825 ad
781 2789 844 2831 111,
865 2790 930 2829 57.

1231 767 1323 817 Cap.
1341 769 1479 803 LXIII.

1083 820 1151 868 Ὡς
1174 815 1231 860 ὤν
1254 821 1302 872 ὀὴ
1327 823 1368 862 οῖ
1396 819 1612 872 Ἀθηναῖοι
1630 823 1686 864 λέ-

1028 878 1169 930 γουσι]
1204 879 1435 930 Requirebat
1467 878 1688 930 Schweigh.

1029 933 1070 973 οἷ
1096 931 1435 984 Λακεδαιμόνιοι,
1467 935 1515 971 cf.
1547 935 1592 982 V,
1621 938 1688 976 90.
1718 982 1721 984 ¹

1032 989 1093 1026 Ad
1113 1004 1169 1035 ea,
1195 1004 1292 1043 quae
1309 990 1485 1042 deinceps
1505 1004 1690 1028 enarran-

1032 1053 1114 1093 tur,
1146 1046 1193 1084 de
1217 1046 1356 1099 Pythi-:1
1385 1047 1492 1084 donis
1513 1048 1689 1099 corrupta

1033 1103 1134 1139 conf.
1172 1103 1216 1149 V,
1259 1106 1327 1144 66.
1364 1106 1418 1144 90
1451 1111 1487 1140 et
1515 1104 1687 1142 Aristidis

1034 1158 1164 1196 Schol.
1194 1172 1283 1210 pag.
1313 1160 1366 1201 45
1398 1159 1458 1196 ed.
1485 1162 1694 1198 Frommel.

1035 1216 1120 1251 coll.
1132 1215 1469 1266 Pseudoplutarch.
1490 1219 1525 1252 ΙΙ
1545 1231 1584 1268 p.
1610 1219 1692 1258 860

1034 1272 1082 1317 D,
1115 1273 1179 1322 qui
1207 1271 1424 1308 Herodotea
1458 1275 1692 1310 criminatur.

1034 1329 1168 1364 Noster
1196 1328 1358 1364 similem
1383 1328 1558 1366 fraudem
1579 1342 1692 1366 enar-

1035 1390 1093 1420 rat
1117 1384 1186 1431 Vl,
1219 1387 1286 1425 66.
1317 1385 1402 1424 coll.
1431 1386 1594 1423 Pausan.
1623 1386 1689 1433 111,

1036 1438 1062 1479 4
1084 1441 1118 1485 ξ.
1144 1440 1181 1480 5.
1194 1441 1375 1491 Polyaeu.
1396 1443 1424 1488 Ι,
1450 1445 1512 1489 16,
1537 1445 1572 1490 1,
1593 1455 1692 1494 quae

1037 1495 1183 1532 dudum
1204 1498 1327 1533 attulit
1349 1496 1529 1535 Valcken.
1552 1522 1601 1526 -—
1624 1514 1692 1538 na·

1036 1548 1198 1602 τήμενοι
1210 1553 1453 1604 interpretor:
1466 1557 1582 1601 otiose,
1596 1558 1692 1605 quie-

1037 1612 1068 1645 te
1100 1608 1274 1654 sedentes,
1321 1615 1562 1647 commorantes
1597 1613 1691 1648 Del-

1036 1665 1133 1715 phis,
1154 1665 1219 1701 ubi
1247 1667 1394 1703 exsules
1414 1668 1560 1704 nullam
1579 1681 1692 1719 agere

1036 1728 1209 1771 poteiant
1228 1734 1309 1758 rem
1328 1724 1533 1773 publicam.

1095 1772 1312 1818 ἀνέπειθον
1345 1794 1419 1829 την
1448 1780 1635 1831 Πυθίην]
1666 1783 1693 1819 i.

1042 1832 1133 1870 e.P
1130 1834 1250 1883 ytln‘ae
1280 1838 1440 1884 pecunn's
1469 1837 1595 1874 oblatis
1612 1850 1693 1888 per-

1041 1890 1187 1926 suadere
1214 1894 1332 1928 conata
1356 1896 1457 1940 sunt,
1481 1897 1534 1940 ut,
1562 1897 1692 1944 quoties

1045 1944 1220 1994 Spartani
1264 1947 1465 1985 advenirent
1506 1952 1578 1987 viri
1618 1954 1692 1988 sive

1035 2004 1203 2051 priuatim
1233 2005 1303 2040 sive
1335 2006 1474 2054 publice
1507 2008 1606 2044 missi
1642 2009 1693 2045 ad

1042 2058 1219 2095 oraculum
1247 2062 1519 2110 sciscitandum,
1549 2064 1606 2100 his
1629 2066 1690 2102 ob-

1043 2117 1180 2161 iiceret,
1218 2119 1255 2151 ut
1276 2117 1429 2154 Athenas
1449 2123 1608 2168 tyrannis
1644 2121 1691 2158 li-

1043 2171 1244 2207 berarentfl
1315 2174 1425 2218 Quod
1464 2189 1508 2213 eo
1547 2177 1692 2215 facilius

1042 2228 1163 2263 facere
1183 2228 1286 2265 licuit
1306 2229 1477 2281 Pythiae,
1508 2246 1584 2284 quo
1607 2246 1693 2270 ma-

1041 2285 1096 2331 gis
1135 2285 1302 2322 Lacones
1349 2288 1467 2324 ubivis
1511 2297 1692 2340 tyrannos

1043 2341 1230 2389 expellere
1251 2341 1364 2393 idque
1386 2343 1520 2381 honori
1535 2347 1602 2382 sibi
1618 2345 1692 2384 du-

1043 2409 1126 2431 cere
1156 2399 1358 2436 constabat.
1381 2422 1430 2427 -—
1470 2400 1531 2438 Ad
1546 2402 1691 2452 siguifi—

1043 2454 1229 2488 ontionem
1261 2457 1362 2491 verbi
1390 2455 1620 2507 χρησόμενοι
1641 2459 1689 2494 cf·

1043 2521 1139 2558 qnae
1161 2509 1207 2545 ad
1228 2511 1290 2556 lv,
1321 2513 1397 2552 150
1425 2521 1510 2550 sunt
1540 2521 1690 2560 notat83

1043 2563 1089 2600 de
1111 2566 1302 2614 Spartanis
1332 2569 1369 2604 in
1392 2581 1630 2621 quacumque
1651 2584 1690 2607 re

1041 2621 1118 2656 sive
1149 2623 1299 2671 publica
1326 2626 1402 2660 sive
1431 2626 1573 2675 privata
1604 2640 1691 2664 ora—

1041 2678 1169 2712 culum
1181 2677 1403 2728 Delphicum
1413 2684 1691 2720 consulentibus

1042 2739 1154 2783 atque
1176 2733 1222 2770 de
1244 2733 1353 2772 huius
1374 2737 1484 2786 ipsius
1506 2741 1690 2778 oraculivi

1043 2790 1080 2825 in
1093 2802 1224 2826 omnes
1246 2793 1518 2842 Spartanorum
1539 2810 1595 2834 res
1615 2795 1691 2834 vid.
