1897 3340
233 1575 333 1622 175

62 1641 189 1668 Delecta
207 1647 225 1666 a
238 1640 336 1668 Grac-

62 1675 105 1702 cis
123 1674 162 1701 ad
182 1674 333 1709 excipien-

63 1707 333 1736 dumhostiumim-

63 1746 162 1777 petum
182 1741 333 1768 Thermo-

63 1776 153 1815 1‘21312·
171 1777 202 1802 et
220 1776 305 1804 Arte-

61 1817 188 1836 unsmm.

393 174 477 215 712
788 174 1249 212 HERODOTI

394 279 482 338 γὰρ
512 279 681 336 ἄγγελοι
717 281 836 336 παρὰ
871 280 1154 336 Ἀλεξάνδρου
1189 284 1273 325 τοῦ
1305 281 1540 337 Ἀμύντεω,
1579 283 1703 328 οἷν-85

395 347 502 402 δρός
521 346 792 401 Μακεδόνος,
824 349 1143 406 συνεβούλευόν
1172 360 1251 405 σφι
1280 349 1648 405 ἀπαλλάσσεσθαι,

394 416 509 473 μηδὲ
537 415 746 471 μένοντας
784 416 831 459 ἐν
868 419 921 472 τῇ
959 416 1139 473 ἐσβολῇ,
1169 421 1529 474 καταπατηθῆναι
1558 417 1645 462 ’ὑπὸ

392 487 474 528 τοῦ
515 486 704 537 στρατοῦ
745 481 964 534 ἐπιόντος·
1004 486 1285 541 σημαίνοντες
1323 485 1372 528 τὸ
1408 484 1577 542 πλῆθός
1604 501 1649 529 τε

365 554 472 607 στῆς
501 553 702 604 στρατιῆς
734 550 806 592 καὶ
835 549 912 600 τὰς
943 549 1056 602 νέας.
1115 550 1173 603 ὥς
1204 551 1250 595 δὲ
1284 546 1410 596 οὗτοί
1438 563 1517 608 σφι
1544 556 1650 596 ταῦ-

392 635 446 662 τα
476 617 813 672 συνεβούλευον,
852 616 1014 672 χρηστὰ
1051 617 1137 673 γάρ
1168 617 1344 662 ἐδόκεον
1380 619 1650 675 συμβουλεύ-

394 702 473 737 ειν,
502 686 576 728 καί
591 695 672 739 σφι
701 682 858 734 εὔνοος
885 682 1085 738 ἐφαίνετο
1115 684 1201 728 ἐών
1229 684 1253 728 ὁ
1275 686 1509 741 ΝΙακεδεόν,
1539 688 1706 731 ἐπεί-9ο

365 758 543 796 7θοντο.
601 749 768 794 δοκέειν
806 749 853 793 δέ
884 767 982 806 μοι,
1022 749 1219 807 ἄῤῥωδίη
1240 748 1294 808 ἦν
1321 754 1370 796 τὸ
1391 759 1559 808 πεῖθον,
1591 753 1650 806 ὥς

394 818 616 862 ἐπύθοντο
643 818 717 861 καὶ
749 817 883 873 ἄλλην
913 818 1075 862 ἐοῦσαν
1104 817 1290 874 ἐσβολήν
1327 819 1369 870 ἐς
1401 821 1650 873 Θεσσαλούς

392 885 502 929 κατὰ
538 884 619 941 τήν
663 885 754 928 ἄνω
793 885 1078 940 Μακεδονίην
1115 885 1188 929 διὰ
1240 886 1502 942 Πεῤῥαιβῶν
1540 892 1651 935 κατὰ

393 956 565 997 Γόννον
593 951 747 1004 πόλιν,
777 955 832 1009 τῇ
859 966 940 1008 περ
972 952 1025 1008 δὴ
1053 954 1125 996 καὶ
1156 951 1327 1008 ἐσέβαλε
1356 953 1384 1008 ἡ
1415 957 1590 1014 στρατιή
1620 957 1648 1015 ἦ

365 1028 386 1063 8
398 1020 578 1075 Ξέρξεω.
636 1020 902 1075 καταβάντες
940 1019 985 1063 δὲ
1023 1021 1067 1063 οἱ
1092 1019 1305 1078 ΓΈλληνες
1334 1022 1402 1065 ἐπὶ
1427 1023 1504 1074 τὰς
1541 1027 1706 1079 νέας,95

234 1095 334 1141 174
391 1087 530 1132 ὀπίσω
560 1087 826 1142 ἐπορεύοντο
859 1087 901 1138 ἐς
931 1087 1006 1131 τόν
1030 1085 1218 1144 Ἰσθμόν.
1275 1089 1398 1146 Αὕτη
1427 1090 1595 1146 ἐγένετο
1623 1092 1651 1150 ἡ

62 1159 159 1187 ⁰⁰²⁰ss
191 1158 336 1198 barbarqs
393 1155 437 1206 ἐς
480 1157 720 1211 Θεσσαλίην
748 1156 971 1210 στρατηΐη,
1000 1156 1201 1211 βασιλέος
1227 1173 1271 1201 τε
1301 1158 1531 1213 μέλλοντος
1559 1162 1653 1204 δια-

61 1195 238 1229 sequuntur.

394 1223 563 1278 βαίνειν
593 1222 636 1274 ἐς
662 1222 742 1279 τήν
780 1221 1004 1277 Εὐρώπην
1033 1223 1080 1266 ἐκ
1110 1229 1182 1281 τῆς
1207 1223 1364 1281 Ἀσίης,
1401 1227 1477 1270 καὶ
1505 1225 1652 1280 ἐόντος

364 1298 387 1331 Ξ
397 1290 482 1346 ἤδη
510 1290 558 1333 ἐν
583 1288 767 1347 Ἀβύδῳ.

833 1291 1043 1333 Θεσσαλοὶ
1065 1291 1123 1342 δὲ,
1154 1291 1450 1348 ἐρημωθέντες
1480 1294 1651 1350 συμμά-

393 1374 496 1414 χων,
529 1357 644 1401 οὕτω
675 1357 728 1413 δὴ
758 1356 966 1412 ἐμήδισαν
995 1359 1249 1413 προθύμως,
1278 1358 1367 1403 οὐδ’
1395 1360 1456 1404 ἔτι
1483 1361 1651 1405 ἐνδοια-

397 1429 533 1477 στῶς,
569 1423 687 1483 ,ὥστε
726 1424 774 1468 ἐν
811 1429 925 1468 τοῖσι
955 1425 1177 1482 πρήγμασι
1215 1425 1451 1483 ἐφαίνοντο
1482 1430 1655 1485 βασιλέϊ

393 1491 545 1546 ἄνδρες
574 1491 716 1543 ἐόντες
746 1491 1071 1548 χρησιμώτατοι.
1658 1505 1679 1540 1

479 1572 533 1612 Οἱ
570 1570 616 1613 δὲ
642 1570 847 1628 ’Έλληνες
878 1571 968 1614 ἐπεί
996 1587 1040 1614 τε
1070 1570 1254 1615 ἀπίκατο
1289 1572 1331 1623 ἐς
1358 1573 1437 1616 τόν
1464 1572 1650 1629 Ἰσθμόν,

394 1637 685 1693 ἐβουλεύοντο
706 1640 816 1693 πρός
845 1637 897 1681 τοὶ
926 1638 1132 1693 λεχθέντα
1153 1639 1195 1691 ἐξ
1220 1637 1517 1694 Ἀλεξάνδρου,
1548 1636 1575 1698 ᾗ
1603 1657 1648 1685 τε

361 1704 627 1762 Ξστήσονται
673 1705 752 1749 τόν
794 1704 986 1762 πόλεμον
1015 1707 1087 1749 καὶ
1127 1707 1175 1750 ἐν
1204 1707 1335 1750 οἴοισι
1363 1707 1556 1763 χώροισι.
1612 1708 1676 1765 ἡ5

341 1922 506 1959 Socratt.
548 1925 615 1963 28.
690 1924 734 1959 In
765 1936 871 1975 seqq.
904 1936 994 1960 cum

337 1977 563 2029 Schweigh.
586 1986 623 2015 et
639 1979 756 2015 Gaisf.
776 1981 904 2030 scripsi
915 1977 994 2020 ύπὸ

335 2037 411 2073 τοῦ
437 2038 607 2083 στρατοῦ
630 2030 825 2084 ἐπιόντος,
855 2037 995 2072 ubiin-

337 2091 422 2127 vitis
464 2092 565 2128 libris
606 2090 819 2138 Schaefer.‚
856 2091 993 2130 Matth.

337 2153 375 2182 et
407 2146 534 2184 Bekk.
571 2146 755 2184 dederant
798 2146 878 2187 ύπό
921 2151 995 2187 τοῦ

338 2205 507 2249 στρατοῦ
529 2205 621 2241 τοῦ
642 2200 830 2249 ἐπιόντος,
853 2211 889 2240 et
910 2211 993 2253 post

336 2259 496 2305 πλῆθος
517 2259 655 2293 inserui
677 2273 739 2303 τε,
770 2258 874 2309 quod
903 2260 993 2295 Flo-

339 2313 510 2349 rentinus
550 2314 868 2349 subministrabat.
932 2313 994 2350 Ad

338 2380 474 2405 vocem
508 2365 690 2414 ἐπιόντος
724 2370 865 2405 consor.
898 2377 994 2407 nott.

338 2423 388 2460 nd
410 2425 489 2471 Vll,
516 2424 604 2463 157.
637 2426 994 2461 Pauloinseriusre-

335 2481 431 2516 finni
459 2478 526 2518 καὶ
557 2477 714 2528 ἄλλην
753 2480 900 2519 ἐοῦσαν
931 2482 994 2520 ἐσ-

337 2533 490 2587 βολὴν,
537 2537 601 2571 ubi
639 2535 864 2573 Sehaeibrus
896 2538 994 2574 ‹luo-

338 2605 426 2628 rum
447 2590 558 2628 codd.
587 2594 808 2629 auctoritate
836 2595 994 2644 scripse-

340 2655 397 2684 rat
418 2647 486 2686 καὶ
504 2645 627 2701 ἄλλῃ
652 2647 795 2687 ἐοῦσαν
811 2648 993 2700 ἐσβολήν.

339 2705 445 2749 Quae
466 2706 647 2741 continuo
666 2713 895 2755 sequuntur,
935 2715 993 2744 at-

340 2762 407 2810 tigi
428 2762 467 2796 in
494 2768 588 2798 nott.
609 2760 656 2798 ud
676 2762 757 2809 Vll,
780 2764 869 2802 128.

1217 1926 1310 1977 Cap.
1333 1925 1538 1964 CLXXIV.

1108 1999 1213 2043 οὕτω
1243 2000 1294 2054 δή
1328 2001 1552 2054 ἐμήδισαν]
1594 2005 1703 2042 Conf.

1051 2059 1188 2097 Suidas
1204 2074 1231 2097 s.
1253 2074 1289 2097 v.
1315 2057 1507 2111 ἐμήδισαν
1527 2063 1544 2096 I
1563 2074 1602 2110 p.
1622 2063 1702 2101 723

1051 2115 1144 2164 (ubi
1180 2113 1228 2154 τὰ
1249 2117 1327 2153 τῶν
1349 2112 1510 2165 Μήδων
1531 2116 1703 2166 εἴλοντο)

1050 2172 1135 2208 coll.
1167 2185 1196 2208 s.
1228 2184 1264 2207 v.
1284 2165 1512 2221 Ἀγχὸτερος
1532 2173 1550 2208 1
1576 2187 1614 2223 p.
1635 2171 1704 2212 44.

1048 2225 1149 2262 Add.
1181 2226 1371 2263 Plutarch.
1395 2228 1417 2265 Ι.
1451 2228 1489 2270 1.,
1523 2230 1587 2280 qui
1614 2242 1704 2266 cum

1048 2280 1242 2319 Herodoto
1260 2296 1408 2332 prorsus
1423 2286 1620 2322 consentit.
1641 2284 1705 2322 Ad

1050 2339 1202 2375 voculas
1225 2336 1328 2377 οὕτω
1351 2337 1399 2389 6»)
1432 2342 1532 2377 conf.
1565 2339 1703 2379 Matth.

1051 2396 1117 2433 Gr.
1137 2396 1203 2436 Gr.
1226 2396 1264 2440 §·
1285 2396 1378 2443 565,
1404 2399 1421 2435 1
1445 2410 1484 2447 p.
1509 2399 1627 2438 1113.

1221 2507 1314 2558 cap.
1346 2508 1533 2546 cnxxv.

1107 2593 1202 2646 πρὸς
1231 2594 1278 2634 ‘ca‘
1304 2596 1491 2647 λεχθέντα
1522 2596 1562 2645 ἕξ
1589 2593 1702 2637 Ἀλε-

1051 2649 1263 2702 ξάνδρου]
1321 2655 1379 2689 De
1408 2655 1702 2705 spraepositione

1050 2705 1152 2758 πρός
1183 2710 1314 2745 monui
1348 2709 1395 2745 ad
1422 2711 1511 2757 vn,
1557 2713 1634 2750 172
1665 2717 1702 2748 et

1052 2763 1099 2801 ‹le
1119 2777 1188 2800 usu
1209 2766 1492 2816 praepositionis
1513 2765 1552 2814 ἐξ
1567 2765 1701 2805 Matth.

1844 3226 1875 3340 5:ss
1845 3091 1867 3211 ‘⁴⁶⁵³
1851 3063 1855 3071 ¹
1846 3018 1847 3029 ο
