<?xml version="1.0" encoding="UTF-8"?>
<!DOCTYPE html PUBLIC "-//W3C//DTD XHTML 1.0 Transitional//EN"
    "http://www.w3.org/TR/xhtml1/DTD/xhtml1-transitional.dtd">
<html xmlns="http://www.w3.org/1999/xhtml" xml:lang="en" lang="en">
 <head>
  <title>
</title>
<meta http-equiv="Content-Type" content="text/html;charset=utf-8" />
  <meta name='ocr-system' content='tesseract 3.04.00' />
  <meta name='ocr-capabilities' content='ocr_page ocr_carea ocr_par ocr_line ocrx_word'/>
</head>
<body>
  <div class='ocr_page' id='page_1' title='image "./musaeher03hero/musaeher03hero_0228.png"; bbox 0 0 1897 3340; ppageno 0'>
   <div class='ocr_carea' id='block_1_1' title="bbox 0 2151 46 3340">
    <p class='ocr_par' dir='ltr' id='par_1_1' title="bbox 0 2151 46 3340">
     <span class='ocr_line' id='line_1_1' title="bbox 0 2151 46 3340; baseline 0 0"><span class='ocrx_word' id='word_1_1' title='bbox 0 2151 46 3340; x_wconf 95' lang='lat' dir='ltr'><strong><em> </em></strong></span> 
     </span>
    </p>
   </div>
   <div class='ocr_carea' id='block_1_2' title="bbox 234 1227 333 1273">
    <p class='ocr_par' dir='ltr' id='par_1_2' title="bbox 234 1227 333 1273">
     <span class='ocr_line' id='line_1_2' title="bbox 234 1227 333 1273; baseline -0.01 0"><span class='ocrx_word' id='word_1_2' title='bbox 234 1227 333 1273; x_wconf 81' lang='lat'><strong><em>112</em></strong></span> 
     </span>
    </p>
   </div>
   <div class='ocr_carea' id='block_1_3' title="bbox 64 1291 330 1424">
    <p class='ocr_par' dir='ltr' id='par_1_3' title="bbox 64 1291 330 1424">
     <span class='ocr_line' id='line_1_3' title="bbox 64 1291 293 1320; baseline 0 0"><span class='ocrx_word' id='word_1_3' title='bbox 64 1291 189 1320; x_wconf 86' lang='lat' dir='ltr'>Proelio</span> <span class='ocrx_word' id='word_1_4' title='bbox 207 1295 293 1320; x_wconf 86' lang='lat' dir='ltr'>terra</span> 
     </span>
     <span class='ocr_line' id='line_1_4' title="bbox 64 1326 304 1361; baseline 0 -7"><span class='ocrx_word' id='word_1_5' title='bbox 64 1326 201 1361; x_wconf 86' lang='lat' dir='ltr'>marique</span> <span class='ocrx_word' id='word_1_6' title='bbox 225 1334 304 1354; x_wconf 89' lang='lat' dir='ltr'><strong>com-</strong></span> 
     </span>
     <span class='ocr_line' id='line_1_5' title="bbox 64 1359 305 1393; baseline -0.004 -5"><span class='ocrx_word' id='word_1_7' title='bbox 64 1361 166 1393; x_wconf 74' lang='lat' dir='ltr'>misso,</span> <span class='ocrx_word' id='word_1_8' title='bbox 180 1359 250 1387; x_wconf 85' lang='lat' dir='ltr'><strong><em>dum</em></strong></span> <span class='ocrx_word' id='word_1_9' title='bbox 258 1361 305 1387; x_wconf 91' lang='lat' dir='ltr'><strong><em>lo-</em></strong></span> 
     </span>
     <span class='ocr_line' id='line_1_6' title="bbox 65 1395 330 1424; baseline -0.004 -2"><span class='ocrx_word' id='word_1_10' title='bbox 65 1402 121 1422; x_wconf 80' lang='lat' dir='ltr'><strong><em>nes</em></strong></span> <span class='ocrx_word' id='word_1_11' title='bbox 138 1396 267 1424; x_wconf 75' lang='lat' dir='ltr'>classem</span> <span class='ocrx_word' id='word_1_12' title='bbox 286 1395 330 1422; x_wconf 81' lang='lat' dir='ltr'><strong><em>ho-</em></strong></span> 
     </span>
    </p>
   </div>
   <div class='ocr_carea' id='block_1_4' title="bbox 393 244 477 283">
    <p class='ocr_par' dir='ltr' id='par_1_4' title="bbox 393 244 477 283">
     <span class='ocr_line' id='line_1_7' title="bbox 393 244 477 283; baseline -0.012 0"><span class='ocrx_word' id='word_1_13' title='bbox 393 244 477 283; x_wconf 82' lang='lat'><strong><em>216</em></strong></span> 
     </span>
    </p>
   </div>
   <div class='ocr_carea' id='block_1_5' title="bbox 803 241 1265 278">
    <p class='ocr_par' dir='ltr' id='par_1_5' title="bbox 803 241 1265 278">
     <span class='ocr_line' id='line_1_8' title="bbox 803 241 1265 278; baseline -0.002 -1"><span class='ocrx_word' id='word_1_14' title='bbox 803 241 1265 278; x_wconf 83' lang='lat' dir='ltr'>llERODOTl</span> 
     </span>
    </p>
   </div>
   <div class='ocr_carea' id='block_1_6' title="bbox 364 345 1722 1419">
    <p class='ocr_par' dir='ltr' id='par_1_6' title="bbox 364 345 1722 1419">
     <span class='ocr_line' id='line_1_9' title="bbox 364 345 1713 403; baseline -0.002 -12"><span class='ocrx_word' id='word_1_15' title='bbox 364 351 469 402; x_wconf 78' lang='grc' dir='ltr'><strong><em>8,,εἵ</em></strong></span> <span class='ocrx_word' id='word_1_16' title='bbox 495 365 539 393; x_wconf 92' lang='grc' dir='ltr'><strong><em>τε</em></strong></span> <span class='ocrx_word' id='word_1_17' title='bbox 567 348 704 392; x_wconf 72' lang='grc' dir='ltr'><strong><em>αὐτὸν</em></strong></span> <span class='ocrx_word' id='word_1_18' title='bbox 720 347 994 403; x_wconf 84' lang='grc' dir='ltr'><strong><em>Ἀρτύβιον.“</em></strong></span> <span class='ocrx_word' id='word_1_19' title='bbox 1035 347 1144 392; x_wconf 62' lang='lat' dir='ltr'><strong><em>Eius</em></strong></span> <span class='ocrx_word' id='word_1_20' title='bbox 1166 348 1276 403; x_wconf 88' lang='grc' dir='ltr'><strong><em>πρὸς</em></strong></span> <span class='ocrx_word' id='word_1_21' title='bbox 1293 351 1431 391; x_wconf 85' lang='grc' dir='ltr'><strong><em>ταῦτα</em></strong></span> <span class='ocrx_word' id='word_1_22' title='bbox 1452 346 1476 392; x_wconf 90' lang='grc' dir='ltr'><strong><em>ὁ</em></strong></span> <span class='ocrx_word' id='word_1_23' title='bbox 1509 345 1713 391; x_wconf 76' lang='grc' dir='ltr'><strong><em>ὀπάων15</em></strong></span> 
     </span>
     <span class='ocr_line' id='line_1_10' title="bbox 395 411 1658 472; baseline -0.002 -12"><span class='ocrx_word' id='word_1_24' title='bbox 395 416 554 460; x_wconf 84' lang='grc' dir='ltr'><strong><em>αὐτοῦ·</em></strong></span> <span class='ocrx_word' id='word_1_25' title='bbox 583 411 660 468; x_wconf 58' lang='lat'><strong><em>„³091</em></strong></span> <span class='ocrx_word' id='word_1_26' title='bbox 689 418 889 470; x_wconf 81' lang='grc' dir='ltr'><strong><em>βασιλεῦ,</em></strong></span> <span class='ocrx_word' id='word_1_27' title='bbox 931 415 1101 471; x_wconf 78' lang='grc' dir='ltr'><strong><em>ἑτοῖμος</em></strong></span> <span class='ocrx_word' id='word_1_28' title='bbox 1136 417 1214 471; x_wconf 79' lang='grc' dir='ltr'><strong><em>μὲν</em></strong></span> <span class='ocrx_word' id='word_1_29' title='bbox 1252 416 1335 472; x_wconf 76' lang='grc' dir='ltr'><strong><em>ἐγώ</em></strong></span> <span class='ocrx_word' id='word_1_30' title='bbox 1378 417 1464 470; x_wconf 82' lang='grc' dir='ltr'><strong><em>εἰμι</em></strong></span> <span class='ocrx_word' id='word_1_31' title='bbox 1493 414 1658 458; x_wconf 79' lang='grc' dir='ltr'><strong><em>ποιέειν</em></strong></span> 
     </span>
     <span class='ocr_line' id='line_1_11' title="bbox 395 481 1660 537; baseline -0.001 -11"><span class='ocrx_word' id='word_1_32' title='bbox 395 484 493 537; x_wconf 82' lang='grc' dir='ltr'><strong><em>,,καὶ</em></strong></span> <span class='ocrx_word' id='word_1_33' title='bbox 523 482 768 537; x_wconf 77' lang='grc' dir='ltr'><strong><em>ἀμφότερα,</em></strong></span> <span class='ocrx_word' id='word_1_34' title='bbox 803 483 877 526; x_wconf 82' lang='grc' dir='ltr'><strong><em>καὶ</em></strong></span> <span class='ocrx_word' id='word_1_35' title='bbox 919 483 968 526; x_wconf 83' lang='grc' dir='ltr'><strong><em>τὸ</em></strong></span> <span class='ocrx_word' id='word_1_36' title='bbox 997 483 1147 537; x_wconf 77' lang='grc' dir='ltr'><strong><em>ἕτερον</em></strong></span> <span class='ocrx_word' id='word_1_37' title='bbox 1177 484 1345 532; x_wconf 78' lang='grc' dir='ltr'><strong><em>αὐτῶν,</em></strong></span> <span class='ocrx_word' id='word_1_38' title='bbox 1384 483 1458 526; x_wconf 85' lang='grc' dir='ltr'><strong><em>καὶ</em></strong></span> <span class='ocrx_word' id='word_1_39' title='bbox 1487 481 1660 534; x_wconf 86' lang='grc' dir='ltr'><strong><em>πάντως</em></strong></span> 
     </span>
     <span class='ocr_line' id='line_1_12' title="bbox 397 548 1660 607; baseline 0 -14"><span class='ocrx_word' id='word_1_40' title='bbox 397 549 474 600; x_wconf 69' lang='lat' dir='ltr'><strong><em>„vd</em></strong></span> <span class='ocrx_word' id='word_1_41' title='bbox 495 548 551 592; x_wconf 77' lang='grc' dir='ltr'><strong><em>ἂν</em></strong></span> <span class='ocrx_word' id='word_1_42' title='bbox 577 548 806 606; x_wconf 79' lang='grc' dir='ltr'><strong><em>ἐπιτάσσῃς</em></strong></span> <span class='ocrx_word' id='word_1_43' title='bbox 837 549 911 593; x_wconf 86' lang='grc' dir='ltr'><strong><em>σύ·</em></strong></span> <span class='ocrx_word' id='word_1_44' title='bbox 946 549 1006 601; x_wconf 76' lang='grc' dir='ltr'><strong><em>ὥς</em></strong></span> <span class='ocrx_word' id='word_1_45' title='bbox 1025 551 1174 606; x_wconf 89' lang='grc' dir='ltr'><strong><em>μέντοι</em></strong></span> <span class='ocrx_word' id='word_1_46' title='bbox 1205 552 1348 607; x_wconf 78' lang='grc' dir='ltr'><strong><em>ἔμοιγε</em></strong></span> <span class='ocrx_word' id='word_1_47' title='bbox 1379 550 1520 595; x_wconf 79' lang='grc' dir='ltr'><strong><em>δοκέει</em></strong></span> <span class='ocrx_word' id='word_1_48' title='bbox 1548 548 1660 593; x_wconf 86' lang='grc' dir='ltr'><strong><em>εἶναι</em></strong></span> 
     </span>
     <span class='ocr_line' id='line_1_13' title="bbox 397 616 1681 674; baseline 0.001 -14"><span class='ocrx_word' id='word_1_49' title='bbox 397 622 540 670; x_wconf 85' lang='grc' dir='ltr'><strong><em>,,τοῖσι</em></strong></span> <span class='ocrx_word' id='word_1_50' title='bbox 590 621 706 660; x_wconf 85' lang='grc' dir='ltr'><strong><em>σοῖσι</em></strong></span> <span class='ocrx_word' id='word_1_51' title='bbox 754 616 977 674; x_wconf 78' lang='grc' dir='ltr'><strong><em>πρήγμασι</em></strong></span> <span class='ocrx_word' id='word_1_52' title='bbox 1036 618 1431 673; x_wconf 78' lang='grc' dir='ltr'><strong><em>προσφερέστερον,</em></strong></span> <span class='ocrx_word' id='word_1_53' title='bbox 1488 618 1681 674; x_wconf 49' lang='grc' dir='ltr'><strong><em>φράσω.Ἰ</em></strong></span> 
     </span>
     <span class='ocr_line' id='line_1_14' title="bbox 369 683 1717 743; baseline 0 -15"><span class='ocrx_word' id='word_1_54' title='bbox 369 684 610 741; x_wconf 84' lang='grc' dir='ltr'><strong><em>4,,βασιλέα</em></strong></span> <span class='ocrx_word' id='word_1_55' title='bbox 638 683 717 740; x_wconf 78' lang='grc' dir='ltr'><strong><em>μὲν</em></strong></span> <span class='ocrx_word' id='word_1_56' title='bbox 746 686 819 728; x_wconf 89' lang='grc' dir='ltr'><strong><em>καὶ</em></strong></span> <span class='ocrx_word' id='word_1_57' title='bbox 849 686 1094 742; x_wconf 80' lang='grc' dir='ltr'><strong><em>στρατηγόν</em></strong></span> <span class='ocrx_word' id='word_1_58' title='bbox 1136 688 1264 743; x_wconf 86' lang='grc' dir='ltr'><strong><em>χρεὸν</em></strong></span> <span class='ocrx_word' id='word_1_59' title='bbox 1293 684 1405 730; x_wconf 80' lang='grc' dir='ltr'><strong><em>εἶναί</em></strong></span> <span class='ocrx_word' id='word_1_60' title='bbox 1441 703 1553 742; x_wconf 90' lang='grc' dir='ltr'><strong><em>φημι</em></strong></span> <span class='ocrx_word' id='word_1_61' title='bbox 1584 689 1717 742; x_wconf 67' lang='lat' dir='ltr'>fitz-20</span> 
     </span>
     <span class='ocr_line' id='line_1_15' title="bbox 395 752 1659 811; baseline -0.001 -15"><span class='ocrx_word' id='word_1_62' title='bbox 395 752 535 806; x_wconf 79' lang='grc' dir='ltr'><strong><em>,,σιλέϊ</em></strong></span> <span class='ocrx_word' id='word_1_63' title='bbox 571 767 616 795; x_wconf 90' lang='grc' dir='ltr'><strong><em>τε</em></strong></span> <span class='ocrx_word' id='word_1_64' title='bbox 654 753 729 796; x_wconf 85' lang='grc' dir='ltr'><strong><em>καὶ</em></strong></span> <span class='ocrx_word' id='word_1_65' title='bbox 771 757 995 811; x_wconf 78' lang='grc' dir='ltr'><strong><em>στρατηγῷ</em></strong></span> <span class='ocrx_word' id='word_1_66' title='bbox 1030 756 1378 811; x_wconf 80' lang='grc' dir='ltr'><strong><em>προσφέρεσθαι·</em></strong></span> <span class='ocrx_word' id='word_1_67' title='bbox 1419 754 1475 809; x_wconf 84' lang='grc' dir='ltr'><strong><em>ἥν</em></strong></span> <span class='ocrx_word' id='word_1_68' title='bbox 1503 768 1547 796; x_wconf 92' lang='grc' dir='ltr'><strong><em>τε</em></strong></span> <span class='ocrx_word' id='word_1_69' title='bbox 1575 752 1659 808; x_wconf 75' lang='grc' dir='ltr'><strong><em>γὰρ</em></strong></span> 
     </span>
     <span class='ocr_line' id='line_1_16' title="bbox 395 816 1661 878; baseline -0.002 -14"><span class='ocrx_word' id='word_1_70' title='bbox 395 818 602 875; x_wconf 81' lang='grc' dir='ltr'><strong><em>,,κατε’λῃς</em></strong></span> <span class='ocrx_word' id='word_1_71' title='bbox 640 816 783 875; x_wconf 77' lang='grc' dir='ltr'><strong><em>ἄνδρα</em></strong></span> <span class='ocrx_word' id='word_1_72' title='bbox 822 821 1081 877; x_wconf 83' lang='grc' dir='ltr'><strong><em>στρατηγὸν,</em></strong></span> <span class='ocrx_word' id='word_1_73' title='bbox 1117 822 1226 878; x_wconf 84' lang='grc' dir='ltr'><strong><em>μέγα</em></strong></span> <span class='ocrx_word' id='word_1_74' title='bbox 1264 839 1333 865; x_wconf 92' lang='grc' dir='ltr'><strong><em>τοι</em></strong></span> <span class='ocrx_word' id='word_1_75' title='bbox 1361 823 1543 877; x_wconf 82' lang='grc' dir='ltr'><strong><em>γίνεται·</em></strong></span> <span class='ocrx_word' id='word_1_76' title='bbox 1587 820 1661 863; x_wconf 82' lang='grc' dir='ltr'><strong><em>καὶ</em></strong></span> 
     </span>
     <span class='ocr_line' id='line_1_17' title="bbox 397 885 1662 946; baseline -0.001 -15"><span class='ocrx_word' id='word_1_77' title='bbox 397 886 628 942; x_wconf 77' lang='grc' dir='ltr'><strong><em>,,δευ’τερα,</em></strong></span> <span class='ocrx_word' id='word_1_78' title='bbox 658 885 715 944; x_wconf 76' lang='grc' dir='ltr'><strong><em>ἦν</em></strong></span> <span class='ocrx_word' id='word_1_79' title='bbox 746 888 793 931; x_wconf 79' lang='grc' dir='ltr'><strong><em>σὲ</em></strong></span> <span class='ocrx_word' id='word_1_80' title='bbox 814 888 988 940; x_wconf 80' lang='grc' dir='ltr'><strong><em>ἐκεῖνος,</em></strong></span> <span class='ocrx_word' id='word_1_81' title='bbox 1018 888 1068 932; x_wconf 86' lang='grc' dir='ltr'><strong><em>τὸ</em></strong></span> <span class='ocrx_word' id='word_1_82' title='bbox 1099 890 1157 946; x_wconf 80' lang='grc' dir='ltr'><strong><em>μή</em></strong></span> <span class='ocrx_word' id='word_1_83' title='bbox 1186 891 1380 946; x_wconf 79' lang='grc' dir='ltr'><strong><em>γένοιτο,</em></strong></span> <span class='ocrx_word' id='word_1_84' title='bbox 1421 887 1507 932; x_wconf 77' lang='grc' dir='ltr'><strong><em>ὐπό</em></strong></span> <span class='ocrx_word' id='word_1_85' title='bbox 1548 885 1662 940; x_wconf 76' lang='grc' dir='ltr'><strong><em>ἀξιό-</em></strong></span> 
     </span>
     <span class='ocr_line' id='line_1_18' title="bbox 395 952 1718 1013; baseline -0.002 -15"><span class='ocrx_word' id='word_1_86' title='bbox 395 971 529 1011; x_wconf 84' lang='grc' dir='ltr'><strong><em>,,χρεω</em></strong></span> <span class='ocrx_word' id='word_1_87' title='bbox 569 954 641 997; x_wconf 85' lang='grc' dir='ltr'><strong><em>καὶ</em></strong></span> <span class='ocrx_word' id='word_1_88' title='bbox 680 952 925 999; x_wconf 71' lang='grc' dir='ltr'><strong><em>ἀποθανεῖν</em></strong></span> <span class='ocrx_word' id='word_1_89' title='bbox 963 956 1119 1012; x_wconf 86' lang='grc' dir='ltr'><strong><em>ἡμίσεα</em></strong></span> <span class='ocrx_word' id='word_1_90' title='bbox 1160 955 1390 1013; x_wconf 87' lang='grc' dir='ltr'><strong><em>συμφορή·</em></strong></span> <span class='ocrx_word' id='word_1_91' title='bbox 1441 954 1574 1011; x_wconf 81' lang='grc' dir='ltr'><strong><em>ἡμέας</em></strong></span> <span class='ocrx_word' id='word_1_92' title='bbox 1615 953 1718 998; x_wconf 81' lang='grc' dir='ltr'>δὲ25</span> 
     </span>
     <span class='ocr_line' id='line_1_19' title="bbox 398 1021 1661 1081; baseline -0.002 -14"><span class='ocrx_word' id='word_1_93' title='bbox 398 1022 530 1075; x_wconf 59' lang='grc' dir='ltr'><strong><em>,ποῦς</em></strong></span> <span class='ocrx_word' id='word_1_94' title='bbox 563 1022 784 1079; x_wconf 80' lang='grc' dir='ltr'><strong><em>ὑπηρέτας</em></strong></span> <span class='ocrx_word' id='word_1_95' title='bbox 827 1023 1011 1078; x_wconf 82' lang='grc' dir='ltr'><strong><em>ἑτέροισί</em></strong></span> <span class='ocrx_word' id='word_1_96' title='bbox 1050 1040 1095 1068; x_wconf 89' lang='grc' dir='ltr'><strong><em>τε</em></strong></span> <span class='ocrx_word' id='word_1_97' title='bbox 1137 1023 1377 1081; x_wconf 81' lang='grc' dir='ltr'><strong><em>ὑπηρέτῃσι</em></strong></span> <span class='ocrx_word' id='word_1_98' title='bbox 1416 1021 1661 1077; x_wconf 87' lang='grc' dir='ltr'><strong><em>προσφέρε-</em></strong></span> 
     </span>
     <span class='ocr_line' id='line_1_20' title="bbox 394 1089 1666 1148; baseline -0.003 -13"><span class='ocrx_word' id='word_1_99' title='bbox 394 1096 551 1143; x_wconf 86' lang='grc' dir='ltr'><strong><em>,,σθαι,</em></strong></span> <span class='ocrx_word' id='word_1_100' title='bbox 583 1091 656 1134; x_wconf 86' lang='grc' dir='ltr'><strong><em>καὶ</em></strong></span> <span class='ocrx_word' id='word_1_101' title='bbox 683 1090 795 1145; x_wconf 79' lang='grc' dir='ltr'><strong><em>πρὸς</em></strong></span> <span class='ocrx_word' id='word_1_102' title='bbox 823 1092 973 1134; x_wconf 61' lang='grc' dir='ltr'><strong><em>ἵππον</em></strong></span> <span class='ocrx_word' id='word_1_103' title='bbox 1008 1095 1088 1135; x_wconf 85' lang='grc' dir='ltr'><strong><em>τοῦ</em></strong></span> <span class='ocrx_word' id='word_1_104' title='bbox 1117 1092 1173 1137; x_wconf 80' lang='grc' dir='ltr'><em>σύ</em></span> <span class='ocrx_word' id='word_1_105' title='bbox 1201 1091 1278 1144; x_wconf 80' lang='grc' dir='ltr'><strong><em>τὰς</em></strong></span> <span class='ocrx_word' id='word_1_106' title='bbox 1309 1092 1502 1148; x_wconf 87' lang='grc' dir='ltr'><strong><em>μηχανὰς</em></strong></span> <span class='ocrx_word' id='word_1_107' title='bbox 1530 1089 1666 1145; x_wconf 80' lang='grc' dir='ltr'><strong><em>μηδὲν</em></strong></span> 
     </span>
     <span class='ocr_line' id='line_1_21' title="bbox 396 1155 1662 1216; baseline -0.002 -14"><span class='ocrx_word' id='word_1_108' title='bbox 396 1162 657 1216; x_wconf 84' lang='grc' dir='ltr'><strong><em>,,φοβηθῇς·</em></strong></span> <span class='ocrx_word' id='word_1_109' title='bbox 687 1157 771 1214; x_wconf 73' lang='grc' dir='ltr'><strong><em>ἐγώ</em></strong></span> <span class='ocrx_word' id='word_1_110' title='bbox 800 1159 883 1214; x_wconf 84' lang='grc' dir='ltr'><strong><em>γὰρ</em></strong></span> <span class='ocrx_word' id='word_1_111' title='bbox 911 1157 964 1213; x_wconf 85' lang='grc' dir='ltr'><strong><em>δή</em></strong></span> <span class='ocrx_word' id='word_1_112' title='bbox 994 1175 1063 1202; x_wconf 90' lang='grc' dir='ltr'><strong><em>τοι</em></strong></span> <span class='ocrx_word' id='word_1_113' title='bbox 1095 1157 1366 1215; x_wconf 78' lang='grc' dir='ltr'><strong><em>ὑποδέκομαι</em></strong></span> <span class='ocrx_word' id='word_1_114' title='bbox 1397 1158 1455 1214; x_wconf 84' lang='grc' dir='ltr'><strong><em>μή</em></strong></span> <span class='ocrx_word' id='word_1_115' title='bbox 1485 1174 1561 1212; x_wconf 87' lang='grc' dir='ltr'><strong><em>μιν</em></strong></span> <span class='ocrx_word' id='word_1_116' title='bbox 1591 1155 1662 1200; x_wconf 78' lang='grc' dir='ltr'><strong><em>οἷν-</em></strong></span> 
     </span>
     <span class='ocr_line' id='line_1_22' title="bbox 392 1225 1665 1282; baseline -0.002 -11"><span class='ocrx_word' id='word_1_117' title='bbox 392 1229 530 1282; x_wconf 84' lang='grc' dir='ltr'><strong><em>,,δρός</em></strong></span> <span class='ocrx_word' id='word_1_118' title='bbox 559 1227 621 1271; x_wconf 75' lang='grc' dir='ltr'><strong><em>ἔτι</em></strong></span> <span class='ocrx_word' id='word_1_119' title='bbox 645 1241 693 1281; x_wconf 87' lang='grc' dir='ltr'><strong><em>γε</em></strong></span> <span class='ocrx_word' id='word_1_120' title='bbox 722 1225 907 1282; x_wconf 84' lang='grc' dir='ltr'><strong><em>μηδενὸς</em></strong></span> <span class='ocrx_word' id='word_1_121' title='bbox 936 1225 1171 1282; x_wconf 80' lang='grc' dir='ltr'><strong><em>στήσεσθαι</em></strong></span> <span class='ocrx_word' id='word_1_122' title='bbox 1210 1228 1451 1270; x_wconf 82' lang='grc' dir='ltr'><strong><em>έναντίον.“</em></strong></span> <span class='ocrx_word' id='word_1_123' title='bbox 1517 1228 1665 1268; x_wconf 86' lang='grc' dir='ltr'><strong><em>Ταῦτα</em></strong></span> 
     </span>
     <span class='ocr_line' id='line_1_23' title="bbox 397 1291 1666 1350; baseline -0.001 -13"><span class='ocrx_word' id='word_1_124' title='bbox 397 1291 512 1346; x_wconf 80' lang='grc' dir='ltr'><strong><em>εἷπε,</em></strong></span> <span class='ocrx_word' id='word_1_125' title='bbox 542 1294 616 1338; x_wconf 83' lang='grc' dir='ltr'><strong><em>καὶ</em></strong></span> <span class='ocrx_word' id='word_1_126' title='bbox 645 1294 881 1349; x_wconf 81' lang='grc' dir='ltr'><strong><em>μεταυτίκα</em></strong></span> <span class='ocrx_word' id='word_1_127' title='bbox 911 1293 1140 1350; x_wconf 83' lang='grc' dir='ltr'><strong><em>συνέμισγε</em></strong></span> <span class='ocrx_word' id='word_1_128' title='bbox 1169 1293 1221 1337; x_wconf 78' lang='grc' dir='ltr'><strong><em>τοὶ</em></strong></span> <span class='ocrx_word' id='word_1_129' title='bbox 1253 1293 1520 1348; x_wconf 88' lang='grc' dir='ltr'><strong><em>στρατόπεδα</em></strong></span> <span class='ocrx_word' id='word_1_130' title='bbox 1547 1295 1666 1348; x_wconf 82' lang='grc' dir='ltr'><strong><em>πεζῇ,</em></strong></span> 
     </span>
     <span class='ocr_line' id='line_1_24' title="bbox 367 1360 1722 1419; baseline 0.001 -18"><span class='ocrx_word' id='word_1_131' title='bbox 367 1361 477 1405; x_wconf 72' lang='grc' dir='ltr'><strong><em>Ξκαὶ</em></strong></span> <span class='ocrx_word' id='word_1_132' title='bbox 504 1361 648 1419; x_wconf 85' lang='grc' dir='ltr'><strong><em>νηυσί.</em></strong></span> <span class='ocrx_word' id='word_1_133' title='bbox 706 1361 855 1418; x_wconf 84' lang='grc' dir='ltr'><strong><em>Νηυσὶ</em></strong></span> <span class='ocrx_word' id='word_1_134' title='bbox 886 1361 966 1418; x_wconf 87' lang='grc' dir='ltr'><strong><em>μέν</em></strong></span> <span class='ocrx_word' id='word_1_135' title='bbox 996 1360 1252 1418; x_wconf 83' lang='grc' dir='ltr'><strong><em>νυνἼωνες,</em></strong></span> <span class='ocrx_word' id='word_1_136' title='bbox 1283 1361 1412 1418; x_wconf 79' lang='grc' dir='ltr'><strong><em>ἄκροι</em></strong></span> <span class='ocrx_word' id='word_1_137' title='bbox 1435 1360 1722 1417; x_wconf 76' lang='grc' dir='ltr'><strong><em>-γενόμενοιὸο</em></strong></span> 
     </span>
    </p>
   </div>
   <div class='ocr_carea' id='block_1_7' title="bbox 344 1485 611 1490">
    <p class='ocr_par' dir='ltr' id='par_1_7' title="bbox 344 1485 611 1490">
     <span class='ocr_line' id='line_1_25' title="bbox 344 1485 611 1490; baseline 0 0"><span class='ocrx_word' id='word_1_138' title='bbox 344 1485 611 1490; x_wconf 95' lang='lat' dir='ltr'><strong><em> </em></strong></span> 
     </span>
    </p>
   </div>
   <div class='ocr_carea' id='block_1_8' title="bbox 342 1542 1006 1937">
    <p class='ocr_par' dir='ltr' id='par_1_8' title="bbox 342 1542 1006 1937">
     <span class='ocr_line' id='line_1_26' title="bbox 342 1542 1005 1599; baseline -0.002 -13"><span class='ocrx_word' id='word_1_139' title='bbox 342 1561 461 1598; x_wconf 83' lang='grc' dir='ltr'><strong><em>μενος</em></strong></span> <span class='ocrx_word' id='word_1_140' title='bbox 485 1546 641 1594; x_wconf 86' lang='lat' dir='ltr'><strong>sustuli,</strong></span> <span class='ocrx_word' id='word_1_141' title='bbox 673 1542 807 1585; x_wconf 74' lang='grc' dir='ltr'><strong><em>αὐτῶν</em></strong></span> <span class='ocrx_word' id='word_1_142' title='bbox 832 1545 920 1584; x_wconf 85' lang='lat' dir='ltr'>dedi</span> <span class='ocrx_word' id='word_1_143' title='bbox 935 1560 1005 1599; x_wconf 89' lang='lat' dir='ltr'><strong><em>pro</em></strong></span> 
     </span>
     <span class='ocr_line' id='line_1_27' title="bbox 342 1598 1005 1655; baseline 0 -13"><span class='ocrx_word' id='word_1_144' title='bbox 342 1598 516 1650; x_wconf 71' lang='grc' dir='ltr'><strong><em>αὐτέων,</em></strong></span> <span class='ocrx_word' id='word_1_145' title='bbox 571 1609 608 1639; x_wconf 86' lang='lat' dir='ltr'><strong><em>et</em></strong></span> <span class='ocrx_word' id='word_1_146' title='bbox 662 1602 1005 1655; x_wconf 83' lang='grc' dir='ltr'><strong><em>προσφερέστερον</em></strong></span> 
     </span>
     <span class='ocr_line' id='line_1_28' title="bbox 343 1657 1006 1711; baseline 0.002 -16"><span class='ocrx_word' id='word_1_147' title='bbox 343 1657 467 1711; x_wconf 91' lang='lat' dir='ltr'>(quod</span> <span class='ocrx_word' id='word_1_148' title='bbox 511 1660 752 1696; x_wconf 84' lang='lat' dir='ltr'><strong><em>Florentinus</em></strong></span> <span class='ocrx_word' id='word_1_149' title='bbox 791 1660 885 1696; x_wconf 89' lang='lat' dir='ltr'>liber</span> <span class='ocrx_word' id='word_1_150' title='bbox 915 1673 1006 1697; x_wconf 88' lang='lat' dir='ltr'><strong><em>cum</em></strong></span> 
     </span>
     <span class='ocr_line' id='line_1_29' title="bbox 342 1714 1006 1766; baseline 0.003 -13"><span class='ocrx_word' id='word_1_151' title='bbox 342 1716 421 1753; x_wconf 79' lang='lat' dir='ltr'>aliis</span> <span class='ocrx_word' id='word_1_152' title='bbox 442 1714 737 1766; x_wconf 84' lang='lat' dir='ltr'>suppeditabat)</span> <span class='ocrx_word' id='word_1_153' title='bbox 763 1729 831 1766; x_wconf 91' lang='lat' dir='ltr'><strong><em>pro</em></strong></span> <span class='ocrx_word' id='word_1_154' title='bbox 852 1730 1006 1766; x_wconf 87' lang='grc' dir='ltr'><strong><em>προφε-</em></strong></span> 
     </span>
     <span class='ocr_line' id='line_1_30' title="bbox 343 1771 1005 1824; baseline -0.003 -13"><span class='ocrx_word' id='word_1_155' title='bbox 343 1771 547 1824; x_wconf 80' lang='grc' dir='ltr'><strong><em>ρέστερον,</em></strong></span> <span class='ocrx_word' id='word_1_156' title='bbox 575 1773 745 1824; x_wconf 84' lang='lat' dir='ltr'>itemque</span> <span class='ocrx_word' id='word_1_157' title='bbox 762 1771 924 1823; x_wconf 84' lang='grc' dir='ltr'><strong><em>βασιλέα</em></strong></span> <span class='ocrx_word' id='word_1_158' title='bbox 936 1785 1005 1823; x_wconf 86' lang='lat' dir='ltr'><strong><em>pro</em></strong></span> 
     </span>
     <span class='ocr_line' id='line_1_31' title="bbox 343 1826 1002 1880; baseline 0 -13"><span class='ocrx_word' id='word_1_159' title='bbox 343 1829 516 1880; x_wconf 81' lang='grc' dir='ltr'><strong><em>βασιλῆα</em></strong></span> <span class='ocrx_word' id='word_1_160' title='bbox 552 1835 590 1865; x_wconf 88' lang='lat' dir='ltr'><strong><em>et</em></strong></span> <span class='ocrx_word' id='word_1_161' title='bbox 616 1826 731 1880; x_wconf 77' lang='grc' dir='ltr'><strong><em>χρεὸν</em></strong></span> <span class='ocrx_word' id='word_1_162' title='bbox 762 1841 830 1878; x_wconf 87' lang='lat' dir='ltr'><strong><em>pro</em></strong></span> <span class='ocrx_word' id='word_1_163' title='bbox 864 1826 1002 1879; x_wconf 72' lang='grc' dir='ltr'><strong><em>χρεών,</em></strong></span> 
     </span>
     <span class='ocr_line' id='line_1_32' title="bbox 343 1884 933 1937; baseline 0 -15"><span class='ocrx_word' id='word_1_164' title='bbox 343 1884 390 1922; x_wconf 89' lang='lat' dir='ltr'><strong><em>de</em></strong></span> <span class='ocrx_word' id='word_1_165' title='bbox 421 1897 498 1937; x_wconf 91' lang='lat' dir='ltr'><strong><em>quo</em></strong></span> <span class='ocrx_word' id='word_1_166' title='bbox 517 1884 596 1922; x_wconf 83' lang='lat' dir='ltr'><strong><em>vid.</em></strong></span> <span class='ocrx_word' id='word_1_167' title='bbox 617 1892 713 1923; x_wconf 86' lang='lat' dir='ltr'><strong><em>nott.</em></strong></span> <span class='ocrx_word' id='word_1_168' title='bbox 735 1884 784 1922; x_wconf 88' lang='lat' dir='ltr'><strong><em>ad</em></strong></span> <span class='ocrx_word' id='word_1_169' title='bbox 803 1885 849 1933; x_wconf 88' lang='lat' dir='ltr'><strong><em>V,</em></strong></span> <span class='ocrx_word' id='word_1_170' title='bbox 865 1884 933 1925; x_wconf 81' lang='lat'><strong><em>49.</em></strong></span> 
     </span>
    </p>
   </div>
   <div class='ocr_carea' id='block_1_9' title="bbox 343 1994 1014 2894">
    <p class='ocr_par' dir='ltr' id='par_1_9' title="bbox 343 1994 1014 2894">
     <span class='ocr_line' id='line_1_33' title="bbox 402 1994 1006 2049; baseline -0.008 -12"><span class='ocrx_word' id='word_1_171' title='bbox 402 1994 500 2049; x_wconf 88' lang='grc' dir='ltr'><strong><em>μέγα</em></strong></span> <span class='ocrx_word' id='word_1_172' title='bbox 519 2011 580 2036; x_wconf 91' lang='grc' dir='ltr'><strong><em>τοι</em></strong></span> <span class='ocrx_word' id='word_1_173' title='bbox 598 1996 777 2049; x_wconf 82' lang='grc' dir='ltr'><strong><em>γίνεται]</em></strong></span> <span class='ocrx_word' id='word_1_174' title='bbox 799 1997 933 2034; x_wconf 82' lang='lat' dir='ltr'>Plures</span> <span class='ocrx_word' id='word_1_175' title='bbox 953 1997 1006 2034; x_wconf 90' lang='lat' dir='ltr'><strong><em>si-</em></strong></span> 
     </span>
     <span class='ocr_line' id='line_1_34' title="bbox 343 2051 1007 2091; baseline -0.002 0"><span class='ocrx_word' id='word_1_176' title='bbox 343 2054 452 2091; x_wconf 82' lang='lat' dir='ltr'>miles</span> <span class='ocrx_word' id='word_1_177' title='bbox 467 2055 571 2091; x_wconf 87' lang='lat' dir='ltr'>locos</span> <span class='ocrx_word' id='word_1_178' title='bbox 592 2054 760 2090; x_wconf 82' lang='lat' dir='ltr'><strong><em>excitans</em></strong></span> <span class='ocrx_word' id='word_1_179' title='bbox 780 2054 940 2090; x_wconf 80' lang='lat' dir='ltr'><strong><em>Dorvill.</em></strong></span> <span class='ocrx_word' id='word_1_180' title='bbox 959 2051 1007 2090; x_wconf 85' lang='lat' dir='ltr'><strong><em>ad</em></strong></span> 
     </span>
     <span class='ocr_line' id='line_1_35' title="bbox 344 2108 1008 2160; baseline 0.002 -14"><span class='ocrx_word' id='word_1_181' title='bbox 344 2109 539 2147; x_wconf 83' lang='lat' dir='ltr'><strong><em>Chariton.</em></strong></span> <span class='ocrx_word' id='word_1_182' title='bbox 559 2111 641 2157; x_wconf 87' lang='lat' dir='ltr'>VII,</span> <span class='ocrx_word' id='word_1_183' title='bbox 662 2112 688 2149; x_wconf 82' lang='lat'><strong>2</strong></span> <span class='ocrx_word' id='word_1_184' title='bbox 699 2123 788 2160; x_wconf 82' lang='lat' dir='ltr'><strong><em>pag.</em></strong></span> <span class='ocrx_word' id='word_1_185' title='bbox 799 2108 880 2151; x_wconf 83' lang='lat'><strong><em>564</em></strong></span> <span class='ocrx_word' id='word_1_186' title='bbox 892 2111 1008 2159; x_wconf 89' lang='lat' dir='ltr'>Lips.,</span> 
     </span>
     <span class='ocr_line' id='line_1_36' title="bbox 344 2165 1009 2213; baseline -0.002 -10"><span class='ocrx_word' id='word_1_187' title='bbox 344 2173 474 2204; x_wconf 86' lang='lat' dir='ltr'>nostro</span> <span class='ocrx_word' id='word_1_188' title='bbox 506 2167 545 2202; x_wconf 89' lang='lat' dir='ltr'><strong><em>in</em></strong></span> <span class='ocrx_word' id='word_1_189' title='bbox 572 2167 680 2213; x_wconf 86' lang='lat' dir='ltr'>loco,</span> <span class='ocrx_word' id='word_1_190' title='bbox 711 2167 742 2203; x_wconf 88' lang='lat' dir='ltr'><strong><em>si</em></strong></span> <span class='ocrx_word' id='word_1_191' title='bbox 763 2165 874 2203; x_wconf 88' lang='lat' dir='ltr'><strong>codd.</strong></span> <span class='ocrx_word' id='word_1_192' title='bbox 897 2165 1009 2202; x_wconf 86' lang='lat' dir='ltr'>addi-</span> 
     </span>
     <span class='ocr_line' id='line_1_37' title="bbox 345 2220 1008 2274; baseline 0 -15"><span class='ocrx_word' id='word_1_193' title='bbox 345 2229 494 2274; x_wconf 70' lang='lat' dir='ltr'><strong><em>9erent‚</em></strong></span> <span class='ocrx_word' id='word_1_194' title='bbox 525 2223 658 2273; x_wconf 87' lang='lat' dir='ltr'>reponi</span> <span class='ocrx_word' id='word_1_195' title='bbox 678 2223 809 2259; x_wconf 81' lang='lat' dir='ltr'><strong><em>mallet</em></strong></span> <span class='ocrx_word' id='word_1_196' title='bbox 829 2220 927 2273; x_wconf 80' lang='grc' dir='ltr'><strong><em>μέγα</em></strong></span> <span class='ocrx_word' id='word_1_197' title='bbox 962 2236 1008 2259; x_wconf 89' lang='grc' dir='ltr'><strong><em>τι</em></strong></span> 
     </span>
     <span class='ocr_line' id='line_1_38' title="bbox 344 2278 1008 2331; baseline -0.006 -14"><span class='ocrx_word' id='word_1_198' title='bbox 344 2279 507 2331; x_wconf 85' lang='grc' dir='ltr'><strong><em>γίνεται.</em></strong></span> <span class='ocrx_word' id='word_1_199' title='bbox 567 2308 590 2326; x_wconf 83' lang='grc'><strong><em>,,</em></strong></span> <span class='ocrx_word' id='word_1_200' title='bbox 607 2280 657 2315; x_wconf 84' lang='lat' dir='ltr'><strong><em>At</em></strong></span> <span class='ocrx_word' id='word_1_201' title='bbox 678 2280 731 2314; x_wconf 87' lang='lat' dir='ltr'><strong><em>illi</em></strong></span> <span class='ocrx_word' id='word_1_202' title='bbox 756 2278 898 2327; x_wconf 81' lang='lat' dir='ltr'>(verba</span> <span class='ocrx_word' id='word_1_203' title='bbox 919 2283 1008 2315; x_wconf 87' lang='lat' dir='ltr'><strong><em>sunt</em></strong></span> 
     </span>
     <span class='ocr_line' id='line_1_39' title="bbox 357 2334 1008 2383; baseline -0.002 -12"><span class='ocrx_word' id='word_1_204' title='bbox 357 2334 593 2383; x_wconf 75' lang='lat' dir='ltr'><strong><em>Wesselingii)</em></strong></span> <span class='ocrx_word' id='word_1_205' title='bbox 624 2335 878 2381; x_wconf 81' lang='lat' dir='ltr'><strong><em>reluctantur3</em></strong></span> <span class='ocrx_word' id='word_1_206' title='bbox 917 2347 1008 2371; x_wconf 85' lang='lat' dir='ltr'><strong><em>sen-</em></strong></span> 
     </span>
     <span class='ocr_line' id='line_1_40' title="bbox 347 2391 1009 2442; baseline -0.005 -14"><span class='ocrx_word' id='word_1_207' title='bbox 347 2392 462 2428; x_wconf 81' lang='lat' dir='ltr'><strong><em>tentia</em></strong></span> <span class='ocrx_word' id='word_1_208' title='bbox 483 2391 586 2428; x_wconf 83' lang='lat' dir='ltr'>caris</span> <span class='ocrx_word' id='word_1_209' title='bbox 607 2391 707 2427; x_wconf 84' lang='lat' dir='ltr'>bona</span> <span class='ocrx_word' id='word_1_210' title='bbox 727 2398 802 2438; x_wconf 88' lang='lat' dir='ltr'>est,</span> <span class='ocrx_word' id='word_1_211' title='bbox 834 2391 898 2442; x_wconf 89' lang='lat' dir='ltr'><strong><em>qui</em></strong></span> <span class='ocrx_word' id='word_1_212' title='bbox 921 2391 1009 2442; x_wconf 89' lang='lat' dir='ltr'>qui—</span> 
     </span>
     <span class='ocr_line' id='line_1_41' title="bbox 349 2445 1009 2497; baseline -0.002 -12"><span class='ocrx_word' id='word_1_213' title='bbox 349 2447 438 2485; x_wconf 82' lang='lat' dir='ltr'><strong><em>dem</em></strong></span> <span class='ocrx_word' id='word_1_214' title='bbox 459 2461 549 2484; x_wconf 89' lang='lat' dir='ltr'><strong><em>cum</em></strong></span> <span class='ocrx_word' id='word_1_215' title='bbox 569 2460 662 2483; x_wconf 85' lang='lat' dir='ltr'><strong><em>mox</em></strong></span> <span class='ocrx_word' id='word_1_216' title='bbox 681 2448 730 2483; x_wconf 80' lang='lat' dir='ltr'><strong><em>ait</em></strong></span> <span class='ocrx_word' id='word_1_217' title='bbox 751 2445 897 2497; x_wconf 71' lang='grc' dir='ltr'><strong><em>ἡμίσεα</em></strong></span> <span class='ocrx_word' id='word_1_218' title='bbox 914 2459 1009 2496; x_wconf 87' lang='grc' dir='ltr'><strong><em>συμ-</em></strong></span> 
     </span>
     <span class='ocr_line' id='line_1_42' title="bbox 348 2500 1010 2563; baseline -0.003 -23"><span class='ocrx_word' id='word_1_219' title='bbox 348 2500 456 2563; x_wconf 67' lang='grc' dir='ltr'><strong><em>φορῇ</em></strong></span> <span class='ocrx_word' id='word_1_220' title='bbox 476 2534 484 2551; x_wconf 85' lang='lat'>,</span> <span class='ocrx_word' id='word_1_221' title='bbox 539 2505 750 2555; x_wconf 83' lang='lat' dir='ltr'>priscorum</span> <span class='ocrx_word' id='word_1_222' title='bbox 788 2504 1010 2554; x_wconf 73' lang='lat' dir='ltr'>opinionem</span> 
     </span>
     <span class='ocr_line' id='line_1_43' title="bbox 347 2560 1010 2612; baseline -0.003 -15"><span class='ocrx_word' id='word_1_223' title='bbox 347 2561 504 2612; x_wconf 85' lang='lat' dir='ltr'>probat,</span> <span class='ocrx_word' id='word_1_224' title='bbox 542 2561 644 2597; x_wconf 86' lang='lat' dir='ltr'>vinci</span> <span class='ocrx_word' id='word_1_225' title='bbox 675 2566 712 2596; x_wconf 85' lang='lat' dir='ltr'><strong><em>et</em></strong></span> <span class='ocrx_word' id='word_1_226' title='bbox 740 2561 857 2598; x_wconf 84' lang='lat' dir='ltr'>sterni</span> <span class='ocrx_word' id='word_1_227' title='bbox 888 2572 909 2595; x_wconf 84' lang='lat' dir='ltr'>a</span> <span class='ocrx_word' id='word_1_228' title='bbox 929 2560 1010 2596; x_wconf 84' lang='lat' dir='ltr'>viro</span> 
     </span>
     <span class='ocr_line' id='line_1_44' title="bbox 349 2615 1011 2667; baseline -0.002 -14"><span class='ocrx_word' id='word_1_229' title='bbox 349 2617 503 2667; x_wconf 77' lang='lat' dir='ltr'>egregio</span> <span class='ocrx_word' id='word_1_230' title='bbox 554 2624 591 2653; x_wconf 86' lang='lat' dir='ltr'><strong><em>et</em></strong></span> <span class='ocrx_word' id='word_1_231' title='bbox 638 2617 726 2652; x_wconf 82' lang='lat' dir='ltr'>sorti</span> <span class='ocrx_word' id='word_1_232' title='bbox 776 2615 1011 2653; x_wconf 79' lang='lat' dir='ltr'>laudantem.</span> 
     </span>
     <span class='ocr_line' id='line_1_45' title="bbox 349 2672 1014 2723; baseline -0.005 -12"><span class='ocrx_word' id='word_1_233' title='bbox 349 2674 484 2711; x_wconf 82' lang='lat' dir='ltr'><strong>Nobile</strong></span> <span class='ocrx_word' id='word_1_234' title='bbox 532 2672 786 2723; x_wconf 81' lang='lat' dir='ltr'><strong><em>Virgilianum</em></strong></span> <span class='ocrx_word' id='word_1_235' title='bbox 807 2685 817 2708; x_wconf 71' lang='grc' dir='ltr'><strong><em>ε</em></strong></span> <span class='ocrx_word' id='word_1_236' title='bbox 877 2673 1014 2709; x_wconf 82' lang='lat' dir='ltr'><strong><em>Aeneae</em></strong></span> 
     </span>
     <span class='ocr_line' id='line_1_46' title="bbox 349 2729 1011 2778; baseline -0.005 -11"><span class='ocrx_word' id='word_1_237' title='bbox 349 2732 475 2778; x_wconf 78' lang='lat' dir='ltr'><strong><em>magni</em></strong></span> <span class='ocrx_word' id='word_1_238' title='bbox 513 2729 640 2767; x_wconf 75' lang='lat' dir='ltr'><strong><em>dextra</em></strong></span> <span class='ocrx_word' id='word_1_239' title='bbox 681 2730 779 2766; x_wconf 75' lang='lat' dir='ltr'>cadis</span> <span class='ocrx_word' id='word_1_240' title='bbox 818 2729 916 2765; x_wconf 65' lang='lat' dir='ltr'><strong><em>Aen.</em></strong></span> <span class='ocrx_word' id='word_1_241' title='bbox 961 2729 1011 2776; x_wconf 86' lang='lat' dir='ltr'><strong><em>X,</em></strong></span> 
     </span>
     <span class='ocr_line' id='line_1_47' title="bbox 350 2784 1011 2827; baseline -0.005 -4"><span class='ocrx_word' id='word_1_242' title='bbox 350 2788 447 2827; x_wconf 84' lang='lat'><strong>830.</strong></span> <span class='ocrx_word' id='word_1_243' title='bbox 477 2785 553 2822; x_wconf 89' lang='lat' dir='ltr'><strong><em>Adi</em></strong></span> <span class='ocrx_word' id='word_1_244' title='bbox 581 2785 628 2822; x_wconf 81' lang='lat' dir='ltr'><strong><em>ad</em></strong></span> <span class='ocrx_word' id='word_1_245' title='bbox 659 2786 808 2822; x_wconf 79' lang='lat' dir='ltr'><strong><em>Ciosnn.</em></strong></span> <span class='ocrx_word' id='word_1_246' title='bbox 841 2786 878 2821; x_wconf 86' lang='lat' dir='ltr'><strong><em>in</em></strong></span> <span class='ocrx_word' id='word_1_247' title='bbox 900 2784 1011 2822; x_wconf 81' lang='lat' dir='ltr'><strong><em>ovid.</em></strong></span> 
     </span>
     <span class='ocr_line' id='line_1_48' title="bbox 351 2841 1012 2894; baseline 0 -16"><span class='ocrx_word' id='word_1_248' title='bbox 351 2841 605 2894; x_wconf 81' lang='lat' dir='ltr'>Metamorph.</span> <span class='ocrx_word' id='word_1_249' title='bbox 629 2843 674 2890; x_wconf 88' lang='lat' dir='ltr'><strong><em>V,</em></strong></span> <span class='ocrx_word' id='word_1_250' title='bbox 689 2844 781 2883; x_wconf 80' lang='lat'><strong>191.</strong></span> <span class='ocrx_word' id='word_1_251' title='bbox 796 2842 819 2861; x_wconf 92' lang='lat'>“</span> <span class='ocrx_word' id='word_1_252' title='bbox 843 2863 898 2868; x_wconf 89' lang='lat'><em>—</em></span> <span class='ocrx_word' id='word_1_253' title='bbox 937 2843 1012 2878; x_wconf 83' lang='lat' dir='ltr'><strong><em>Pro</em></strong></span> 
     </span>
    </p>
   </div>
   <div class='ocr_carea' id='block_1_10' title="bbox 1062 1543 1724 1769">
    <p class='ocr_par' dir='ltr' id='par_1_10' title="bbox 1062 1543 1724 1769">
     <span class='ocr_line' id='line_1_49' title="bbox 1063 1543 1721 1599; baseline -0.012 -11"><span class='ocrx_word' id='word_1_254' title='bbox 1063 1544 1228 1599; x_wconf 81' lang='grc' dir='ltr'><strong><em>δεύτερα</em></strong></span> <span class='ocrx_word' id='word_1_255' title='bbox 1243 1548 1420 1584; x_wconf 86' lang='lat' dir='ltr'>nonnulli</span> <span class='ocrx_word' id='word_1_256' title='bbox 1441 1543 1627 1597; x_wconf 80' lang='grc' dir='ltr'><strong><em>δεύτερον</em></strong></span> <span class='ocrx_word' id='word_1_257' title='bbox 1640 1576 1650 1594; x_wconf 89' lang='grc'><em>,</em></span> <span class='ocrx_word' id='word_1_258' title='bbox 1672 1545 1721 1581; x_wconf 85' lang='lat' dir='ltr'><strong><em>cf.</em></strong></span> 
     </span>
     <span class='ocr_line' id='line_1_50' title="bbox 1062 1600 1724 1655; baseline -0.005 -14"><span class='ocrx_word' id='word_1_259' title='bbox 1062 1607 1092 1652; x_wconf 87' lang='grc' dir='ltr'><strong><em>Ι,</em></strong></span> <span class='ocrx_word' id='word_1_260' title='bbox 1133 1604 1227 1645; x_wconf 82' lang='lat'><strong>204.</strong></span> <span class='ocrx_word' id='word_1_261' title='bbox 1278 1606 1412 1655; x_wconf 82' lang='lat' dir='ltr'>Neque</span> <span class='ocrx_word' id='word_1_262' title='bbox 1452 1602 1640 1640; x_wconf 82' lang='lat' dir='ltr'>antecedit</span> <span class='ocrx_word' id='word_1_263' title='bbox 1674 1600 1724 1638; x_wconf 86' lang='lat' dir='ltr'><strong><em>ad</em></strong></span> 
     </span>
     <span class='ocr_line' id='line_1_51' title="bbox 1064 1656 1723 1713; baseline -0.005 -16"><span class='ocrx_word' id='word_1_264' title='bbox 1064 1660 1169 1713; x_wconf 89' lang='lat' dir='ltr'>quod</span> <span class='ocrx_word' id='word_1_265' title='bbox 1184 1661 1381 1707; x_wconf 80' lang='lat' dir='ltr'>referatur,</span> <span class='ocrx_word' id='word_1_266' title='bbox 1395 1662 1554 1712; x_wconf 77' lang='grc' dir='ltr'><strong><em>πρῶτον</em></strong></span> <span class='ocrx_word' id='word_1_267' title='bbox 1577 1656 1649 1710; x_wconf 81' lang='grc' dir='ltr'><strong><em>μὲν</em></strong></span> <span class='ocrx_word' id='word_1_268' title='bbox 1661 1658 1723 1696; x_wconf 80' lang='lat' dir='ltr'><strong><em>vel</em></strong></span> 
     </span>
     <span class='ocr_line' id='line_1_52' title="bbox 1063 1716 1316 1769; baseline -0.004 -15"><span class='ocrx_word' id='word_1_269' title='bbox 1063 1718 1186 1754; x_wconf 84' lang='lat' dir='ltr'>simile</span> <span class='ocrx_word' id='word_1_270' title='bbox 1207 1716 1316 1769; x_wconf 87' lang='lat' dir='ltr'>quid.</span> 
     </span>
    </p>
   </div>
   <div class='ocr_carea' id='block_1_11' title="bbox 1282 1817 1506 1868">
    <p class='ocr_par' dir='ltr' id='par_1_11' title="bbox 1282 1817 1506 1868">
     <span class='ocr_line' id='line_1_53' title="bbox 1282 1817 1506 1868; baseline -0.013 -13"><span class='ocrx_word' id='word_1_271' title='bbox 1282 1818 1374 1868; x_wconf 85' lang='lat' dir='ltr'><strong>Cap.</strong></span> <span class='ocrx_word' id='word_1_272' title='bbox 1387 1817 1506 1853; x_wconf 86' lang='lat' dir='ltr'><strong>CXII.</strong></span> 
     </span>
    </p>
   </div>
   <div class='ocr_carea' id='block_1_12' title="bbox 1062 1882 1768 2895">
    <p class='ocr_par' dir='ltr' id='par_1_12' title="bbox 1062 1882 1726 2158">
     <span class='ocr_line' id='line_1_54' title="bbox 1119 1882 1725 1937; baseline -0.008 -13"><span class='ocrx_word' id='word_1_273' title='bbox 1119 1882 1345 1937; x_wconf 82' lang='grc' dir='ltr'><strong><em>συνέμισγε]</em></strong></span> <span class='ocrx_word' id='word_1_274' title='bbox 1368 1886 1424 1921; x_wconf 82' lang='lat' dir='ltr'><strong><em>Ita</em></strong></span> <span class='ocrx_word' id='word_1_275' title='bbox 1436 1882 1623 1920; x_wconf 87' lang='lat' dir='ltr'>edidimus</span> <span class='ocrx_word' id='word_1_276' title='bbox 1634 1895 1725 1919; x_wconf 87' lang='lat' dir='ltr'><strong><em>cum</em></strong></span> 
     </span>
     <span class='ocr_line' id='line_1_55' title="bbox 1062 1938 1726 1993; baseline -0.005 -15"><span class='ocrx_word' id='word_1_277' title='bbox 1062 1941 1194 1989; x_wconf 82' lang='lat' dir='ltr'><strong><em>Gaisf.‚</em></strong></span> <span class='ocrx_word' id='word_1_278' title='bbox 1217 1943 1283 1993; x_wconf 90' lang='lat' dir='ltr'><strong><em>qui</em></strong></span> <span class='ocrx_word' id='word_1_279' title='bbox 1293 1943 1382 1978; x_wconf 80' lang='lat' dir='ltr'>citat</span> <span class='ocrx_word' id='word_1_280' title='bbox 1402 1942 1433 1988; x_wconf 89' lang='lat'><strong><em>1,</em></strong></span> <span class='ocrx_word' id='word_1_281' title='bbox 1452 1942 1544 1981; x_wconf 79' lang='lat'><strong>127.</strong></span> <span class='ocrx_word' id='word_1_282' title='bbox 1558 1940 1639 1987; x_wconf 85' lang='lat' dir='ltr'>VII,</span> <span class='ocrx_word' id='word_1_283' title='bbox 1658 1938 1726 1979; x_wconf 87' lang='lat'><strong><em>40.</em></strong></span> 
     </span>
     <span class='ocr_line' id='line_1_56' title="bbox 1062 1993 1724 2047; baseline -0.003 -13"><span class='ocrx_word' id='word_1_284' title='bbox 1062 2000 1155 2035; x_wconf 84' lang='lat' dir='ltr'><strong><em>Mox</em></strong></span> <span class='ocrx_word' id='word_1_285' title='bbox 1175 1995 1222 2035; x_wconf 77' lang='grc' dir='ltr'><strong><em>τοὶ</em></strong></span> <span class='ocrx_word' id='word_1_286' title='bbox 1254 1993 1496 2047; x_wconf 80' lang='grc' dir='ltr'><strong><em>στρατόπεδα</em></strong></span> <span class='ocrx_word' id='word_1_287' title='bbox 1516 2003 1605 2033; x_wconf 84' lang='lat' dir='ltr'><strong><em>sunt</em></strong></span> <span class='ocrx_word' id='word_1_288' title='bbox 1624 2008 1724 2033; x_wconf 76' lang='lat' dir='ltr'>exer-</span> 
     </span>
     <span class='ocr_line' id='line_1_57' title="bbox 1063 2052 1723 2105; baseline -0.005 -13"><span class='ocrx_word' id='word_1_289' title='bbox 1063 2057 1183 2099; x_wconf 75' lang='lat' dir='ltr'><strong><em>citus,</em></strong></span> <span class='ocrx_word' id='word_1_290' title='bbox 1232 2057 1373 2105; x_wconf 78' lang='lat' dir='ltr'>copiae,</span> <span class='ocrx_word' id='word_1_291' title='bbox 1405 2061 1448 2090; x_wconf 91' lang='lat' dir='ltr'><strong><em>ut</em></strong></span> <span class='ocrx_word' id='word_1_292' title='bbox 1477 2053 1523 2101; x_wconf 84' lang='lat' dir='ltr'><strong><em>V,</em></strong></span> <span class='ocrx_word' id='word_1_293' title='bbox 1554 2053 1620 2094; x_wconf 87' lang='lat'><strong><em>75.</em></strong></span> <span class='ocrx_word' id='word_1_294' title='bbox 1660 2052 1723 2099; x_wconf 92' lang='lat' dir='ltr'><strong><em>VI,</em></strong></span> 
     </span>
     <span class='ocr_line' id='line_1_58' title="bbox 1066 2114 1199 2158; baseline 0 -12"><span class='ocrx_word' id='word_1_295' title='bbox 1066 2114 1105 2158; x_wconf 82' lang='lat'><strong><em>6,</em></strong></span> <span class='ocrx_word' id='word_1_296' title='bbox 1128 2117 1199 2147; x_wconf 79' lang='lat' dir='ltr'><strong><em>etc.</em></strong></span> 
     </span>
    </p>

    <p class='ocr_par' dir='ltr' id='par_1_13' title="bbox 1063 2162 1768 2895">
     <span class='ocr_line' id='line_1_59' title="bbox 1122 2162 1726 2218; baseline -0.008 -13"><span class='ocrx_word' id='word_1_297' title='bbox 1122 2164 1240 2218; x_wconf 76' lang='grc' dir='ltr'><strong><em>ἅκροι</em></strong></span> <span class='ocrx_word' id='word_1_298' title='bbox 1261 2162 1491 2218; x_wconf 81' lang='grc' dir='ltr'><strong><em>γενόμενοι]</em></strong></span> <span class='ocrx_word' id='word_1_299' title='bbox 1524 2165 1549 2201; x_wconf 86' lang='lat' dir='ltr'><strong><em>i.</em></strong></span> <span class='ocrx_word' id='word_1_300' title='bbox 1569 2177 1603 2201; x_wconf 89' lang='lat' dir='ltr'><strong><em>e.</em></strong></span> <span class='ocrx_word' id='word_1_301' title='bbox 1632 2165 1726 2202; x_wconf 78' lang='lat' dir='ltr'>acri-</span> 
     </span>
     <span class='ocr_line' id='line_1_60' title="bbox 1065 2220 1724 2272; baseline -0.005 -12"><span class='ocrx_word' id='word_1_302' title='bbox 1065 2228 1137 2270; x_wconf 73' lang='lat' dir='ltr'><strong><em>ter,</em></strong></span> <span class='ocrx_word' id='word_1_303' title='bbox 1168 2226 1306 2259; x_wconf 69' lang='lat' dir='ltr'><strong><em>strenue</em></strong></span> <span class='ocrx_word' id='word_1_304' title='bbox 1336 2226 1561 2272; x_wconf 69' lang='lat' dir='ltr'><strong><em>pugnantes,</em></strong></span> <span class='ocrx_word' id='word_1_305' title='bbox 1608 2227 1650 2257; x_wconf 81' lang='lat' dir='ltr'><strong><em>ut</em></strong></span> <span class='ocrx_word' id='word_1_306' title='bbox 1680 2220 1724 2268; x_wconf 87' lang='lat' dir='ltr'><strong><em>V,</em></strong></span> 
     </span>
     <span class='ocr_line' id='line_1_61' title="bbox 1067 2278 1768 2327; baseline -0.006 -11"><span class='ocrx_word' id='word_1_307' title='bbox 1067 2278 1159 2326; x_wconf 80' lang='lat'><strong>124,</strong></span> <span class='ocrx_word' id='word_1_308' title='bbox 1182 2280 1247 2315; x_wconf 85' lang='lat' dir='ltr'><strong><em>ubi</em></strong></span> <span class='ocrx_word' id='word_1_309' title='bbox 1268 2280 1365 2316; x_wconf 82' lang='lat' dir='ltr'><strong><em>bene</em></strong></span> <span class='ocrx_word' id='word_1_310' title='bbox 1378 2279 1608 2327; x_wconf 79' lang='lat' dir='ltr'><strong><em>VVesseliug.</em></strong></span> <span class='ocrx_word' id='word_1_311' title='bbox 1623 2278 1726 2324; x_wconf 72' lang='lat' dir='ltr'>VIII,</span> <span class='ocrx_word' id='word_1_312' title='bbox 1762 2323 1768 2327; x_wconf 22' lang='grc' dir='ltr'><strong><em>φ</em></strong></span> 
     </span>
     <span class='ocr_line' id='line_1_62' title="bbox 1068 2333 1726 2385; baseline -0.006 -11"><span class='ocrx_word' id='word_1_313' title='bbox 1068 2338 1141 2374; x_wconf 87' lang='grc'><strong><em>111</em></strong></span> <span class='ocrx_word' id='word_1_314' title='bbox 1179 2336 1266 2372; x_wconf 89' lang='lat' dir='ltr'>coll.</span> <span class='ocrx_word' id='word_1_315' title='bbox 1308 2336 1348 2379; x_wconf 79' lang='grc' dir='ltr'><strong><em>Ι,</em></strong></span> <span class='ocrx_word' id='word_1_316' title='bbox 1373 2337 1425 2374; x_wconf 82' lang='lat'><strong><em>73</em></strong></span> <span class='ocrx_word' id='word_1_317' title='bbox 1457 2335 1584 2385; x_wconf 81' lang='lat' dir='ltr'>ibique</span> <span class='ocrx_word' id='word_1_318' title='bbox 1621 2333 1726 2370; x_wconf 85' lang='lat' dir='ltr'><strong><em>laud.</em></strong></span> 
     </span>
     <span class='ocr_line' id='line_1_63' title="bbox 1063 2388 1725 2441; baseline -0.002 -14"><span class='ocrx_word' id='word_1_319' title='bbox 1063 2392 1233 2432; x_wconf 82' lang='lat' dir='ltr'>VVerser,</span> <span class='ocrx_word' id='word_1_320' title='bbox 1250 2420 1258 2436; x_wconf 77' lang='lat'>‚</span> <span class='ocrx_word' id='word_1_321' title='bbox 1300 2391 1364 2441; x_wconf 84' lang='lat' dir='ltr'><strong><em>qui</em></strong></span> <span class='ocrx_word' id='word_1_322' title='bbox 1396 2388 1468 2426; x_wconf 87' lang='lat' dir='ltr'><strong><em>hoc</em></strong></span> <span class='ocrx_word' id='word_1_323' title='bbox 1491 2391 1574 2426; x_wconf 89' lang='lat' dir='ltr'>loco</span> <span class='ocrx_word' id='word_1_324' title='bbox 1596 2391 1725 2438; x_wconf 84' lang='lat' dir='ltr'>utitur,</span> 
     </span>
     <span class='ocr_line' id='line_1_64' title="bbox 1066 2446 1726 2498; baseline -0.002 -14"><span class='ocrx_word' id='word_1_325' title='bbox 1066 2446 1141 2498; x_wconf 64' lang='lat' dir='ltr'><strong><em>qus)</em></strong></span> <span class='ocrx_word' id='word_1_326' title='bbox 1174 2449 1315 2484; x_wconf 74' lang='lat' dir='ltr'>bonam</span> <span class='ocrx_word' id='word_1_327' title='bbox 1347 2448 1386 2482; x_wconf 87' lang='lat' dir='ltr'><strong><em>in</em></strong></span> <span class='ocrx_word' id='word_1_328' title='bbox 1411 2453 1558 2496; x_wconf 81' lang='lat' dir='ltr'>partem</span> <span class='ocrx_word' id='word_1_329' title='bbox 1590 2459 1726 2484; x_wconf 82' lang='lat' dir='ltr'>vocem</span> 
     </span>
     <span class='ocr_line' id='line_1_65' title="bbox 1067 2502 1726 2554; baseline -0.002 -13"><span class='ocrx_word' id='word_1_330' title='bbox 1067 2502 1191 2554; x_wconf 70' lang='grc' dir='ltr'><strong><em>ἄκρος</em></strong></span> <span class='ocrx_word' id='word_1_331' title='bbox 1231 2505 1349 2554; x_wconf 78' lang='lat' dir='ltr'>accipi</span> <span class='ocrx_word' id='word_1_332' title='bbox 1390 2503 1537 2540; x_wconf 79' lang='lat' dir='ltr'><strong><em>doceat.</em></strong></span> <span class='ocrx_word' id='word_1_333' title='bbox 1615 2502 1726 2548; x_wconf 80' lang='lat' dir='ltr'>Quod</span> 
     </span>
     <span class='ocr_line' id='line_1_66' title="bbox 1069 2558 1726 2611; baseline 0.003 -14"><span class='ocrx_word' id='word_1_334' title='bbox 1069 2574 1158 2597; x_wconf 77' lang='lat' dir='ltr'>vero</span> <span class='ocrx_word' id='word_1_335' title='bbox 1180 2558 1400 2609; x_wconf 77' lang='lat' dir='ltr'>Schweigh.</span> <span class='ocrx_word' id='word_1_336' title='bbox 1422 2566 1553 2596; x_wconf 78' lang='lat' dir='ltr'>monet</span> <span class='ocrx_word' id='word_1_337' title='bbox 1567 2589 1576 2606; x_wconf 89' lang='lat'>,</span> <span class='ocrx_word' id='word_1_338' title='bbox 1609 2558 1726 2611; x_wconf 71' lang='grc' dir='ltr'><strong><em>νηυσὶ</em></strong></span> 
     </span>
     <span class='ocr_line' id='line_1_67' title="bbox 1070 2613 1727 2668; baseline 0 -16"><span class='ocrx_word' id='word_1_339' title='bbox 1070 2618 1230 2653; x_wconf 86' lang='lat' dir='ltr'>minime</span> <span class='ocrx_word' id='word_1_340' title='bbox 1242 2618 1430 2668; x_wconf 77' lang='lat' dir='ltr'>pertinere</span> <span class='ocrx_word' id='word_1_341' title='bbox 1445 2616 1491 2653; x_wconf 80' lang='lat' dir='ltr'><strong><em>ad</em></strong></span> <span class='ocrx_word' id='word_1_342' title='bbox 1514 2613 1642 2665; x_wconf 67' lang='grc' dir='ltr'><strong><em>ἄκροι,</em></strong></span> <span class='ocrx_word' id='word_1_343' title='bbox 1661 2615 1727 2653; x_wconf 86' lang='lat' dir='ltr'><strong><em>sed</em></strong></span> 
     </span>
     <span class='ocr_line' id='line_1_68' title="bbox 1071 2665 1728 2724; baseline 0 -15"><span class='ocrx_word' id='word_1_344' title='bbox 1071 2672 1118 2709; x_wconf 82' lang='lat' dir='ltr'><strong><em>ad</em></strong></span> <span class='ocrx_word' id='word_1_345' title='bbox 1149 2669 1444 2724; x_wconf 69' lang='grc' dir='ltr'><strong><em>ὕπερεβαλοντο</em></strong></span> <span class='ocrx_word' id='word_1_346' title='bbox 1481 2673 1609 2721; x_wconf 73' lang='lat' dir='ltr'><strong><em>(classe</em></strong></span> <span class='ocrx_word' id='word_1_347' title='bbox 1627 2665 1728 2724; x_wconf 61' lang='lat' dir='ltr'>sujic-</span> 
     </span>
     <span class='ocr_line' id='line_1_69' title="bbox 1070 2730 1728 2778; baseline 0.002 -12"><span class='ocrx_word' id='word_1_348' title='bbox 1070 2732 1228 2778; x_wconf 73' lang='lat' dir='ltr'><strong><em>ramat),</em></strong></span> <span class='ocrx_word' id='word_1_349' title='bbox 1250 2730 1288 2766; x_wconf 82' lang='lat' dir='ltr'><strong><em>id</em></strong></span> <span class='ocrx_word' id='word_1_350' title='bbox 1310 2743 1379 2767; x_wconf 87' lang='lat' dir='ltr'><strong><em>uos</em></strong></span> <span class='ocrx_word' id='word_1_351' title='bbox 1410 2743 1498 2766; x_wconf 87' lang='lat' dir='ltr'><strong><em>cum</em></strong></span> <span class='ocrx_word' id='word_1_352' title='bbox 1528 2730 1645 2767; x_wconf 80' lang='lat' dir='ltr'><strong><em>Gaisf.</em></strong></span> <span class='ocrx_word' id='word_1_353' title='bbox 1666 2732 1728 2767; x_wconf 87' lang='lat' dir='ltr'><strong><em>iu-</em></strong></span> 
     </span>
     <span class='ocr_line' id='line_1_70' title="bbox 1071 2786 1723 2837; baseline 0 -14"><span class='ocrx_word' id='word_1_354' title='bbox 1071 2788 1334 2837; x_wconf 71' lang='lat' dir='ltr'><strong><em>terpunctione</em></strong></span> <span class='ocrx_word' id='word_1_355' title='bbox 1364 2786 1651 2824; x_wconf 73' lang='lat' dir='ltr'><strong><em>declaravimus.</em></strong></span> <span class='ocrx_word' id='word_1_356' title='bbox 1673 2810 1723 2816; x_wconf 89' lang='lat'>—</span> 
     </span>
     <span class='ocr_line' id='line_1_71' title="bbox 1070 2839 1728 2895; baseline 0.009 -17"><span class='ocrx_word' id='word_1_357' title='bbox 1070 2844 1112 2879; x_wconf 84' lang='lat' dir='ltr'><strong><em>ln</em></strong></span> <span class='ocrx_word' id='word_1_358' title='bbox 1135 2858 1240 2895; x_wconf 79' lang='lat' dir='ltr'><strong>seqq.</strong></span> <span class='ocrx_word' id='word_1_359' title='bbox 1264 2842 1351 2879; x_wconf 82' lang='lat' dir='ltr'><strong><em>dedi</em></strong></span> <span class='ocrx_word' id='word_1_360' title='bbox 1374 2839 1527 2882; x_wconf 79' lang='grc' dir='ltr'><strong><em>τούτων</em></strong></span> <span class='ocrx_word' id='word_1_361' title='bbox 1545 2856 1614 2895; x_wconf 81' lang='lat' dir='ltr'><strong><em>pro</em></strong></span> <span class='ocrx_word' id='word_1_362' title='bbox 1636 2859 1728 2884; x_wconf 85' lang='grc' dir='ltr'><strong><em>του-</em></strong></span> 
     </span>
    </p>
   </div>
   <div class='ocr_carea' id='block_1_13' title="bbox 1838 0 1897 2260">
    <p class='ocr_par' dir='ltr' id='par_1_14' title="bbox 1838 0 1897 2260">
     <span class='ocr_line' id='line_1_72' title="bbox 1838 0 1897 2260; baseline 0 0"><span class='ocrx_word' id='word_1_363' title='bbox 1838 0 1897 2260; x_wconf 95' lang='lat' dir='ltr'><strong><em> </em></strong></span> 
     </span>
    </p>
   </div>
  </div>
 </body>
</html>
