1897 3340
0 3134 31 3340 1)·Πῖ
0 2799 26 3112 ’ῖς-ἔτεκε

403 256 487 297 510
809 253 1269 292 HERODOTI

372 363 452 408 Ξέκ
481 365 562 407 τοῦ
592 362 783 418 ἅρματος
813 362 856 414 ές
886 360 1156 419 ἁρμάμαξαν.
1222 359 1360 406 αὐτοῦ
1399 362 1445 407 δὲ
1481 361 1667 407 ὄπισθεν

405 429 690 488 αἰχμοφόροι,
722 430 925 483 Περσέων
956 432 999 474 οἱ
1037 430 1207 485 ἄριστοί
1233 447 1278 473 τε
1307 431 1380 474 καὶ
1414 430 1668 486 γενναιότα-
1681 437 1726 472 10

403 516 495 552 τοι,
534 499 686 554 χίλιοι,
727 498 836 541 κατὰ
865 498 1008 554 νόμον
1036 499 1109 549 τὰς
1138 497 1293 553 λόγχας
1323 498 1503 554 ἔχοντες.
1563 499 1667 554 μετὰ

405 567 475 619 δὲ,
527 568 658 616 ἵππος
694 563 802 622 ἄλλη
848 569 959 622 χιλίη
997 567 1044 609 έκ
1085 566 1290 621 Περσέων
1331 564 1666 624 ἀπολελεγμένη·

404 633 508 690 μετὰ
540 634 585 676 δὲ
614 631 694 688 τήν
723 634 879 687 ἵππον,
926 634 972 677 ἐκ
1002 638 1091 677 τῶν
1126 637 1291 677 λοιπῶν
1322 635 1530 688 Περσέων
1559 634 1667 680 ἄπο-

374 701 654 757 3λελεγμένοι
684 699 848 755 μύριοι.
890 696 1020 752 οὗτος
1049 701 1172 753 πεζὸς
1203 695 1276 756 ἦν·
1307 703 1380 745 καὶ
1409 701 1580 746 τούτων
1607 705 1667 760 χί-

403 775 491 814 λιοι
529 769 608 825 μὲν
647 768 716 812 ἐπὶ
760 772 872 811 τοῖσι
911 767 1069 822 δόρασι
1107 766 1203 811 ἀντὶ
1242 773 1329 812 τῶν
1369 770 1668 828 σαυρωτήρων

406 837 530 893 §onds
558 834 674 892 εἶχον
701 836 898 891 χρυσέας,
927 836 1002 880 καὶ
1030 835 1154 892 πέριξ
1184 839 1440 894 συνεκλήϊον
1461 839 1565 891 τοὺς
1593 838 1722 884 bia-15

346 1034 428 1081 VII,
449 1035 515 1074 83.
535 1034 605 1080 IX,
625 1035 696 1074 76.
739 1032 920 1083 Reliquos
939 1044 1010 1069 ve-

346 1098 473 1128 terum
492 1091 595 1127 locos
606 1088 750 1126 dabunt
769 1087 1007 1126 Freinshem.

346 1146 396 1184 ad
431 1147 605 1183 Curtium
634 1147 700 1193 III,
722 1148 746 1186 3
768 1147 804 1191 ᾗ.
829 1148 880 1185 12
901 1145 1007 1193 (23).

346 1204 504 1241 Dorvill.
525 1203 573 1240 ad
583 1201 776 1239 Chariton.
798 1214 886 1252 pag.
908 1201 1004 1242 470.

347 1261 475 1298 Stur2.
505 1261 545 1296 in
576 1261 705 1299 Lexic.
726 1257 907 1309 Xenoph.
929 1259 947 1293 I
966 1271 1006 1308 p.

341 1315 429 1357 ’409
452 1317 537 1355 0011.
552 1318 720 1353 Brisson.
741 1314 788 1352 de
808 1328 889 1366 reg.
901 1316 1009 1351 Pers.

346 1374 508 1424 princip.
539 1375 586 1421 11,
622 1375 715 1413 170.
772 1374 903 1422 Ipsum
937 1384 1011 1407 no—

346 1442 437 1466 men
476 1431 700 1481 peregrinae
739 1442 818 1466 esse
858 1429 1013 1478 originis

347 1493 463 1536 patet.
531 1485 656 1523 Hodie
695 1486 853 1523 vocitari
891 1485 1013 1522 Araba

309 1567 313 1569 -
348 1543 522 1580 observat
541 1545 571 1580 1.
594 1542 641 1579 de
659 1545 856 1579 Hammer.
878 1541 1012 1578 Fund-

347 1600 458 1650 grub.
481 1598 518 1636 d.
540 1601 604 1637 Or.
624 1600 688 1648 VI,
719 1602 743 1640 3
763 1611 852 1650 pag.
875 1601 971 1639 339.

405 1687 449 1729 ἐκ
498 1691 578 1728 τῶν
625 1691 777 1728 λοιπῶν
819 1687 1008 1740 Περσέων

348 1741 652 1799 ἀπολελεγμένοι
665 1740 827 1797 μύριοι]
859 1745 1008 1781 Intelli—

347 1809 491 1852 guntur
517 1801 755 1850 Immortales,
790 1800 837 1838 de
870 1802 1008 1853 quibus

346 1858 425 1897 vid.
455 1859 536 1905 VII,
556 1860 622 1899 83.
651 1880 708 1885 —
754 1859 800 1895 In
833 1853 1010 1909 proxiffle

347 1929 455 1967 seqq.
489 1915 537 1952 ad
562 1908 679 1961 οὗτος
706 1911 819 1962 πεζὸς
846 1914 1007 1954 subaud.

349 1969 534 2024 στρατὸς,
557 1970 661 2023 quod
683 1985 804 2024 aeque
826 1973 1026 2009 omissmn

349 2035 403 2065 est
431 2030 497 2075 111,
530 2028 597 2069 25.
622 2029 686 2075 lv,
711 2030 803 2069 128.
832 2029 919 2073 v11,
940 2029 1008 2070 84.

348 2087 416 2125 96.
448 2088 526 2125 100
547 2085 633 2122 coll.
655 2086 740 2130 VH,
762 2087 831 2126 81.
854 2107 905 2114 ·-
933 2086 1009 2124 Pro

347 2140 519 2180 τουτέων
535 2140 692 2177 exhibui
711 2136 875 2182 τούτων.

407 2225 497 2269 οἷντὶ
512 2233 591 2270 τῶν
611 2227 877 2283 σαυρωτήρων
898 2227 1010 2282 ῥοιοῖς

349 2283 456 2337 εἶχον
476 2286 674 2338 χρυσέας]
714 2289 770 2323 De
799 2299 892 2323 voce
917 2284 1009 2336 ῥοιαὶ

347 2342 511 2380 vidimus
532 2342 580 2379 ad
601 2344 662 2389 IV,
688 2345 780 2383 103.
799 2363 856 2369 —
893 2345 1010 2380 Σαυ-

349 2396 493 2450 ρωτήρ,
515 2400 580 2451 qui
597 2397 796 2435 Athenaeo
817 2399 903 2445 XII,
924 2401 948 2438 8
971 2412 1008 2449 p.

349 2454 432 2498 514
459 2457 505 2492 Β.
537 2462 693 2492 vocatur
724 2451 888 2505 στύραξ,
909 2455 1010 2491 inse-

347 2513 424 2548 rior
463 2518 517 2549 est
536 2510 664 2549 hastae
698 2525 782 2563 pars
811 2525 841 2552 s.
873 2512 1008 2561 cuspis,

349 2567 424 2621 quai
439 2569 478 2604 in
499 2575 638 2606 terram
648 2567 834 2618 deligitur,
857 2575 896 2605 ut
907 2567 1009 2618 apud

349 2627 506 2663 Homer.
539 2626 584 2662 ll.
604 2626 654 2674 X,
680 2627 770 2671 153,
803 2625 865 2661 ubi
906 2626 1007 2664 cons.

349 2680 482 2719 Schol.
503 2687 539 2718 et
567 2683 691 2732 Heyn.
716 2683 820 2718 Obss.
843 2682 891 2718 vl
921 2695 1008 2732 pag.

350 2741 416 2780 31.
475 2737 586 2783 Quod
602 2751 691 2775 vero
709 2738 892 2775 Aemilius
912 2740 1009 2775 Por-

350 2801 409 2832 tus
430 2795 469 2831 in
489 2797 584 2832 Lex.
604 2795 721 2832 Ionic.
743 2809 772 2832 s.
794 2809 829 2832 v.
850 2807 1008 2845 σαυρω-

349 2849 424 2904 τήρ
454 2846 532 2890 non
553 2858 706 2890 ornatus
727 2858 877 2889 tautum
897 2863 1009 2889 causa

1065 1044 1109 1068 3ο
1138 1033 1265 1082 regIae
1295 1034 1579 1072 munificentiae
1599 1042 1726 1073 osten-

1064 1087 1204 1126 tandae
1224 1091 1343 1139 gratia
1362 1091 1445 1128 illos
1465 1092 1566 1128 mala
1585 1093 1725 1142 punica

1064 1144 1239 1183 habuisse
1259 1146 1476 1194 contendit,
1502 1161 1638 1184 verum
1665 1155 1726 1185 et·-

1062 1203 1140 1238 iam
1161 1209 1203 1239 ut
1232 1201 1289 1240 his
1309 1205 1397 1254 ipsis
1425 1205 1533 1241 malis
1554 1211 1726 1255 tegerent

1063 1258 1284 1309 cuspidem,
1336 1268 1630 1311 praecaventes,
1675 1274 1726 1298 ne

1067 1317 1149 1367 quis
1181 1316 1278 1353 forte
1305 1317 1343 1353 iu
1365 1319 1446 1368 ipso
1476 1319 1609 1354 itinere
1629 1330 1727 1355 con-

1067 1373 1213 1409 citatius
1252 1373 1440 1421 faciendo,
1478 1375 1519 1410 in
1556 1375 1727 1412 conferta

1068 1430 1234 1466 militum
1261 1431 1394 1478 turba,
1424 1443 1446 1467 a
1472 1432 1574 1468 socio
1593 1432 1726 1468 subse-

1070 1493 1211 1538 quente
1227 1486 1393 1537 cuspide,
1414 1501 1482 1538 per
1501 1487 1727 1539 impruden-

1070 1545 1162 1580 tiam
1195 1544 1235 1578 in
1280 1543 1539 1594 praecedentis
1571 1544 1727 1582 dorsum

1066 1601 1245 1650 impacta,
1263 1602 1514 1648 sauciaretur,
1534 1602 1615 1652 ipsa
1631 1602 1726 1639 scri-

1065 1658 1181 1706 ptoris
1192 1657 1305 1692 verba
1317 1660 1416 1705 satis,
1429 1656 1554 1705 credo,
1570 1665 1725 1694 contra-

1064 1713 1164 1749 rium
1185 1711 1374 1760 indicant,
1404 1715 1565 1765 illosque
1586 1716 1724 1751 milites

1065 1782 1177 1805 aurea
1198 1770 1298 1805 111313
1319 1769 1519 1821 cuspidum
1548 1771 1633 1807 loco
1653 1783 1724 1821 ge-

1064 1832 1178 1862 stasse
1200 1824 1372 1862 dubitare
1393 1840 1461 1864 nos
1481 1840 1559 1863 non
1580 1828 1724 1864 sinunt.

1064 1882 1183 1920 Aurea
1210 1889 1246 1918 et
1267 1886 1438 1931 argentea
1459 1882 1563 1935 quod
1583 1883 1725 1920 fuerint

1064 1939 1187 1986 mala,
1217 1937 1257 1975 id
1287 1938 1334 1976 ad
1355 1946 1532 1976 ornatum
1564 1939 1727 1977 fastum-

1065 2009 1140 2048 que
1161 1996 1353 2032 retulerim
1367 2009 1500 2046 regum
1510 1997 1726 2044 Persarum,

1066 2053 1202 2104 quibus
1240 2054 1369 2088 omnia
1398 2051 1609 2090 istiusmodi
1646 2053 1727 2089 fere

1064 2109 1225 2159 insignia
1246 2109 1359 2145 tribui
1378 2110 1499 2146 solent
1514 2122 1636 2146 aurea.
1667 2109 1726 2147 Cf.

1064 2172 1161 2202 nott.
1192 2163 1240 2201 ad
1256 2166 1335 2212 Vll,
1358 2165 1410 2206 54
1433 2172 1469 2202 et
1489 2166 1569 2213 Vll,
1590 2167 1658 2206 83.

1121 2230 1234 2280 πέριξ
1265 2229 1501 2281 συνεκλήϊον
1532 2230 1626 2279 τούς
1659 2229 1726 2271 ἅλ-

1065 2289 1190 2336 λους]
1234 2289 1257 2324 1.
1295 2302 1328 2325 e.
1360 2291 1494 2326 circum
1516 2292 1612 2326 circa
1644 2290 1727 2326 reli-

1067 2357 1151 2393 quos
1192 2345 1428 2382 includebant.
1488 2344 1727 2396 συνεκλήϊον

1068 2399 1171 2436 dedit
1191 2400 1386 2439 Schaeser.
1402 2415 1421 2437 e
1435 2403 1571 2438 Koenii
1591 2415 1728 2438 emen-

1067 2455 1220 2493 datione
1257 2457 1305 2495 ad
1341 2459 1499 2508 Gregor.
1534 2460 1620 2495 Cor.
1668 2460 1727 2495 De

1066 2512 1153 2550 dial.
1194 2516 1277 2551 1011.
1312 2516 1349 2560 §.
1382 2518 1405 2555 3
1437 2528 1524 2565 pag·
1546 2518 1627 2556 377
1656 2527 1726 2565 pro

1064 2571 1127 2607 vul
1132 2583 1168 2617 J
1183 2581 1230 2609 συ
1237 2569 1411 2625 νέκλῃον,
1424 2573 1529 2608 cuius
1540 2573 1623 2608 loco
1635 2571 1728 2608 Flo-

1065 2628 1234 2664 rentinus
1265 2635 1300 2665 et
1322 2629 1513 2665 Sancrosti
1542 2629 1636 2664 liber
1655 2640 1727 2664 ex-

1065 2681 1197 2721 hibent
1219 2683 1457 2724 συνέκλειον.
1487 2686 1618 2735 Ipsum
1638 2697 1727 2721 ver-

1066 2740 1159 2776 bum
1199 2742 1445 2793 συγκληΐζειν
1475 2742 1567 2788 (mut
1607 2740 1727 2778 inclu-

1065 2796 1172 2845 dere)
1194 2798 1362 2834 invenies
1384 2799 1462 2843 Ul,
1489 2799 1588 2846 1293
1633 2809 1727 2850 συχ-

1065 2855 1314 2904 κατακληΐειν
1336 2856 1364 2901 Ι,
1390 2856 1482 2895 182-
