1897 3340
402 182 486 222 410
798 181 1260 218 HERODOTI

406 305 507 344 τερα
537 288 798 344 ὀρχεομένου
814 287 1092 345 ἀποστυγέων
1121 287 1324 345 γαμβρόν
1352 290 1408 332 ἄν
1439 291 1483 332 οἱ
1511 289 1572 333 ἔτι
1599 307 1666 346 γε-
1681 300 1724 332 10

406 358 562 402 νέσθαι
575 355 867 400 Ἱπποκλείδεα
887 357 958 400 διὰ
986 357 1065 413 τήν
1084 373 1127 400 τε
1157 356 1338 412 ὄρχησιν
1358 358 1431 400 καὶ
1452 356 1531 412 τὴν
1549 355 1667 400 ἄναι-

405 427 547 481 δείην,
587 429 750 479 κατεῖχε
794 423 977 475 ἑωυτὸν,
1032 422 1087 467 οὐ
1125 423 1391 480 βουλόμενος
1431 425 1663 480 έκραγηναι

404 492 447 543 ἐς
480 490 639 535 αὐτόν·
673 488 732 541 ὦς
765 491 811 534 δὲ
840 488 925 534 εἶδε
953 496 1069 534 τοῖσι
1088 492 1252 535 σκέλεσι
1279 491 1662 548 χειρονομήσαντα,

377 559 558 603 δούκέτι
599 558 792 614 κατέχειν
820 557 1087 613 δυνάμενος,
1128 558 1236 603 εἷπε·
1287 554 1360 611 ,ῘΩ
1399 565 1480 603 παῖ
1510 558 1662 604 Τισάν-

405 628 566 680 ,,δρου,
598 623 852 681 ἀπορχήσαό
892 641 940 679 γε
979 625 1067 680 μήν
1096 625 1174 669 τὸν
1203 625 1384 682 γοὲμον.“ζ
1443 627 1466 670 ὁ
1506 628 1551 671 δὲ
1575 627 1663 670 Ιπ-
1678 635 1718 668 15

402 695 633 750 ποκλείδης
661 692 899 748 ὑπολαβών
937 690 1050 736 εἶπε·
1103 692 1190 745 ,,Οὐ
1221 695 1403 748 φροντὶς
1427 694 1661 738 Ἱπποκλεί·

399 763 532 818 ,,δῃ.“
588 760 687 803 ’Ami
720 760 881 804 τούτου
912 761 991 815 μὲν
1028 765 1160 805 τοῦτο
1192 762 1487 816 ου’νομοὲζεται.
1538 765 1661 805 Κλει-

400 828 559 883 σθένης
588 827 633 871 δὲ
663 828 790 883 σιγὴν
818 827 1132 884 ποιησάμενος,
1166 829 1274 882 ἔλεξε
1304 829 1346 880 ἐς
1374 830 1507 886 μέσον
1535 829 1662 873 τάδε·
1697 839 1701 841 ’

401 895 620 950 ,ξἈνδρες,
651 895 807 946 παιδὸς
823 899 899 952 τῆς
927 896 1029 951 ἐμῆς
1054 900 1313 952 μνηστῆρες,
1346 896 1427 951 ἐγώ
1458 898 1528 940 καὶ
1557 896 1661 940 πάν·

245 766 266 809 l
277 767 303 810 3
1719 761 1800 804 490
1856 783 1859 802 ·,

71 770 342 897 ωςξνπενῖ)
1862 811 1863 814 ¹

72 897 248 935 spondetui.

401 978 505 1015 ,,τας
535 961 668 1018 ὑμέας
704 962 910 1014 ἐπαινέω,
955 963 1028 1006 καὶ
1067 966 1200 1006 πᾶσιν
1230 962 1358 1018 ὑμῖν,
1406 965 1443 1006 εἰ
1484 960 1582 1006 οἶόν
1616 971 1719 1007 τεὲο

342 1148 486 1187 Athen.
505 1148 557 1185 IV
576 1161 616 1199 p.
635 1147 713 1188 134
733 1148 779 1184 B.
810 1144 855 1187 τό
876 1162 1001 1199 χειρο-

344 1210 482 1257 νομεῖν
504 1204 716 1254 gestie-utari
744 1207 830 1250 ταῖς
867 1203 1001 1255 χερσὶν

344 1259 553 1314 ὀρχεῖσθαι
601 1260 696 1297 dixit
740 1260 1000 1311 Antiphanes3

340 1332 415 1356 nec
436 1320 544 1355 aliter
561 1318 640 1354 fere
659 1317 699 1356 h.
715 1317 740 1354 l.
761 1317 1000 1369 Hippoclida,

344 1383 459 1426 caput
488 1377 529 1411 in
558 1380 689 1411 mensa
716 1375 890 1423 innixus,
919 1387 1003 1411 ma-

343 1445 466 1469 nuum
493 1433 600 1479 loco,
640 1431 777 1483 quibus
805 1432 867 1468 alii
887 1444 1001 1481 agere

343 1497 379 1526 et
408 1488 623 1540 gesticulari
654 1488 799 1536 solent,
839 1487 1000 1539 pedibus

342 1561 372 1583 s.
401 1547 571 1582 cruribus
611 1546 773 1581 extensis
825 1546 1001 1581 utebatur

340 1604 381 1639 in
402 1601 552 1652 agendo
585 1608 620 1638 et
649 1600 909 1651 gesticulando
932 1614 1001 1651 per

339 1661 488 1704 lusum3
520 1658 646 1710 qualia
671 1670 743 1694 nec
763 1664 912 1694 nostrae
933 1670 1000 1693 ae-

340 1717 408 1753 tati
428 1715 622 1765 incognita
642 1727 721 1751 esse
738 1727 853 1750 nemo
865 1715 996 1751 nescit.

343 1772 408 1810 Cr.
431 1772 594 1809 conferri
613 1772 694 1808 vult
706 1772 832 1821 Heyn.
854 1769 902 1807 ad
915 1772 999 1806 Ho-

339 1827 827 1878 mer.11.T.11p.565
850 1848 906 1854 —
952 1828 998 1862 In

339 1899 443 1937 seqq.
454 1891 537 1935 post
547 1880 726 1950 γαμβρον
744 1890 999 1920 cumrecentt.

338 1941 468 1979 addidi
500 1942 677 1979 voculam
698 1936 762 1989 ἂν,
797 1953 895 1992 quae
910 1940 998 1978 vul-

336 2012 386 2049 go
408 1999 536 2035 aberat
575 2004 613 2034 et
642 1998 758 2034 etiam
785 1998 923 2034 omissa
943 2003 999 2033 est

337 2068 358 2092 a
378 2053 572 2092 Bekkero.

395 2107 627 2162 ἀπορχήσαό
658 2124 701 2162 γε
727 2107 807 2162 μὴν
839 2106 901 2149 τὸν
922 2105 998 2161 γά-

339 2169 442 2217 μον]
484 2169 604 2217 Attigi
631 2165 707 2203 hoo
736 2167 785 2203 ad
806 2168 870 2213 ΠΙ,
903 2166 996 2212 151,

338 2225 403 2260 ubi
423 2223 499 2262 vid.
518 2221 734 2273 Stephanus
755 2224 793 2258 in
811 2221 928 2258 Thes.
949 2223 995 2258 L.

338 2282 403 2318 Gr.
427 2281 461 2315 Π
481 2293 518 2330 p.
534 2278 639 2320 1485
672 2278 996 2315 Budaeumsecu-

336 2344 394 2373 tus
415 2337 702 2386 interpretatur:
740 2337 792 2388 τῆ
820 2330 996 2384 οἷσχημο-

338 2389 440 2458 σύνῃ
461 2394 533 2443 τῆς
554 2387 752 2442 ὄρχησεως
780 2387 845 2430 τὰν
858 2387 996 2442 ,γάμον

337 2433 542 2500 ἀπέβαλες.
608 2447 870 2484 Herodoteum
908 2459 997 2483 ver-

335 2507 428 2542 bum
450 2504 621 2541 exhibuit
642 2503 779 2541 Suidas
799 2506 832 2539 ll
854 2516 891 2554 p.
914 2502 994 2543 744

336 2563 422 2599 coll.
463 2561 610 2598 Zenob.
640 2562 686 2608 V,
715 2563 781 2607 31,
804 2561 868 2596 ubi
887 2558 994 2609 ἐξορ-

334 2631 435 2672 χηση
460 2615 531 2658 τόν
557 2613 707 2669 γάμον,
739 2615 993 2668 quemadmo-

335 2675 429 2712 dum
461 2673 563 2726 apud
584 2674 732 2710 Aelian.
752 2675 799 2710 N.
821 2674 869 2713 Λ,
890 2674 990 2720 xxi,

333 2735 386 2772 23
406 2727 478 2771 τόν
508 2727 680 2781 πόλεμον
707 2725 991 2780 ἐξωρχήσαντο.

334 2789 432 2826 Hinc
459 2786 656 2826 Athenaeo
695 2785 893 2824 Clisthenis
933 2785 991 2822 di·-

1058 1155 1164 1186 ctum
1184 1149 1320 1185 merito
1351 1146 1551 1185 videbatur
1580 1143 1715 1200 χάριεν

1057 1204 1124 1244 καὶ
1161 1208 1325 1256 σημεῖον
1366 1205 1546 1251 διανοίας
1575 1219 1715 1243 πεπαι-

1058 1260 1270 1319 δευμὲνης,
1292 1262 1382 1297 XIV
1401 1274 1440 1312 p.
1465 1263 1546 1302 628
1568 1261 1611 1297 C.
1630 1262 1717 1298 Ali-

1057 1326 1116 1355 ter
1134 1319 1258 1357 visum
1287 1316 1494 1355 Plutarcho
1516 1319 1551 1353 Π
1574 1331 1613 1368 p.
1636 1319 1718 1358 867

1057 1376 1119 1423 Β.,
1149 1376 1254 1412 cuius
1275 1375 1557 1411 criminationes
1578 1374 1718 1410 referre

1056 1445 1138 1469 non
1156 1438 1277 1470 vacat.
1316 1432 1454 1468 Attulit
1464 1429 1558 1468 haec
1581 1429 1716 1468 Valck-

1114 1484 1163 1528 ου’
1189 1486 1644 1541 φροντὶςἽπποκλείδῃ]
1669 1488 1715 1523 In

1056 1546 1299 1595 proverbium
1313 1543 1515 1595 postmodo
1529 1545 1619 1580 abiit
1639 1542 1714 1580 hoc

1058 1601 1214 1648 dictum,
1236 1599 1283 1637 de
1305 1614 1381 1652 quo
1402 1607 1550 1651 praeter
1568 1598 1713 1636 Athen.

1057 1670 1100 1694 ac
1140 1658 1285 1693 Zenob.
1321 1658 1346 1693 Ι.
1387 1657 1413 1693 1.
1441 1655 1518 1696 vid.
1548 1657 1711 1706 Diogen.

1054 1714 1135 1762 Vll,
1165 1717 1231 1754 21.
1262 1711 1378 1750 Mich.
1414 1713 1587 1763 Apostol.
1625 1713 1710 1760 XV,

1053 1770 1120 1810 44.
1152 1769 1289 1808 Suidas
1316 1783 1345 1806 s.
1366 1782 1403 1806 v.
1426 1770 1476 1806 T.
1497 1770 1532 1804 11
1551 1783 1589 1819 p.
1610 1767 1712 1813 744,

1055 1827 1130 1874 alii,
1151 1839 1247 1879 qnos
1268 1826 1356 1863 citat
1377 1823 1548 1863 Schultz·
1570 1827 1610 1861 in
1629 1825 1715 1874 Ap-

1054 1896 1136 1933 par.
1157 1884 1238 1920 crit.
1261 1895 1350 1933 pag.
1374 1885 1424 1922 13
1444 1888 1524 1918 not.
1555 1884 1621 1922 31.
1651 1879 1714 1918 Ad

1054 1939 1154 1977 hauc
1186 1952 1277 1976 vero
1307 1939 1584 1989 proverbialem
1622 1936 1714 1974 dicti

1053 1998 1134 2034 vim
1161 2002 1333 2046 spectant
1360 1996 1474 2032 verba
1497 2007 1602 2046 seqq.
1634 1990 1714 2033 ἄπό

1052 2049 1195 2092 τούτου
1215 2050 1286 2101 μὲν
1312 2053 1430 2090 τοῦτο
1449 2046 1714 2101 ου’νομάζεται

1052 2110 1078 2145 i.
1101 2122 1134 2145 e.
1170 2109 1250 2145 Ιιίηι·
1275 2110 1391 2156 igitur
1424 2109 1594 2156 originem
1621 2109 1713 2158 cepit

1052 2164 1149 2203 istud
1162 2165 1393 2215 proverbium.

1243 2253 1335 2304 cap.
1361 2253 1520 2291 cxxx,

1106 2329 1258 2378 πάντας
1273 2330 1397 2382 ’ὑμέας
1419 2330 1605 2379 ἐπαινέω]
1621 2330 1708 2377 „Si-

1051 2391 1150 2426 milis
1171 2390 1269 2427 Iovis
1285 2388 1332 2425 ad
1354 2401 1516 2425 uxorem
1536 2388 1708 2439 filiasque

1052 2447 1244 2483 excusatio
1265 2447 1302 2482 in
1316 2446 1474 2482 Luciaui
1484 2446 1579 2482 Dial.
1593 2446 1707 2481 Deor.

1050 2505 1141 2549 XX,
1165 2506 1200 2550 1,
1221 2501 1409 2539 forsanad
1429 2501 1527 2538 hanc
1544 2499 1708 2538 Clisthe-

1050 2561 1107 2596 nis
1129 2559 1291 2596 efficta.“
1320 2557 1502 2596 Wessel.
1534 2559 1577 2594 In
1597 2569 1704 2608 seqq.

1050 2617 1163 2653 vei-ba
1185 2618 1254 2665 τῆς
1276 2610 1462 2662 ἆξιώσιος
1494 2614 1625 2653 εἵνεκα
1635 2615 1706 2662 τῆς

1049 2672 1088 2720 ἐξ
1110 2673 1203 2722 ἐμεῦ
1222 2675 1347 2723 γῆμαι
1366 2672 1463 2707 bene
1484 2669 1700 2721 Stephanus

1048 2731 1098 2765 ita
1129 2730 1311 2780 expressit
1339 2728 1495 2764 Latine:
1536 2726 1628 2777 quod
1648 2726 1703 2762 di-

1047 2799 1156 2834 gnum
1195 2799 1246 2823 me
1286 2785 1497 2831 censueritis,
1541 2785 1640 2820 cuius
1645 2783 1702 2833 fi-
