1897 3340
425 166 1037 206 ADHERODOTUM
1084 168 1166 216 Vl,
1207 172 1281 210 69.
1511 177 1596 216 8⁰7

110 292 156 319 eo
169 279 326 318 nomine
346 281 477 319 lusisse
497 280 658 333 putandi
678 286 785 318 sunt:
816 291 964 328 verum,
984 286 1026 317 ut
1042 279 1083 317 fit
1104 278 1142 314 iu
1163 280 1406 330 religionibus
1418 288 1591 339 antiquis,

109 356 254 387 veteres
274 347 450 387 homiues
473 350 518 386 ab
534 351 642 387 initio
671 355 784 400 atque
805 347 992 385 universe.
1049 348 1149 383 Nam
1179 359 1276 398 quae
1308 350 1489 401 scriptura
1520 367 1591 391 no-

107 417 220 455 minis
250 418 288 453 in
317 418 461 470 aliquot
481 416 673 454 codicibus
701 421 821 451 exstat
846 411 961 467 Ἀστρ
977 429 998 455 0
1011 410 1142 466 βᾶκου
1162 420 1199 450 et
1218 409 1512 467 Ἀστρόβακος,
1549 436 1591 458 en

106 488 337 523 astronomum
366 484 545 523 declarat.
602 482 739 522 Suidas
768 482 851 520 Vol.
882 484 899 518 Ι
927 496 966 534 p.
996 485 1078 525 360
1109 484 1218 520 Kust.
1240 483 1383 520 Zonar.
1405 485 1500 524 Lex.
1524 489 1590 528 Gr.

104 564 192 603 pag.
213 555 318 594 313:
375 549 644 604 Ἀστρόβακος
668 548 688 591 ὁ
708 545 965 602 οἷστρόνομος.
1024 551 1151 597 Qualis
1170 563 1261 589 vero
1284 548 1356 587 hoc
1377 551 1415 586 in
1436 555 1592 591 nomine

103 621 335 657 astronomia
355 622 511 672 cogitari
531 619 688 668 debeat,
721 630 800 655 non
821 625 875 656 est
897 617 999 671 quod
1021 631 1178 670 operose
1201 617 1374 666 doceam,
1398 625 1433 655 et
1454 619 1591 658 Suidas

101 688 285 727 continuo
306 688 416 726 docet
443 689 483 724 in
504 701 587 727 voc,
610 682 876 738 οἷστρονομία,
907 688 972 724 ubi
1003 682 1262 739 ἀστρολογίας
1273 685 1436 738 μαγείας
1457 685 1593 736 filogo-

100 769 243 807 rumque
262 770 305 794 ac
320 758 523 794 Persarum
554 756 732 806 (Magog)
764 756 1002 792 mentionem
1023 754 1125 791 facit.
1183 755 1291 800 Quae
1311 767 1401 791 cum
1422 756 1473 792 ita
1504 756 1591 802 sint,

99 825 217 862 altera
245 822 389 861 heroici
416 824 583 862 nominis
615 823 737 860 forma
767 826 945 860 asinorum
979 822 1218 859 mentionem
1250 820 1386 859 habet:
1418 826 1593 860 astrorum

97 893 378 943 astrologia-eque
399 893 529 929 altera.
587 892 782 928 Disiuncta
804 889 898 928 haec
918 903 962 928 ac
983 890 1196 927 differentia
1219 891 1377 941 iungere
1399 903 1442 927 ac
1469 905 1592 942 copu-

95 959 173 996 lare
194 960 305 996 facile
325 961 467 1011 possis,
498 961 528 997 si
548 959 755 996 admoneas
777 954 933 1010 φοὶτνης
954 966 990 996 et
1011 955 1133 1007 ὄνων,
1155 958 1359 1007 stellarum,
1393 961 1432 995 in
1468 967 1591 997 astro-

94 1041 301 1065 nomorum
330 1034 502 1066 veterum
522 1028 624 1064 libris
645 1027 931 1064 celebratarum.
962 1028 1048 1078 Ego
1069 1041 1159 1065 vero
1181 1028 1282 1064 malo
1301 1026 1366 1064 hus
1387 1041 1445 1065 res
1457 1035 1592 1078 sponte

94 1097 196 1132 coire
219 1097 319 1133 iuter
337 1109 377 1133 se
398 1103 435 1133 et
455 1096 677 1144 coalescere,
699 1108 816 1148 quam
836 1096 1008 1133 consulto
1028 1096 1136 1146 iungi
1157 1102 1194 1133 et
1215 1097 1482 1146 conglutinari.
1513 1098 1593 1133 Ne-

94 1177 170 1216 que
190 1165 295 1201 enim
315 1165 541 1216 opinionum
561 1171 780 1201 commenta
810 1177 976 1216 quaero,
1009 1162 1076 1201 sed
1096 1164 1305 1215 priscarum
1328 1177 1454 1201 rerum
1477 1165 1589 1202 fabu-

91 1232 294 1285 larumque
314 1245 540 1283 germanam
559 1233 807 1284 nativamque
827 1230 1011 1269 indolem.
1033 1253 1089 1259 —-
1118 1232 1247 1284 Atque
1268 1231 1368 1269 hanc
1400 1234 1523 1284 ipsam
1544 1247 1588 1270 ea

91 1299 131 1335 in
151 1313 192 1336 re
211 1300 413 1351 patefaciet
430 1300 539 1338 nobis
559 1301 787 1350 Pausanias,
822 1312 899 1352 quo
928 1313 1044 1337 nemo
1066 1300 1189 1351 magis
1209 1300 1248 1336 in
1278 1313 1408 1338 rerum
1428 1303 1590 1352 scripto-

92 1367 194 1405 ribus
203 1369 356 1406 Graecis
377 1367 574 1417 Herodoti,
592 1366 767 1405 historiae
788 1369 915 1419 patris,
937 1368 1068 1407 similis
1089 1376 1157 1407 est.
1189 1368 1305 1406 Cuius
1320 1368 1368 1406 de
1380 1370 1588 1407 Astrabaco

89 1436 350 1473 narrationem
383 1438 556 1474 Laconn.
585 1437 688 1485 XVI,
724 1439 770 1485 6,
801 1437 868 1473 ubi
888 1435 936 1473 de
953 1437 1076 1473 Dian-21
1097 1435 1227 1475 Orthia
1257 1437 1393 1485 refert,
1432 1435 1588 1490 quando

90 1504 308 1541 universam
328 1505 456 1541 recolo
469 1533 479 1553 ,
509 1503 605 1541 haec
636 1505 767 1541 omnia
782 1505 954 1556 accipere
969 1506 1104 1542 malim
1124 1517 1193 1556 pro
1215 1505 1317 1542 fama
1337 1506 1466 1556 vulgi,
1489 1519 1587 1558 quae

90 1578 309 1624 temporum
339 1573 504 1610 rationes
531 1571 691 1610 mirifice
721 1572 958 1611 confundere
990 1574 1098 1611 solet.
1161 1573 1219 1610 Ac
1249 1574 1461 1611 consimilia
1482 1587 1586 1611 sacra

88 1641 193 1678 vario
207 1647 381 1692 tempore
408 1648 674 1679 memorantur
694 1641 898 1679 invaluisse
919 1642 960 1678 in
979 1642 1261 1693 PeloponnesO.
1313 1641 1497 1693 Spectant
1516 1642 1586 1679 ista

88 1707 137 1746 ad
164 1722 222 1746 res
250 1710 401 1746 lunares
430 1722 473 1747 ac
504 1710 693 1748 Venereas
706 1740 716 1759 ‚
747 1723 844 1762 quae
864 1710 905 1747 in
924 1708 983 1747 his
1003 1710 1139 1748 fabulis
1153 1709 1352 1747 Laconicis
1373 1709 1585 1747 eminuere.

87 1777 214 1828 Atque
232 1774 295 1814 hic
315 1777 394 1828 ipse
415 1778 642 1815 Astrabacus
673 1777 717 1828 (i.
741 1791 774 1816 e.
796 1779 1024 1829 astrologus)
1055 1777 1167 1816 heros
1207 1777 1429 1830 antiquioris
1461 1776 1587 1814 herois

86 1845 402 1896 Peloponnesiaci
421 1847 650 1883 memoriam
670 1852 829 1883 renovat
847 1845 1119 1898 Endymionis.
1160 1844 1344 1884 Videlicet
1366 1844 1427 1881 hic
1449 1852 1485 1881 et
1507 1846 1585 1895 ipse

86 1919 326 1949 astronomus
357 1911 478 1951 dictus
500 1915 547 1950 ob
569 1915 702 1950 Lunae
734 1926 907 1950 amorem
944 1910 1002 1961 ᾗ),
1079 1915 1130 1951 Et
1159 1912 1314 1966 quando
1336 1912 1541 1963 Endymion
1563 1926 1584 1950 a

84 1979 194 2017 Luna
213 1981 420 2032 suscepisse
451 1980 588 2019 dicitur
609 1983 874 2032 quinquaginta
893 1981 1000 2030 filias,
1020 1983 1283 2034 unusquisque
1304 1980 1501 2030 intelligit,
1530 1982 1583 2017 si-

84 2047 255 2099 gnificari
274 2049 387 2099 prisci
408 2050 499 2086 anni
517 2050 658 2087 lunaris
680 2050 814 2087 orbem
835 2056 870 2087 et
891 2050 1093 2088 ambitum.
1153 2047 1316 2095 Quando
1337 2055 1466 2085 autem
1479 2046 1583 2085 idem

85 2130 134 2152 ex
154 2115 344 2153 Asteroditt
363 2125 520 2167 generat
539 2117 696 2166 heroes,
739 2119 805 2171 qui
824 2118 975 2169 populis
1002 2119 1236 2170 urbibusque
1264 2117 1422 2154 nomina
1443 2115 1583 2153 dedere

85 2181 159 2219 hoc
187 2182 283 2219 nihil
313 2184 417 2222 aliud
437 2193 504 2235 est,
526 2199 645 2239 quam
671 2186 900 2224 Astrabacum
921 2187 1088 2238 aliquem
1110 2186 1149 2221 in
1170 2183 1379 2221 Heraclidis
1400 2198 1421 2220 e
1441 2196 1583 2234 genere

84 2247 454 2302 Eurysthenidarum
474 2254 692 2291 memorari.
750 2255 854 2290 Haec
876 2253 1011 2290 eadem
1031 2249 1275 2304 Ἀστεροδία,
1296 2252 1490 2289 stellarum
1513 2250 1580 2288 de-

86 2320 232 2356 clarans
262 2317 484 2367 circuitum,
527 2320 649 2358 affinis
668 2328 723 2358 est
743 2320 910 2369 deabus,
941 2335 1035 2374 quas
1065 2324 1240 2358 astrorum
1268 2320 1385 2358 cultus
1405 2320 1579 2357 sacravit.

86 2386 258 2433 Quarum
286 2386 468 2435 nomina,
506 2388 563 2424 uti
590 2389 773 2436 assolent,
808 2388 858 2426 ad
872 2402 987 2426 suum
1004 2403 1224 2428 sermonem
1244 2386 1422 2438 redigunt
1444 2387 1578 2423 Graeci

85 2453 282 2492 homines:
323 2453 412 2503 Sic,
447 2461 489 2491 ut
521 2453 594 2492 hoc
615 2462 720 2503 utar,
742 2455 931 2506 Syrorum
952 2458 1086 2508 religio
1103 2453 1378 2510 Ἀστροάρχην
1409 2456 1577 2506 aliquam

85 2522 257 2575 agnoscit
276 2516 364 2571 Μ),
394 2535 416 2559 a
446 2521 557 2559 Luna
577 2535 656 2560 non
676 2523 843 2560 multum
867 2522 1070 2562 diversmn.
1117 2525 1245 2579 Atque
1274 2525 1394 2574 ipsam
1428 2523 1578 2558 Lunam

156 2736 190 2780 *)
217 2734 295 2769 Vid.
321 2737 436 2769 annot.
459 2732 502 2766 ad
528 2732 650 2768 Hecat.
678 2732 790 2767 Miles.
817 2732 972 2777 fragium.
997 2729 1306 2778 p.60ibiq.Schol.
1322 2729 1429 2775 Apoll.
1455 2729 1578 2772 IV,:‘›7.

133 2803 188 2846 Μ)
215 2802 293 2837 vid.
316 2800 501 2836 Herodian.
529 2800 616 2834 Hist.
644 2800 683 2842 V,
701 2801 722 2835 6
741 2811 773 2846 p.
789 2800 852 2835 188
862 2800 917 2835 ed.
934 2799 1083 2834 Irmisch.
