<?xml version="1.0" encoding="UTF-8"?>
<!DOCTYPE html PUBLIC "-//W3C//DTD XHTML 1.0 Transitional//EN"
    "http://www.w3.org/TR/xhtml1/DTD/xhtml1-transitional.dtd">
<html xmlns="http://www.w3.org/1999/xhtml" xml:lang="en" lang="en">
 <head>
  <title>
</title>
<meta http-equiv="Content-Type" content="text/html;charset=utf-8" />
  <meta name='ocr-system' content='tesseract 3.04.00' />
  <meta name='ocr-capabilities' content='ocr_page ocr_carea ocr_par ocr_line ocrx_word'/>
</head>
<body>
  <div class='ocr_page' id='page_1' title='image "./musaeher03hero/musaeher03hero_0633.png"; bbox 0 0 1897 3340; ppageno 0'>
   <div class='ocr_carea' id='block_1_1' title="bbox 212 629 707 688">
    <p class='ocr_par' dir='ltr' id='par_1_1' title="bbox 212 629 707 688">
     <span class='ocr_line' id='line_1_1' title="bbox 212 629 707 688; baseline 0 -15"><span class='ocrx_word' id='word_1_1' title='bbox 212 639 234 673; x_wconf 82' lang='lat'>3</span> <span class='ocrx_word' id='word_1_2' title='bbox 248 633 421 688; x_wconf 80' lang='grc' dir='ltr'><em>Θέρμην</em></span> <span class='ocrx_word' id='word_1_3' title='bbox 460 629 707 675; x_wconf 78' lang='grc' dir='ltr'><strong><em>ἀπικέσθαι.</em></strong></span> 
     </span>
    </p>
   </div>
   <div class='ocr_carea' id='block_1_2' title="bbox 186 831 459 838">
    <p class='ocr_par' dir='ltr' id='par_1_2' title="bbox 186 831 459 838">
     <span class='ocr_line' id='line_1_2' title="bbox 186 831 459 838; baseline 0 2502"><span class='ocrx_word' id='word_1_4' title='bbox 186 831 459 838; x_wconf 95' lang='lat' dir='ltr'><strong> </strong></span> 
     </span>
    </p>
   </div>
   <div class='ocr_carea' id='block_1_3' title="bbox 177 908 842 1529">
    <p class='ocr_par' dir='ltr' id='par_1_3' title="bbox 177 908 842 1529">
     <span class='ocr_line' id='line_1_3' title="bbox 181 908 841 959; baseline 0.006 -14"><span class='ocrx_word' id='word_1_5' title='bbox 181 909 283 947; x_wconf 81' lang='lat' dir='ltr'><strong>Gott.</strong></span> <span class='ocrx_word' id='word_1_6' title='bbox 303 908 402 946; x_wconf 85' lang='lat' dir='ltr'><strong>Anz.</strong></span> <span class='ocrx_word' id='word_1_7' title='bbox 427 910 532 949; x_wconf 82' lang='lat'><strong>1833</strong></span> <span class='ocrx_word' id='word_1_8' title='bbox 560 920 619 946; x_wconf 86' lang='lat' dir='ltr'><strong>nr.</strong></span> <span class='ocrx_word' id='word_1_9' title='bbox 654 910 731 949; x_wconf 81' lang='lat'><strong>127</strong></span> <span class='ocrx_word' id='word_1_10' title='bbox 752 921 841 959; x_wconf 79' lang='lat' dir='ltr'><strong>pag.</strong></span> 
     </span>
     <span class='ocr_line' id='line_1_4' title="bbox 183 963 842 1005; baseline -0.006 0"><span class='ocrx_word' id='word_1_11' title='bbox 183 967 302 1005; x_wconf 79' lang='lat'>1260.</span> <span class='ocrx_word' id='word_1_12' title='bbox 359 965 461 1001; x_wconf 83' lang='lat' dir='ltr'><strong>Male</strong></span> <span class='ocrx_word' id='word_1_13' title='bbox 489 964 565 1003; x_wconf 89' lang='lat' dir='ltr'><strong>huc</strong></span> <span class='ocrx_word' id='word_1_14' title='bbox 595 963 709 1002; x_wconf 84' lang='lat' dir='ltr'><strong>trahit</strong></span> <span class='ocrx_word' id='word_1_15' title='bbox 731 966 842 1002; x_wconf 89' lang='lat' dir='ltr'><strong>Man-</strong></span> 
     </span>
     <span class='ocr_line' id='line_1_5' title="bbox 178 1021 841 1073; baseline 0.003 -16"><span class='ocrx_word' id='word_1_16' title='bbox 178 1029 274 1058; x_wconf 87' lang='lat' dir='ltr'><strong>nert.</strong></span> <span class='ocrx_word' id='word_1_17' title='bbox 295 1022 363 1059; x_wconf 90' lang='lat' dir='ltr'><strong>VII</strong></span> <span class='ocrx_word' id='word_1_18' title='bbox 382 1036 421 1073; x_wconf 90' lang='lat' dir='ltr'><strong>p.</strong></span> <span class='ocrx_word' id='word_1_19' title='bbox 442 1021 523 1063; x_wconf 82' lang='lat'><strong>479</strong></span> <span class='ocrx_word' id='word_1_20' title='bbox 556 1021 736 1060; x_wconf 83' lang='lat' dir='ltr'><strong>Bodenam</strong></span> <span class='ocrx_word' id='word_1_21' title='bbox 761 1024 841 1059; x_wconf 86' lang='lat' dir='ltr'><strong>sive</strong></span> 
     </span>
     <span class='ocr_line' id='line_1_6' title="bbox 190 1077 841 1131; baseline 0.002 -17"><span class='ocrx_word' id='word_1_22' title='bbox 190 1077 369 1127; x_wconf 73' lang='lat' dir='ltr'><strong>Voclz&#39;mzm,</strong></span> <span class='ocrx_word' id='word_1_23' title='bbox 391 1080 532 1131; x_wconf 82' lang='lat' dir='ltr'>quippe</span> <span class='ocrx_word' id='word_1_24' title='bbox 554 1092 652 1131; x_wconf 87' lang='lat' dir='ltr'><strong>quae</strong></span> <span class='ocrx_word' id='word_1_25' title='bbox 672 1080 712 1115; x_wconf 88' lang='lat' dir='ltr'><strong>in</strong></span> <span class='ocrx_word' id='word_1_26' title='bbox 732 1086 841 1117; x_wconf 86' lang='lat' dir='ltr'><strong>vete-</strong></span> 
     </span>
     <span class='ocr_line' id='line_1_7' title="bbox 179 1134 839 1173; baseline 0.005 -3"><span class='ocrx_word' id='word_1_27' title='bbox 179 1135 228 1171; x_wconf 86' lang='lat' dir='ltr'><strong>ris</strong></span> <span class='ocrx_word' id='word_1_28' title='bbox 247 1134 412 1173; x_wconf 84' lang='lat' dir='ltr'><strong>Edessae</strong></span> <span class='ocrx_word' id='word_1_29' title='bbox 433 1137 563 1173; x_wconf 83' lang='lat' dir='ltr'><strong>locum</strong></span> <span class='ocrx_word' id='word_1_30' title='bbox 593 1137 715 1173; x_wconf 85' lang='lat' dir='ltr'><strong>cessit.</strong></span> <span class='ocrx_word' id='word_1_31' title='bbox 774 1137 839 1173; x_wconf 89' lang='lat' dir='ltr'><strong>Tu</strong></span> 
     </span>
     <span class='ocr_line' id='line_1_8' title="bbox 179 1192 837 1233; baseline 0.002 -5"><span class='ocrx_word' id='word_1_32' title='bbox 179 1192 281 1229; x_wconf 82' lang='lat' dir='ltr'><strong>conf.</strong></span> <span class='ocrx_word' id='word_1_33' title='bbox 303 1194 418 1228; x_wconf 86' lang='lat' dir='ltr'><strong>etiam</strong></span> <span class='ocrx_word' id='word_1_34' title='bbox 438 1192 658 1230; x_wconf 81' lang='lat' dir='ltr'><strong>Tzschuck.</strong></span> <span class='ocrx_word' id='word_1_35' title='bbox 679 1192 727 1229; x_wconf 87' lang='lat' dir='ltr'><strong>ad</strong></span> <span class='ocrx_word' id='word_1_36' title='bbox 747 1193 837 1233; x_wconf 90' lang='lat' dir='ltr'><strong>Mel.</strong></span> 
     </span>
     <span class='ocr_line' id='line_1_9' title="bbox 178 1249 839 1300; baseline 0.003 -16"><span class='ocrx_word' id='word_1_37' title='bbox 178 1249 227 1296; x_wconf 82' lang='grc' dir='ltr'><strong>ΙΙ,</strong></span> <span class='ocrx_word' id='word_1_38' title='bbox 258 1252 295 1295; x_wconf 79' lang='lat'><strong>3,</strong></span> <span class='ocrx_word' id='word_1_39' title='bbox 320 1251 339 1288; x_wconf 87' lang='lat'>1</span> <span class='ocrx_word' id='word_1_40' title='bbox 363 1263 452 1300; x_wconf 81' lang='lat' dir='ltr'><strong>pag,</strong></span> <span class='ocrx_word' id='word_1_41' title='bbox 481 1252 560 1290; x_wconf 85' lang='lat'><strong>157</strong></span> <span class='ocrx_word' id='word_1_42' title='bbox 583 1256 680 1286; x_wconf 87' lang='lat' dir='ltr'><strong>nott.</strong></span> <span class='ocrx_word' id='word_1_43' title='bbox 702 1263 839 1300; x_wconf 82' lang='lat' dir='ltr'><strong>exegg.</strong></span> 
     </span>
     <span class='ocr_line' id='line_1_10' title="bbox 180 1304 838 1357; baseline 0.002 -16"><span class='ocrx_word' id='word_1_44' title='bbox 180 1312 216 1341; x_wconf 88' lang='lat' dir='ltr'><strong>et</strong></span> <span class='ocrx_word' id='word_1_45' title='bbox 237 1306 334 1342; x_wconf 83' lang='lat' dir='ltr'><strong>Gail.</strong></span> <span class='ocrx_word' id='word_1_46' title='bbox 356 1305 405 1343; x_wconf 90' lang='lat' dir='ltr'><strong>ad</strong></span> <span class='ocrx_word' id='word_1_47' title='bbox 425 1307 586 1357; x_wconf 86' lang='lat' dir='ltr'><strong>Scymn.</strong></span> <span class='ocrx_word' id='word_1_48' title='bbox 609 1304 747 1343; x_wconf 86' lang='lat' dir='ltr'><strong>Chium</strong></span> <span class='ocrx_word' id='word_1_49' title='bbox 759 1309 838 1347; x_wconf 79' lang='lat'><strong>624</strong></span> 
     </span>
     <span class='ocr_line' id='line_1_11' title="bbox 177 1361 839 1412; baseline 0.003 -13"><span class='ocrx_word' id='word_1_50' title='bbox 177 1362 230 1399; x_wconf 88' lang='lat' dir='ltr'><strong>T.</strong></span> <span class='ocrx_word' id='word_1_51' title='bbox 250 1363 286 1397; x_wconf 90' lang='lat' dir='ltr'><strong>II</strong></span> <span class='ocrx_word' id='word_1_52' title='bbox 305 1375 392 1412; x_wconf 84' lang='lat' dir='ltr'><strong>pag.</strong></span> <span class='ocrx_word' id='word_1_53' title='bbox 414 1361 495 1404; x_wconf 72' lang='lat'><strong>384</strong></span> <span class='ocrx_word' id='word_1_54' title='bbox 521 1363 590 1400; x_wconf 72' lang='lat' dir='ltr'><strong>Cr.</strong></span> <span class='ocrx_word' id='word_1_55' title='bbox 622 1361 683 1400; x_wconf 87' lang='lat' dir='ltr'><strong>hic</strong></span> <span class='ocrx_word' id='word_1_56' title='bbox 709 1362 839 1401; x_wconf 86' lang='lat' dir='ltr'><strong>laudat</strong></span> 
     </span>
     <span class='ocr_line' id='line_1_12' title="bbox 177 1418 840 1456; baseline 0.003 -2"><span class='ocrx_word' id='word_1_57' title='bbox 177 1418 427 1456; x_wconf 81' lang='lat' dir='ltr'><strong>Broendsted.</strong></span> <span class='ocrx_word' id='word_1_58' title='bbox 458 1419 594 1456; x_wconf 75' lang='lat' dir='ltr'><strong>Reisen</strong></span> <span class='ocrx_word' id='word_1_59' title='bbox 627 1433 667 1456; x_wconf 88' lang='lat' dir='ltr'><strong>u.</strong></span> <span class='ocrx_word' id='word_1_60' title='bbox 697 1421 840 1456; x_wconf 87' lang='lat' dir='ltr'><strong>Unter-</strong></span> 
     </span>
     <span class='ocr_line' id='line_1_13' title="bbox 177 1474 840 1529; baseline 0.005 -18"><span class='ocrx_word' id='word_1_61' title='bbox 177 1474 368 1527; x_wconf 84' lang='lat' dir='ltr'><strong>suchung.</strong></span> <span class='ocrx_word' id='word_1_62' title='bbox 389 1477 430 1513; x_wconf 81' lang='lat' dir='ltr'><strong>&#39;m</strong></span> <span class='ocrx_word' id='word_1_63' title='bbox 454 1475 673 1514; x_wconf 87' lang='lat' dir='ltr'><strong>Griechenl.</strong></span> <span class='ocrx_word' id='word_1_64' title='bbox 695 1478 730 1514; x_wconf 92' lang='grc' dir='ltr'><em>Π</em></span> <span class='ocrx_word' id='word_1_65' title='bbox 751 1490 840 1529; x_wconf 78' lang='lat' dir='ltr'><strong>pag.</strong></span> 
     </span>
    </p>
   </div>
   <div class='ocr_carea' id='block_1_4' title="bbox 179 1534 274 1572">
    <p class='ocr_par' dir='ltr' id='par_1_4' title="bbox 179 1534 274 1572">
     <span class='ocr_line' id='line_1_14' title="bbox 179 1534 274 1572; baseline -0.042 0"><span class='ocrx_word' id='word_1_66' title='bbox 179 1534 274 1572; x_wconf 84' lang='lat'><strong>297.</strong></span> 
     </span>
    </p>
   </div>
   <div class='ocr_carea' id='block_1_5' title="bbox 2 0 177 2019">
    <p class='ocr_par' dir='ltr' id='par_1_5' title="bbox 2 0 177 2019">
     <span class='ocr_line' id='line_1_15' title="bbox 2 0 177 2019; baseline 0 0"><span class='ocrx_word' id='word_1_67' title='bbox 2 0 177 2019; x_wconf 95' lang='lat' dir='ltr'><strong>       </strong></span> 
     </span>
    </p>
   </div>
   <div class='ocr_carea' id='block_1_6' title="bbox 362 1623 649 1673">
    <p class='ocr_par' dir='ltr' id='par_1_6' title="bbox 362 1623 649 1673">
     <span class='ocr_line' id='line_1_16' title="bbox 362 1623 649 1673; baseline 0.01 -14"><span class='ocrx_word' id='word_1_68' title='bbox 362 1623 455 1673; x_wconf 83' lang='lat' dir='ltr'><strong>Cap.</strong></span> <span class='ocrx_word' id='word_1_69' title='bbox 477 1623 649 1663; x_wconf 86' lang='lat' dir='ltr'>CXXIV.</span> 
     </span>
    </p>
   </div>
   <div class='ocr_carea' id='block_1_7' title="bbox 178 1696 841 2146">
    <p class='ocr_par' dir='ltr' id='par_1_7' title="bbox 178 1696 841 2139">
     <span class='ocr_line' id='line_1_17' title="bbox 236 1696 837 1753; baseline 0.005 -14"><span class='ocrx_word' id='word_1_70' title='bbox 236 1696 361 1740; x_wconf 73' lang='grc' dir='ltr'><strong><em>αὐτοῦ</em></strong></span> <span class='ocrx_word' id='word_1_71' title='bbox 375 1701 466 1753; x_wconf 83' lang='grc' dir='ltr'><strong><em>περὶ</em></strong></span> <span class='ocrx_word' id='word_1_72' title='bbox 479 1699 617 1750; x_wconf 74' lang='grc' dir='ltr'><strong><em>’Ἄξιον</em></strong></span> <span class='ocrx_word' id='word_1_73' title='bbox 639 1700 837 1751; x_wconf 78' lang='grc' dir='ltr'><strong><em>ποταμόν]</em></strong></span> 
     </span>
     <span class='ocr_line' id='line_1_18' title="bbox 180 1755 841 1811; baseline 0.006 -19"><span class='ocrx_word' id='word_1_74' title='bbox 180 1758 237 1792; x_wconf 89' lang='lat' dir='ltr'><strong>De</strong></span> <span class='ocrx_word' id='word_1_75' title='bbox 271 1757 449 1795; x_wconf 86' lang='lat' dir='ltr'><strong>adverbio</strong></span> <span class='ocrx_word' id='word_1_76' title='bbox 481 1755 629 1807; x_wconf 68' lang='grc' dir='ltr'><strong><em>αὐτοῦ,</em></strong></span> <span class='ocrx_word' id='word_1_77' title='bbox 674 1760 741 1795; x_wconf 86' lang='lat' dir='ltr'><strong>ubi</strong></span> <span class='ocrx_word' id='word_1_78' title='bbox 759 1762 841 1811; x_wconf 88' lang='lat' dir='ltr'><strong>ipse</strong></span> 
     </span>
     <span class='ocr_line' id='line_1_19' title="bbox 179 1814 841 1862; baseline 0.006 -13"><span class='ocrx_word' id='word_1_79' title='bbox 179 1815 285 1851; x_wconf 91' lang='lat' dir='ltr'><strong>locus</strong></span> <span class='ocrx_word' id='word_1_80' title='bbox 315 1815 520 1862; x_wconf 82' lang='lat' dir='ltr'><strong>subiicitur,</strong></span> <span class='ocrx_word' id='word_1_81' title='bbox 553 1814 630 1853; x_wconf 81' lang='lat' dir='ltr'><strong>vid.</strong></span> <span class='ocrx_word' id='word_1_82' title='bbox 661 1816 771 1852; x_wconf 89' lang='lat' dir='ltr'><strong>allata</strong></span> <span class='ocrx_word' id='word_1_83' title='bbox 792 1816 841 1853; x_wconf 90' lang='lat' dir='ltr'><strong>ad</strong></span> 
     </span>
     <span class='ocr_line' id='line_1_20' title="bbox 181 1868 841 1922; baseline 0.009 -16"><span class='ocrx_word' id='word_1_84' title='bbox 181 1871 241 1918; x_wconf 89' lang='lat' dir='ltr'><strong>VI,</strong></span> <span class='ocrx_word' id='word_1_85' title='bbox 264 1873 329 1910; x_wconf 75' lang='lat'><strong>72.</strong></span> <span class='ocrx_word' id='word_1_86' title='bbox 352 1892 405 1898; x_wconf 90' lang='lat'><strong>--</strong></span> <span class='ocrx_word' id='word_1_87' title='bbox 428 1872 521 1908; x_wconf 88' lang='lat' dir='ltr'><strong>Mox</strong></span> <span class='ocrx_word' id='word_1_88' title='bbox 540 1873 670 1922; x_wconf 82' lang='lat' dir='ltr'><strong>scripsi</strong></span> <span class='ocrx_word' id='word_1_89' title='bbox 688 1868 841 1912; x_wconf 76' lang='grc' dir='ltr'><strong><em>τούτων</em></strong></span> 
     </span>
     <span class='ocr_line' id='line_1_21' title="bbox 179 1925 840 1980; baseline 0.008 -17"><span class='ocrx_word' id='word_1_90' title='bbox 179 1939 247 1977; x_wconf 89' lang='lat' dir='ltr'><strong>pro</strong></span> <span class='ocrx_word' id='word_1_91' title='bbox 265 1925 436 1966; x_wconf 80' lang='grc' dir='ltr'>τουτέων</span> <span class='ocrx_word' id='word_1_92' title='bbox 451 1935 485 1964; x_wconf 91' lang='lat' dir='ltr'><strong>et</strong></span> <span class='ocrx_word' id='word_1_93' title='bbox 507 1927 669 1978; x_wconf 82' lang='grc' dir='ltr'><strong><em>βασιλέα</em></strong></span> <span class='ocrx_word' id='word_1_94' title='bbox 684 1942 752 1980; x_wconf 87' lang='lat' dir='ltr'><strong>pro</strong></span> <span class='ocrx_word' id='word_1_95' title='bbox 764 1930 840 1980; x_wconf 84' lang='grc' dir='ltr'><strong><em>βα-</em></strong></span> 
     </span>
     <span class='ocr_line' id='line_1_22' title="bbox 180 1983 839 2037; baseline 0.005 -15"><span class='ocrx_word' id='word_1_96' title='bbox 180 1985 310 2034; x_wconf 80' lang='grc' dir='ltr'><strong><em>σιλῆα.</em></strong></span> <span class='ocrx_word' id='word_1_97' title='bbox 368 1983 430 2021; x_wconf 88' lang='lat' dir='ltr'><strong>Ad</strong></span> <span class='ocrx_word' id='word_1_98' title='bbox 464 1986 580 2022; x_wconf 86' lang='lat' dir='ltr'><strong>verba</strong></span> <span class='ocrx_word' id='word_1_99' title='bbox 606 2000 681 2035; x_wconf 82' lang='grc' dir='ltr'><strong>την</strong></span> <span class='ocrx_word' id='word_1_100' title='bbox 719 1985 839 2037; x_wconf 86' lang='grc' dir='ltr'><strong><em>μεσό-</em></strong></span> 
     </span>
     <span class='ocr_line' id='line_1_23' title="bbox 179 2036 836 2092; baseline 0.002 -14"><span class='ocrx_word' id='word_1_101' title='bbox 179 2055 296 2092; x_wconf 79' lang='grc' dir='ltr'><strong><em>γαιαν</em></strong></span> <span class='ocrx_word' id='word_1_102' title='bbox 323 2036 487 2091; x_wconf 76' lang='grc' dir='ltr'><strong><em>τάμνων</em></strong></span> <span class='ocrx_word' id='word_1_103' title='bbox 514 2044 586 2092; x_wconf 79' lang='grc' dir='ltr'><strong><em>τῆς</em></strong></span> <span class='ocrx_word' id='word_1_104' title='bbox 613 2040 713 2081; x_wconf 80' lang='grc' dir='ltr'><strong><em>οδοῦ</em></strong></span> <span class='ocrx_word' id='word_1_105' title='bbox 734 2043 836 2080; x_wconf 81' lang='lat' dir='ltr'><strong>conf.</strong></span> 
     </span>
     <span class='ocr_line' id='line_1_24' title="bbox 178 2096 562 2146; baseline 0.016 -13"><span class='ocrx_word' id='word_1_106' title='bbox 178 2103 273 2134; x_wconf 87' lang='lat' dir='ltr'><strong>nott.</strong></span> <span class='ocrx_word' id='word_1_107' title='bbox 294 2096 343 2134; x_wconf 99' lang='grc' dir='ltr'><em>ἃᾶ</em></span> <span class='ocrx_word' id='word_1_108' title='bbox 362 2098 444 2146; x_wconf 90' lang='grc' dir='ltr'><strong>ΥΠ,</strong></span> <span class='ocrx_word' id='word_1_109' title='bbox 470 2100 562 2139; x_wconf 80' lang='grc'>123-</span> 
     </span>
    </p>
   </div>
   <div class='ocr_carea' id='block_1_8' title="bbox 181 2172 842 2846">
    <p class='ocr_par' dir='ltr' id='par_1_8' title="bbox 181 2172 842 2846">
     <span class='ocr_line' id='line_1_25' title="bbox 237 2172 837 2229; baseline 0.007 -16"><span class='ocrx_word' id='word_1_110' title='bbox 237 2172 303 2214; x_wconf 77' lang='grc' dir='ltr'><strong>6ιοῖ</strong></span> <span class='ocrx_word' id='word_1_111' title='bbox 320 2178 392 2226; x_wconf 80' lang='grc' dir='ltr'><strong><em>τῆς</em></strong></span> <span class='ocrx_word' id='word_1_112' title='bbox 404 2179 629 2229; x_wconf 80' lang='grc' dir='ltr'><strong><em>Παιονικῆς</em></strong></span> <span class='ocrx_word' id='word_1_113' title='bbox 644 2176 712 2216; x_wconf 84' lang='grc' dir='ltr'><strong><em>καὶ</em></strong></span> <span class='ocrx_word' id='word_1_114' title='bbox 725 2178 837 2229; x_wconf 82' lang='grc' dir='ltr'><strong><em>Κρη-</em></strong></span> 
     </span>
     <span class='ocr_line' id='line_1_26' title="bbox 182 2230 839 2281; baseline 0.002 -12"><span class='ocrx_word' id='word_1_115' title='bbox 182 2233 406 2281; x_wconf 79' lang='grc' dir='ltr'><strong><em>στωνικῆς]</em></strong></span> <span class='ocrx_word' id='word_1_116' title='bbox 455 2230 748 2272; x_wconf 73' lang='lat' dir='ltr'><strong>De&#39;&#39;Crestom·ca</strong></span> <span class='ocrx_word' id='word_1_117' title='bbox 775 2249 839 2271; x_wconf 87' lang='lat' dir='ltr'><strong>re-</strong></span> 
     </span>
     <span class='ocr_line' id='line_1_27' title="bbox 181 2286 839 2339; baseline 0.009 -17"><span class='ocrx_word' id='word_1_118' title='bbox 181 2288 295 2334; x_wconf 76' lang='lat' dir='ltr'><strong>gione</strong></span> <span class='ocrx_word' id='word_1_119' title='bbox 317 2286 395 2325; x_wconf 78' lang='lat' dir='ltr'><strong>vid.</strong></span> <span class='ocrx_word' id='word_1_120' title='bbox 422 2296 517 2328; x_wconf 87' lang='lat' dir='ltr'><strong>nott.</strong></span> <span class='ocrx_word' id='word_1_121' title='bbox 554 2290 602 2327; x_wconf 82' lang='lat' dir='ltr'><strong>ad</strong></span> <span class='ocrx_word' id='word_1_122' title='bbox 621 2293 650 2338; x_wconf 83' lang='grc' dir='ltr'><strong>Ι,</strong></span> <span class='ocrx_word' id='word_1_123' title='bbox 674 2291 750 2339; x_wconf 78' lang='grc'><strong>57;</strong></span> <span class='ocrx_word' id='word_1_124' title='bbox 790 2290 839 2328; x_wconf 86' lang='lat' dir='ltr'><strong>de</strong></span> 
     </span>
     <span class='ocr_line' id='line_1_28' title="bbox 183 2343 839 2399; baseline 0.008 -20"><span class='ocrx_word' id='word_1_125' title='bbox 183 2343 360 2380; x_wconf 79' lang='lat' dir='ltr'><strong>Paeonica</strong></span> <span class='ocrx_word' id='word_1_126' title='bbox 379 2351 475 2382; x_wconf 82' lang='lat' dir='ltr'><strong>nott.</strong></span> <span class='ocrx_word' id='word_1_127' title='bbox 491 2344 539 2381; x_wconf 89' lang='lat' dir='ltr'><strong>ad</strong></span> <span class='ocrx_word' id='word_1_128' title='bbox 552 2347 595 2394; x_wconf 80' lang='lat' dir='ltr'><strong>V,</strong></span> <span class='ocrx_word' id='word_1_129' title='bbox 615 2349 679 2386; x_wconf 77' lang='grc'><strong>12.</strong></span> <span class='ocrx_word' id='word_1_130' title='bbox 711 2348 839 2399; x_wconf 82' lang='lat' dir='ltr'><strong>Atque</strong></span> 
     </span>
     <span class='ocr_line' id='line_1_29' title="bbox 181 2401 841 2453; baseline 0.006 -17"><span class='ocrx_word' id='word_1_131' title='bbox 181 2401 354 2437; x_wconf 89' lang='lat' dir='ltr'><strong>observat</strong></span> <span class='ocrx_word' id='word_1_132' title='bbox 372 2401 560 2438; x_wconf 85' lang='lat' dir='ltr'><strong>Mannert.</strong></span> <span class='ocrx_word' id='word_1_133' title='bbox 580 2403 649 2439; x_wconf 87' lang='lat' dir='ltr'><strong>VII</strong></span> <span class='ocrx_word' id='word_1_134' title='bbox 660 2415 746 2453; x_wconf 84' lang='lat' dir='ltr'><strong>pag.</strong></span> <span class='ocrx_word' id='word_1_135' title='bbox 759 2403 841 2444; x_wconf 80' lang='lat'><strong>494</strong></span> 
     </span>
     <span class='ocr_line' id='line_1_30' title="bbox 183 2455 842 2496; baseline 0.006 -4"><span class='ocrx_word' id='word_1_136' title='bbox 183 2455 365 2493; x_wconf 81' lang='lat' dir='ltr'>Herodoti</span> <span class='ocrx_word' id='word_1_137' title='bbox 400 2463 520 2493; x_wconf 82' lang='lat' dir='ltr'><strong>aetate</strong></span> <span class='ocrx_word' id='word_1_138' title='bbox 542 2459 743 2495; x_wconf 86' lang='lat' dir='ltr'><strong>Paeonum</strong></span> <span class='ocrx_word' id='word_1_139' title='bbox 763 2466 842 2496; x_wconf 88' lang='lat' dir='ltr'><strong>ter-</strong></span> 
     </span>
     <span class='ocr_line' id='line_1_31' title="bbox 183 2513 841 2552; baseline 0.006 -4"><span class='ocrx_word' id='word_1_140' title='bbox 183 2525 266 2549; x_wconf 85' lang='lat' dir='ltr'><strong>ram</strong></span> <span class='ocrx_word' id='word_1_141' title='bbox 300 2513 421 2549; x_wconf 87' lang='lat' dir='ltr'><strong>multo</strong></span> <span class='ocrx_word' id='word_1_142' title='bbox 443 2515 697 2551; x_wconf 80' lang='lat' dir='ltr'><strong>extensiorem</strong></span> <span class='ocrx_word' id='word_1_143' title='bbox 726 2515 841 2552; x_wconf 84' lang='lat' dir='ltr'><strong>fuisse</strong></span> 
     </span>
     <span class='ocr_line' id='line_1_32' title="bbox 183 2568 841 2609; baseline 0.005 -3"><span class='ocrx_word' id='word_1_144' title='bbox 183 2569 303 2607; x_wconf 83' lang='lat' dir='ltr'><strong>videri</strong></span> <span class='ocrx_word' id='word_1_145' title='bbox 328 2568 527 2606; x_wconf 81' lang='lat' dir='ltr'><strong>meridiem</strong></span> <span class='ocrx_word' id='word_1_146' title='bbox 547 2583 675 2607; x_wconf 85' lang='lat' dir='ltr'><strong>versus</strong></span> <span class='ocrx_word' id='word_1_147' title='bbox 695 2570 744 2607; x_wconf 88' lang='lat' dir='ltr'><strong>ad</strong></span> <span class='ocrx_word' id='word_1_148' title='bbox 755 2584 841 2609; x_wconf 87' lang='lat' dir='ltr'><strong>eam</strong></span> 
     </span>
     <span class='ocr_line' id='line_1_33' title="bbox 185 2626 840 2678; baseline 0.005 -17"><span class='ocrx_word' id='word_1_149' title='bbox 185 2639 306 2677; x_wconf 89' lang='lat' dir='ltr'><strong>usque</strong></span> <span class='ocrx_word' id='word_1_150' title='bbox 326 2627 535 2676; x_wconf 81' lang='lat' dir='ltr'>regionem,</span> <span class='ocrx_word' id='word_1_151' title='bbox 558 2639 657 2677; x_wconf 84' lang='lat' dir='ltr'><strong>quae</strong></span> <span class='ocrx_word' id='word_1_152' title='bbox 677 2626 840 2678; x_wconf 87' lang='lat' dir='ltr'><strong>Mygdo-</strong></span> 
     </span>
     <span class='ocr_line' id='line_1_34' title="bbox 185 2682 841 2733; baseline 0.005 -16"><span class='ocrx_word' id='word_1_153' title='bbox 185 2683 271 2718; x_wconf 83' lang='lat' dir='ltr'>niae</span> <span class='ocrx_word' id='word_1_154' title='bbox 309 2695 453 2719; x_wconf 88' lang='lat' dir='ltr'><strong>nomen</strong></span> <span class='ocrx_word' id='word_1_155' title='bbox 491 2682 692 2733; x_wconf 90' lang='lat' dir='ltr'><strong>postmodo</strong></span> <span class='ocrx_word' id='word_1_156' title='bbox 741 2684 841 2720; x_wconf 88' lang='lat' dir='ltr'><strong>tulit.</strong></span> 
     </span>
     <span class='ocr_line' id='line_1_35' title="bbox 187 2737 840 2790; baseline 0.005 -17"><span class='ocrx_word' id='word_1_157' title='bbox 187 2738 342 2790; x_wconf 81' lang='lat' dir='ltr'>Alioqui</span> <span class='ocrx_word' id='word_1_158' title='bbox 362 2740 466 2775; x_wconf 88' lang='lat' dir='ltr'><strong>euim</strong></span> <span class='ocrx_word' id='word_1_159' title='bbox 485 2740 658 2776; x_wconf 80' lang='lat' dir='ltr'>Xerxem</span> <span class='ocrx_word' id='word_1_160' title='bbox 671 2739 718 2775; x_wconf 85' lang='lat' dir='ltr'><strong>ab</strong></span> <span class='ocrx_word' id='word_1_161' title='bbox 737 2737 840 2776; x_wconf 87' lang='lat' dir='ltr'><strong>Atho</strong></span> 
     </span>
     <span class='ocr_line' id='line_1_36' title="bbox 188 2794 840 2846; baseline 0.006 -17"><span class='ocrx_word' id='word_1_162' title='bbox 188 2794 258 2830; x_wconf 83' lang='lat' dir='ltr'><strong>iter</strong></span> <span class='ocrx_word' id='word_1_163' title='bbox 297 2794 500 2834; x_wconf 83' lang='lat' dir='ltr'><strong>facientem</strong></span> <span class='ocrx_word' id='word_1_164' title='bbox 532 2794 580 2833; x_wconf 83' lang='lat' dir='ltr'><strong>ad</strong></span> <span class='ocrx_word' id='word_1_165' title='bbox 608 2796 698 2833; x_wconf 83' lang='lat' dir='ltr'><strong>Axii</strong></span> <span class='ocrx_word' id='word_1_166' title='bbox 734 2797 840 2846; x_wconf 85' lang='lat' dir='ltr'><strong>ostia,</strong></span> 
     </span>
    </p>
   </div>
   <div class='ocr_carea' id='block_1_9' title="bbox 545 183 1182 222">
    <p class='ocr_par' dir='ltr' id='par_1_9' title="bbox 545 183 1182 222">
     <span class='ocr_line' id='line_1_37' title="bbox 545 183 1182 222; baseline -0.006 0"><span class='ocrx_word' id='word_1_167' title='bbox 545 183 1018 222; x_wconf 87' lang='lat' dir='ltr'><strong>POLYMNIA.</strong></span> <span class='ocrx_word' id='word_1_168' title='bbox 1077 183 1182 219; x_wconf 92' lang='lat' dir='ltr'>V11.</span> 
     </span>
    </p>
   </div>
   <div class='ocr_carea' id='block_1_10' title="bbox 1414 192 1498 231">
    <p class='ocr_par' dir='ltr' id='par_1_10' title="bbox 1414 192 1498 231">
     <span class='ocr_line' id='line_1_38' title="bbox 1414 192 1498 231; baseline 0.036 -3"><span class='ocrx_word' id='word_1_169' title='bbox 1414 192 1498 231; x_wconf 73' lang='lat'><strong>619</strong></span> 
     </span>
    </p>
   </div>
   <div class='ocr_carea' id='block_1_11' title="bbox 212 288 1654 757">
    <p class='ocr_par' dir='ltr' id='par_1_11' title="bbox 212 288 1654 757">
     <span class='ocr_line' id='line_1_39' title="bbox 323 288 1654 350; baseline 0.002 -16.022"><span class='ocrx_word' id='word_1_170' title='bbox 323 290 372 334; x_wconf 92' lang='grc' dir='ltr'>Ο</span> <span class='ocrx_word' id='word_1_171' title='bbox 400 292 479 346; x_wconf 82' lang='grc' dir='ltr'><strong><em>μὲν</em></strong></span> <span class='ocrx_word' id='word_1_172' title='bbox 507 293 560 350; x_wconf 81' lang='grc' dir='ltr'><strong>δή</strong></span> <span class='ocrx_word' id='word_1_173' title='bbox 584 291 788 342; x_wconf 76' lang='grc' dir='ltr'><strong><em>ναυτικὸς</em></strong></span> <span class='ocrx_word' id='word_1_174' title='bbox 825 289 1031 345; x_wconf 80' lang='grc' dir='ltr'><strong><em>στρατός,</em></strong></span> <span class='ocrx_word' id='word_1_175' title='bbox 1071 288 1213 334; x_wconf 82' lang='grc' dir='ltr'><strong><em>αὐτοῦ</em></strong></span> <span class='ocrx_word' id='word_1_176' title='bbox 1243 293 1342 344; x_wconf 90' lang='grc' dir='ltr'><strong><em>περὶ</em></strong></span> <span class='ocrx_word' id='word_1_177' title='bbox 1359 293 1505 346; x_wconf 71' lang='grc' dir='ltr'><strong><em>’Ἄξιον</em></strong></span> <span class='ocrx_word' id='word_1_178' title='bbox 1562 298 1654 324; x_wconf 66' lang='lat' dir='ltr'><strong>¹³0d⁰¹</strong></span> 
     </span>
     <span class='ocr_line' id='line_1_40' title="bbox 242 356 1505 415; baseline 0.001 -13"><span class='ocrx_word' id='word_1_179' title='bbox 242 361 450 415; x_wconf 83' lang='grc' dir='ltr'><strong><em>ποταμὸν,</em></strong></span> <span class='ocrx_word' id='word_1_180' title='bbox 466 361 538 404; x_wconf 82' lang='grc' dir='ltr'><strong><em>καὶ</em></strong></span> <span class='ocrx_word' id='word_1_181' title='bbox 565 360 694 404; x_wconf 85' lang='grc' dir='ltr'><strong><em>πόλιν</em></strong></span> <span class='ocrx_word' id='word_1_182' title='bbox 709 357 893 414; x_wconf 80' lang='grc' dir='ltr'><em>Θέρμην,</em></span> <span class='ocrx_word' id='word_1_183' title='bbox 907 357 979 400; x_wconf 84' lang='grc' dir='ltr'><strong><em>καὶ</em></strong></span> <span class='ocrx_word' id='word_1_184' title='bbox 999 356 1074 409; x_wconf 79' lang='grc' dir='ltr'><strong><em>τὰς</em></strong></span> <span class='ocrx_word' id='word_1_185' title='bbox 1086 357 1244 414; x_wconf 82' lang='grc' dir='ltr'><strong><em>μεταξύ</em></strong></span> <span class='ocrx_word' id='word_1_186' title='bbox 1260 356 1387 409; x_wconf 81' lang='grc' dir='ltr'><strong><em>πόλις</em></strong></span> <span class='ocrx_word' id='word_1_187' title='bbox 1408 377 1505 403; x_wconf 85' lang='grc' dir='ltr'><strong><em>του-</em></strong></span> 
     </span>
     <span class='ocr_line' id='line_1_41' title="bbox 212 424 1281 485; baseline -0.002 -15"><span class='ocrx_word' id='word_1_188' title='bbox 212 427 368 481; x_wconf 70' lang='grc' dir='ltr'><strong><em>Ξτέων,</em></strong></span> <span class='ocrx_word' id='word_1_189' title='bbox 397 428 643 485; x_wconf 78' lang='grc' dir='ltr'><strong><em>περιμένων</em></strong></span> <span class='ocrx_word' id='word_1_190' title='bbox 662 424 851 482; x_wconf 81' lang='grc' dir='ltr'><strong><em>βασιλέα,</em></strong></span> <span class='ocrx_word' id='word_1_191' title='bbox 883 424 1281 479; x_wconf 77' lang='grc' dir='ltr'><strong><em>ἐστρατοπεδεύετο.</em></strong></span> 
     </span>
     <span class='ocr_line' id='line_1_42' title="bbox 241 492 1531 550; baseline -0.002 -10"><span class='ocrx_word' id='word_1_192' title='bbox 241 496 287 540; x_wconf 82' lang='grc' dir='ltr'><strong>δὲ</strong></span> <span class='ocrx_word' id='word_1_193' title='bbox 315 497 388 540; x_wconf 84' lang='grc' dir='ltr'><strong><em>καὶ</em></strong></span> <span class='ocrx_word' id='word_1_194' title='bbox 418 495 441 540; x_wconf 89' lang='grc' dir='ltr'>ὁ</span> <span class='ocrx_word' id='word_1_195' title='bbox 472 495 599 549; x_wconf 82' lang='grc' dir='ltr'><strong><em>πεζὸς</em></strong></span> <span class='ocrx_word' id='word_1_196' title='bbox 619 493 804 549; x_wconf 79' lang='grc' dir='ltr'><strong><em>στρατός</em></strong></span> <span class='ocrx_word' id='word_1_197' title='bbox 833 492 1064 547; x_wconf 79' lang='grc' dir='ltr'><strong><em>ἐπορεύετο</em></strong></span> <span class='ocrx_word' id='word_1_198' title='bbox 1094 493 1141 537; x_wconf 77' lang='grc' dir='ltr'><strong>ἐκ</strong></span> <span class='ocrx_word' id='word_1_199' title='bbox 1169 498 1245 550; x_wconf 81' lang='grc' dir='ltr'><strong><em>τῆς</em></strong></span> <span class='ocrx_word' id='word_1_200' title='bbox 1269 492 1531 548; x_wconf 75' lang='grc' dir='ltr'><strong><em>Ἀκανθου,5</em></strong></span> 
     </span>
     <span class='ocr_line' id='line_1_43' title="bbox 238 559 1503 620; baseline -0.003 -12"><span class='ocrx_word' id='word_1_201' title='bbox 238 564 318 620; x_wconf 85' lang='grc' dir='ltr'><strong>τὴν</strong></span> <span class='ocrx_word' id='word_1_202' title='bbox 349 563 584 620; x_wconf 80' lang='grc' dir='ltr'><strong><em>μεσόγαιαν</em></strong></span> <span class='ocrx_word' id='word_1_203' title='bbox 611 561 789 618; x_wconf 79' lang='grc' dir='ltr'><strong><em>τάμνων</em></strong></span> <span class='ocrx_word' id='word_1_204' title='bbox 806 564 882 617; x_wconf 80' lang='grc' dir='ltr'><strong><em>τῆς</em></strong></span> <span class='ocrx_word' id='word_1_205' title='bbox 911 559 1034 613; x_wconf 79' lang='grc' dir='ltr'><strong><em>ὁδοῦ,</em></strong></span> <span class='ocrx_word' id='word_1_206' title='bbox 1065 559 1337 617; x_wconf 82' lang='grc' dir='ltr'><strong><em>βουλόμενος</em></strong></span> <span class='ocrx_word' id='word_1_207' title='bbox 1366 561 1409 613; x_wconf 83' lang='grc' dir='ltr'><strong>ἐς</strong></span> <span class='ocrx_word' id='word_1_208' title='bbox 1423 562 1503 618; x_wconf 78' lang='grc' dir='ltr'><strong>τὴν</strong></span> 
     </span>
     <span class='ocr_line' id='line_1_44' title="bbox 767 629 1503 685; baseline -0.001 -12"><span class='ocrx_word' id='word_1_209' title='bbox 767 629 994 684; x_wconf 78' lang='grc' dir='ltr'><strong><em>ἐπορεύετο</em></strong></span> <span class='ocrx_word' id='word_1_210' title='bbox 1035 629 1082 673; x_wconf 81' lang='grc' dir='ltr'><strong>δὲ</strong></span> <span class='ocrx_word' id='word_1_211' title='bbox 1113 629 1186 672; x_wconf 80' lang='grc' dir='ltr'><strong>διὰ</strong></span> <span class='ocrx_word' id='word_1_212' title='bbox 1213 632 1288 685; x_wconf 84' lang='grc' dir='ltr'><strong><em>τῆς</em></strong></span> <span class='ocrx_word' id='word_1_213' title='bbox 1321 632 1503 673; x_wconf 84' lang='grc' dir='ltr'><strong><em>Παιονι-</em></strong></span> 
     </span>
     <span class='ocr_line' id='line_1_45' title="bbox 239 695 1502 757; baseline -0.002 -13"><span class='ocrx_word' id='word_1_214' title='bbox 239 704 318 757; x_wconf 83' lang='grc' dir='ltr'><strong>κῆς</strong></span> <span class='ocrx_word' id='word_1_215' title='bbox 344 700 418 743; x_wconf 76' lang='grc' dir='ltr'><strong><em>καὶ</em></strong></span> <span class='ocrx_word' id='word_1_216' title='bbox 446 701 760 755; x_wconf 82' lang='grc' dir='ltr'><strong><em>Κρηστωνικῆς</em></strong></span> <span class='ocrx_word' id='word_1_217' title='bbox 781 698 850 742; x_wconf 82' lang='grc' dir='ltr'><strong>ἐπὶ</strong></span> <span class='ocrx_word' id='word_1_218' title='bbox 871 695 1072 755; x_wconf 76' lang='grc' dir='ltr'><strong><em>ποταμόν</em></strong></span> <span class='ocrx_word' id='word_1_219' title='bbox 1087 695 1354 754; x_wconf 83' lang='grc' dir='ltr'><strong><em>Ἐχείδωρον,</em></strong></span> <span class='ocrx_word' id='word_1_220' title='bbox 1386 696 1436 750; x_wconf 80' lang='grc' dir='ltr'><strong>ὃς</strong></span> <span class='ocrx_word' id='word_1_221' title='bbox 1455 697 1502 742; x_wconf 83' lang='grc' dir='ltr'><strong>ἐκ</strong></span> 
     </span>
    </p>
   </div>
   <div class='ocr_carea' id='block_1_12' title="bbox 1560 336 1659 390">
    <p class='ocr_par' dir='ltr' id='par_1_12' title="bbox 1560 336 1626 389">
     <span class='ocr_line' id='line_1_46' title="bbox 1562 336 1623 357; baseline 0.047 -2"><span class='ocrx_word' id='word_1_222' title='bbox 1562 336 1623 357; x_wconf 66' lang='grc' dir='ltr'><strong>ΗῑΙΨ</strong></span> 
     </span>
     <span class='ocr_line' id='line_1_47' title="bbox 1560 365 1659 390; baseline 0 -1"><span class='ocrx_word' id='word_1_223' title='bbox 1560 365 1659 390; x_wconf 78' lang='lat' dir='ltr'><strong>media</strong></span> 
     </span>
    </p>
   </div>
   <div class='ocr_carea' id='block_1_13' title="bbox 1558 462 1634 490">
    <p class='ocr_par' dir='ltr' id='par_1_13' title="bbox 1558 462 1634 490">
     <span class='ocr_line' id='line_1_48' title="bbox 1558 462 1634 490; baseline 0.015 -2"><span class='ocrx_word' id='word_1_224' title='bbox 1558 462 1634 490; x_wconf 50' lang='lat' dir='ltr'><strong>Vll-¹8.</strong></span> 
     </span>
    </p>
   </div>
   <div class='ocr_carea' id='block_1_14' title="bbox 894 906 1560 2036">
    <p class='ocr_par' dir='ltr' id='par_1_14' title="bbox 894 906 1560 2036">
     <span class='ocr_line' id='line_1_49' title="bbox 898 906 1558 945; baseline 0 -1"><span class='ocrx_word' id='word_1_225' title='bbox 898 907 1130 945; x_wconf 82' lang='lat' dir='ltr'><strong>Paeonicaln</strong></span> <span class='ocrx_word' id='word_1_226' title='bbox 1152 912 1188 943; x_wconf 91' lang='lat' dir='ltr'><strong>et</strong></span> <span class='ocrx_word' id='word_1_227' title='bbox 1199 906 1460 944; x_wconf 87' lang='lat' dir='ltr'><strong>Crestonicam</strong></span> <span class='ocrx_word' id='word_1_228' title='bbox 1480 914 1558 944; x_wconf 87' lang='lat' dir='ltr'><strong>ter-</strong></span> 
     </span>
     <span class='ocr_line' id='line_1_50' title="bbox 897 961 1559 1015; baseline -0.002 -13"><span class='ocrx_word' id='word_1_229' title='bbox 897 978 981 1002; x_wconf 85' lang='lat' dir='ltr'><strong>ram</strong></span> <span class='ocrx_word' id='word_1_230' title='bbox 1018 976 1216 1015; x_wconf 87' lang='lat' dir='ltr'><strong>permeare</strong></span> <span class='ocrx_word' id='word_1_231' title='bbox 1258 961 1364 1001; x_wconf 85' lang='lat' dir='ltr'><strong>haud</strong></span> <span class='ocrx_word' id='word_1_232' title='bbox 1392 965 1559 1015; x_wconf 85' lang='lat' dir='ltr'><strong>potuisse</strong></span> 
     </span>
     <span class='ocr_line' id='line_1_51' title="bbox 896 1019 1560 1074; baseline 0 -16"><span class='ocrx_word' id='word_1_233' title='bbox 896 1028 1017 1074; x_wconf 88' lang='lat' dir='ltr'><strong>putat.</strong></span> <span class='ocrx_word' id='word_1_234' title='bbox 1074 1019 1137 1057; x_wconf 91' lang='lat' dir='ltr'><strong>Ad</strong></span> <span class='ocrx_word' id='word_1_235' title='bbox 1168 1033 1285 1072; x_wconf 88' lang='lat' dir='ltr'><strong>quam</strong></span> <span class='ocrx_word' id='word_1_236' title='bbox 1313 1020 1478 1058; x_wconf 88' lang='lat' dir='ltr'><strong>eandem</strong></span> <span class='ocrx_word' id='word_1_237' title='bbox 1497 1034 1560 1058; x_wconf 88' lang='lat' dir='ltr'><strong>re-</strong></span> 
     </span>
     <span class='ocr_line' id='line_1_52' title="bbox 896 1077 1557 1129; baseline 0.002 -15"><span class='ocrx_word' id='word_1_238' title='bbox 896 1080 1051 1129; x_wconf 85' lang='lat' dir='ltr'><strong>gionem</strong></span> <span class='ocrx_word' id='word_1_239' title='bbox 1081 1077 1302 1114; x_wconf 78' lang='lat' dir='ltr'><strong>Prasiadem</strong></span> <span class='ocrx_word' id='word_1_240' title='bbox 1330 1079 1458 1115; x_wconf 90' lang='lat' dir='ltr'><strong>lacum</strong></span> <span class='ocrx_word' id='word_1_241' title='bbox 1480 1077 1557 1127; x_wconf 87' lang='lat' dir='ltr'><strong>(de</strong></span> 
     </span>
     <span class='ocr_line' id='line_1_53' title="bbox 896 1135 1557 1188; baseline -0.002 -16"><span class='ocrx_word' id='word_1_242' title='bbox 896 1148 973 1188; x_wconf 91' lang='lat' dir='ltr'><strong>quo</strong></span> <span class='ocrx_word' id='word_1_243' title='bbox 994 1135 1040 1184; x_wconf 87' lang='lat' dir='ltr'><strong>V,</strong></span> <span class='ocrx_word' id='word_1_244' title='bbox 1065 1137 1136 1181; x_wconf 87' lang='lat'><strong>16)</strong></span> <span class='ocrx_word' id='word_1_245' title='bbox 1166 1135 1297 1171; x_wconf 87' lang='lat' dir='ltr'><strong>referri</strong></span> <span class='ocrx_word' id='word_1_246' title='bbox 1332 1136 1414 1172; x_wconf 87' lang='lat' dir='ltr'><strong>vult</strong></span> <span class='ocrx_word' id='word_1_247' title='bbox 1443 1136 1557 1171; x_wconf 81' lang='lat' dir='ltr'><strong>Man-</strong></span> 
     </span>
     <span class='ocr_line' id='line_1_54' title="bbox 895 1191 1558 1232; baseline 0 -4"><span class='ocrx_word' id='word_1_248' title='bbox 895 1200 1037 1232; x_wconf 86' lang='lat' dir='ltr'><strong>nertus.</strong></span> <span class='ocrx_word' id='word_1_249' title='bbox 1086 1192 1143 1228; x_wconf 89' lang='lat' dir='ltr'><strong>Ac</strong></span> <span class='ocrx_word' id='word_1_250' title='bbox 1163 1204 1253 1228; x_wconf 87' lang='lat' dir='ltr'><strong>sane</strong></span> <span class='ocrx_word' id='word_1_251' title='bbox 1273 1193 1415 1228; x_wconf 87' lang='lat' dir='ltr'><strong>mirum</strong></span> <span class='ocrx_word' id='word_1_252' title='bbox 1436 1191 1558 1229; x_wconf 84' lang='lat' dir='ltr'><strong>videri</strong></span> 
     </span>
     <span class='ocr_line' id='line_1_55' title="bbox 896 1248 1560 1300; baseline -0.002 -14"><span class='ocrx_word' id='word_1_253' title='bbox 896 1262 1050 1300; x_wconf 85' lang='lat' dir='ltr'><strong>quoque</strong></span> <span class='ocrx_word' id='word_1_254' title='bbox 1062 1249 1113 1285; x_wconf 87' lang='lat' dir='ltr'><strong>ait</strong></span> <span class='ocrx_word' id='word_1_255' title='bbox 1126 1248 1167 1286; x_wconf 90' lang='lat' dir='ltr'><strong>C.</strong></span> <span class='ocrx_word' id='word_1_256' title='bbox 1191 1250 1233 1287; x_wconf 89' lang='grc' dir='ltr'><strong>Ο.</strong></span> <span class='ocrx_word' id='word_1_257' title='bbox 1258 1249 1394 1285; x_wconf 76' lang='lat' dir='ltr'><strong>Miiller</strong></span> <span class='ocrx_word' id='word_1_258' title='bbox 1415 1249 1560 1297; x_wconf 87' lang='lat' dir='ltr'><strong>(Ueber</strong></span> 
     </span>
     <span class='ocr_line' id='line_1_56' title="bbox 895 1304 1559 1358; baseline 0.002 -16"><span class='ocrx_word' id='word_1_259' title='bbox 895 1305 957 1343; x_wconf 87' lang='lat' dir='ltr'><strong>die</strong></span> <span class='ocrx_word' id='word_1_260' title='bbox 976 1304 1132 1342; x_wconf 83' lang='lat' dir='ltr'><strong>Maked.</strong></span> <span class='ocrx_word' id='word_1_261' title='bbox 1158 1318 1196 1355; x_wconf 84' lang='lat' dir='ltr'><strong>p.</strong></span> <span class='ocrx_word' id='word_1_262' title='bbox 1211 1305 1268 1355; x_wconf 84' lang='lat'><strong>8),</strong></span> <span class='ocrx_word' id='word_1_263' title='bbox 1291 1305 1395 1358; x_wconf 89' lang='lat' dir='ltr'><strong>quod</strong></span> <span class='ocrx_word' id='word_1_264' title='bbox 1411 1307 1559 1343; x_wconf 84' lang='lat' dir='ltr'><strong>Xerxes</strong></span> 
     </span>
     <span class='ocr_line' id='line_1_57' title="bbox 895 1360 1559 1413; baseline -0.003 -12"><span class='ocrx_word' id='word_1_265' title='bbox 895 1361 1072 1401; x_wconf 84' lang='lat' dir='ltr'><strong>Acantho</strong></span> <span class='ocrx_word' id='word_1_266' title='bbox 1088 1360 1303 1398; x_wconf 88' lang='lat' dir='ltr'><strong>Thermam</strong></span> <span class='ocrx_word' id='word_1_267' title='bbox 1319 1362 1559 1413; x_wconf 85' lang='lat' dir='ltr'><strong>profecturus</strong></span> 
     </span>
     <span class='ocr_line' id='line_1_58' title="bbox 894 1420 1559 1470; baseline -0.005 -12"><span class='ocrx_word' id='word_1_268' title='bbox 894 1420 1128 1458; x_wconf 85' lang='lat' dir='ltr'><strong>Paeonicam</strong></span> <span class='ocrx_word' id='word_1_269' title='bbox 1148 1426 1184 1455; x_wconf 86' lang='lat' dir='ltr'><strong>et</strong></span> <span class='ocrx_word' id='word_1_270' title='bbox 1195 1420 1454 1456; x_wconf 86' lang='lat' dir='ltr'><strong>Crestonicam</strong></span> <span class='ocrx_word' id='word_1_271' title='bbox 1468 1433 1559 1470; x_wconf 86' lang='lat' dir='ltr'><strong>per-</strong></span> 
     </span>
     <span class='ocr_line' id='line_1_59' title="bbox 894 1474 1559 1514; baseline 0.003 -2"><span class='ocrx_word' id='word_1_272' title='bbox 894 1489 1024 1513; x_wconf 85' lang='lat' dir='ltr'><strong>meare</strong></span> <span class='ocrx_word' id='word_1_273' title='bbox 1046 1474 1206 1513; x_wconf 79' lang='lat' dir='ltr'><strong>dicatur.</strong></span> <span class='ocrx_word' id='word_1_274' title='bbox 1240 1478 1453 1513; x_wconf 79' lang='lat' dir='ltr'><strong>Paeoniam</strong></span> <span class='ocrx_word' id='word_1_275' title='bbox 1465 1477 1559 1514; x_wconf 81' lang='lat' dir='ltr'><strong>olim</strong></span> 
     </span>
     <span class='ocr_line' id='line_1_60' title="bbox 895 1533 1560 1584; baseline -0.002 -14"><span class='ocrx_word' id='word_1_276' title='bbox 895 1534 1018 1570; x_wconf 87' lang='lat' dir='ltr'><strong>multo</strong></span> <span class='ocrx_word' id='word_1_277' title='bbox 1050 1533 1305 1569; x_wconf 86' lang='lat' dir='ltr'><strong>extensiorem</strong></span> <span class='ocrx_word' id='word_1_278' title='bbox 1326 1534 1406 1584; x_wconf 86' lang='lat' dir='ltr'><strong>ipsa</strong></span> <span class='ocrx_word' id='word_1_279' title='bbox 1426 1535 1560 1570; x_wconf 88' lang='lat' dir='ltr'><strong>Mace-</strong></span> 
     </span>
     <span class='ocr_line' id='line_1_61' title="bbox 896 1589 1557 1640; baseline -0.002 -13"><span class='ocrx_word' id='word_1_280' title='bbox 896 1589 1010 1627; x_wconf 82' lang='lat' dir='ltr'><strong>donia</strong></span> <span class='ocrx_word' id='word_1_281' title='bbox 1031 1590 1155 1640; x_wconf 84' lang='lat' dir='ltr'><strong>prisca</strong></span> <span class='ocrx_word' id='word_1_282' title='bbox 1175 1589 1269 1638; x_wconf 80' lang='lat' dir='ltr'><strong>(vid.</strong></span> <span class='ocrx_word' id='word_1_283' title='bbox 1291 1597 1389 1627; x_wconf 84' lang='lat' dir='ltr'><strong>nott.</strong></span> <span class='ocrx_word' id='word_1_284' title='bbox 1406 1589 1454 1626; x_wconf 86' lang='lat' dir='ltr'><strong>ad</strong></span> <span class='ocrx_word' id='word_1_285' title='bbox 1475 1591 1557 1639; x_wconf 84' lang='lat' dir='ltr'>VII,</span> 
     </span>
     <span class='ocr_line' id='line_1_62' title="bbox 899 1645 1560 1697; baseline 0.002 -15"><span class='ocrx_word' id='word_1_286' title='bbox 899 1645 1005 1696; x_wconf 81' lang='lat'>127)</span> <span class='ocrx_word' id='word_1_287' title='bbox 1036 1646 1140 1683; x_wconf 87' lang='lat' dir='ltr'><strong>idem</strong></span> <span class='ocrx_word' id='word_1_288' title='bbox 1170 1648 1294 1697; x_wconf 77' lang='lat' dir='ltr'><strong>attigit</strong></span> <span class='ocrx_word' id='word_1_289' title='bbox 1322 1647 1364 1683; x_wconf 86' lang='lat' dir='ltr'><strong>C.</strong></span> <span class='ocrx_word' id='word_1_290' title='bbox 1390 1647 1435 1684; x_wconf 91' lang='grc' dir='ltr'><strong>Ο.</strong></span> <span class='ocrx_word' id='word_1_291' title='bbox 1457 1648 1560 1683; x_wconf 73' lang='lat' dir='ltr'><strong>Mul-</strong></span> 
     </span>
     <span class='ocr_line' id='line_1_63' title="bbox 896 1699 1558 1755; baseline 0.003 -17"><span class='ocrx_word' id='word_1_292' title='bbox 896 1703 964 1740; x_wconf 91' lang='lat' dir='ltr'><strong>ler.</strong></span> <span class='ocrx_word' id='word_1_293' title='bbox 984 1704 1010 1742; x_wconf 94' lang='lat' dir='ltr'><strong>l.</strong></span> <span class='ocrx_word' id='word_1_294' title='bbox 1032 1704 1057 1740; x_wconf 92' lang='lat' dir='ltr'><strong>l.</strong></span> <span class='ocrx_word' id='word_1_295' title='bbox 1077 1699 1165 1753; x_wconf 53' lang='lat' dir='ltr'><strong>pag.</strong></span> <span class='ocrx_word' id='word_1_296' title='bbox 1192 1705 1242 1743; x_wconf 83' lang='lat'><strong>18</strong></span> <span class='ocrx_word' id='word_1_297' title='bbox 1272 1717 1351 1755; x_wconf 89' lang='lat' dir='ltr'><strong>seq.</strong></span> <span class='ocrx_word' id='word_1_298' title='bbox 1383 1702 1457 1740; x_wconf 90' lang='lat' dir='ltr'><strong>hoc</strong></span> <span class='ocrx_word' id='word_1_299' title='bbox 1487 1703 1558 1740; x_wconf 82' lang='lat' dir='ltr'><strong>ad-</strong></span> 
     </span>
     <span class='ocr_line' id='line_1_64' title="bbox 895 1760 1558 1809; baseline 0.002 -14"><span class='ocrx_word' id='word_1_300' title='bbox 895 1760 1026 1796; x_wconf 88' lang='lat' dir='ltr'><strong>iiciens</strong></span> <span class='ocrx_word' id='word_1_301' title='bbox 1047 1766 1253 1809; x_wconf 82' lang='lat' dir='ltr'><strong>angustum</strong></span> <span class='ocrx_word' id='word_1_302' title='bbox 1273 1761 1464 1796; x_wconf 80' lang='lat' dir='ltr'><strong>Paeoniae</strong></span> <span class='ocrx_word' id='word_1_303' title='bbox 1478 1767 1558 1796; x_wconf 88' lang='lat' dir='ltr'><strong>tra-</strong></span> 
     </span>
     <span class='ocr_line' id='line_1_65' title="bbox 896 1815 1558 1868; baseline 0 -16"><span class='ocrx_word' id='word_1_304' title='bbox 896 1823 1004 1852; x_wconf 87' lang='lat' dir='ltr'><strong>ctum</strong></span> <span class='ocrx_word' id='word_1_305' title='bbox 1025 1815 1074 1852; x_wconf 87' lang='lat' dir='ltr'><strong>ad</strong></span> <span class='ocrx_word' id='word_1_306' title='bbox 1094 1817 1243 1852; x_wconf 87' lang='lat' dir='ltr'><strong>Pellam</strong></span> <span class='ocrx_word' id='word_1_307' title='bbox 1265 1829 1384 1868; x_wconf 88' lang='lat' dir='ltr'><strong>usque</strong></span> <span class='ocrx_word' id='word_1_308' title='bbox 1406 1823 1558 1853; x_wconf 82' lang='lat' dir='ltr'><strong>etmare</strong></span> 
     </span>
     <span class='ocr_line' id='line_1_66' title="bbox 896 1871 1558 1923; baseline 0.005 -16"><span class='ocrx_word' id='word_1_309' title='bbox 896 1873 1121 1923; x_wconf 84' lang='lat' dir='ltr'><strong>pertinuisse</strong></span> <span class='ocrx_word' id='word_1_310' title='bbox 1163 1871 1255 1908; x_wconf 84' lang='lat' dir='ltr'><strong>inde</strong></span> <span class='ocrx_word' id='word_1_311' title='bbox 1294 1885 1316 1909; x_wconf 87' lang='lat' dir='ltr'><strong>a</strong></span> <span class='ocrx_word' id='word_1_312' title='bbox 1355 1874 1558 1923; x_wconf 84' lang='lat' dir='ltr'><strong>superioris</strong></span> 
     </span>
     <span class='ocr_line' id='line_1_67' title="bbox 896 1929 1556 1980; baseline 0.003 -16"><span class='ocrx_word' id='word_1_313' title='bbox 896 1930 986 1965; x_wconf 81' lang='lat' dir='ltr'><strong>Axii</strong></span> <span class='ocrx_word' id='word_1_314' title='bbox 1016 1929 1256 1979; x_wconf 78' lang='lat' dir='ltr'><strong>regionibus,</strong></span> <span class='ocrx_word' id='word_1_315' title='bbox 1289 1929 1355 1965; x_wconf 87' lang='lat' dir='ltr'><strong>ubi</strong></span> <span class='ocrx_word' id='word_1_316' title='bbox 1386 1943 1406 1965; x_wconf 94' lang='lat' dir='ltr'><strong>e</strong></span> <span class='ocrx_word' id='word_1_317' title='bbox 1434 1931 1556 1980; x_wconf 85' lang='lat' dir='ltr'><strong>prisco</strong></span> 
     </span>
     <span class='ocr_line' id='line_1_68' title="bbox 894 1985 1558 2036; baseline 0.003 -15"><span class='ocrx_word' id='word_1_318' title='bbox 894 1992 1068 2036; x_wconf 84' lang='lat' dir='ltr'><strong>tempore</strong></span> <span class='ocrx_word' id='word_1_319' title='bbox 1094 1987 1295 2022; x_wconf 79' lang='lat' dir='ltr'><strong>Paeonum</strong></span> <span class='ocrx_word' id='word_1_320' title='bbox 1310 1986 1416 2022; x_wconf 83' lang='lat' dir='ltr'><strong>fuere</strong></span> <span class='ocrx_word' id='word_1_321' title='bbox 1437 1985 1558 2023; x_wconf 82' lang='lat' dir='ltr'><strong>sedes.</strong></span> 
     </span>
    </p>
   </div>
   <div class='ocr_carea' id='block_1_15' title="bbox 893 2060 1557 2850">
    <p class='ocr_par' dir='ltr' id='par_1_15' title="bbox 893 2060 1557 2850">
     <span class='ocr_line' id='line_1_69' title="bbox 953 2060 1557 2116; baseline 0.002 -13"><span class='ocrx_word' id='word_1_322' title='bbox 953 2062 1018 2104; x_wconf 77' lang='grc' dir='ltr'><strong>ἐπὶ</strong></span> <span class='ocrx_word' id='word_1_323' title='bbox 1065 2060 1244 2115; x_wconf 84' lang='grc' dir='ltr'><strong><em>ποταμὸν</em></strong></span> <span class='ocrx_word' id='word_1_324' title='bbox 1283 2060 1557 2116; x_wconf 81' lang='grc' dir='ltr'><strong><em>Ἐχείδωρον]</em></strong></span> 
     </span>
     <span class='ocr_line' id='line_1_70' title="bbox 893 2119 1556 2171; baseline 0.002 -14"><span class='ocrx_word' id='word_1_325' title='bbox 893 2122 951 2157; x_wconf 90' lang='lat' dir='ltr'><strong>Ita</strong></span> <span class='ocrx_word' id='word_1_326' title='bbox 972 2127 1008 2157; x_wconf 85' lang='lat' dir='ltr'><strong>et</strong></span> <span class='ocrx_word' id='word_1_327' title='bbox 1029 2119 1068 2159; x_wconf 88' lang='lat' dir='ltr'><strong>h.</strong></span> <span class='ocrx_word' id='word_1_328' title='bbox 1089 2122 1114 2160; x_wconf 90' lang='lat' dir='ltr'><strong>l.</strong></span> <span class='ocrx_word' id='word_1_329' title='bbox 1139 2129 1174 2158; x_wconf 90' lang='lat' dir='ltr'><strong>et</strong></span> <span class='ocrx_word' id='word_1_330' title='bbox 1194 2121 1277 2169; x_wconf 87' lang='lat' dir='ltr'><strong>VII,</strong></span> <span class='ocrx_word' id='word_1_331' title='bbox 1298 2124 1377 2163; x_wconf 79' lang='lat'><strong>127</strong></span> <span class='ocrx_word' id='word_1_332' title='bbox 1398 2121 1556 2171; x_wconf 86' lang='lat' dir='ltr'><strong>editum,</strong></span> 
     </span>
     <span class='ocr_line' id='line_1_71' title="bbox 895 2178 1555 2230; baseline 0.003 -17"><span class='ocrx_word' id='word_1_333' title='bbox 895 2191 984 2214; x_wconf 89' lang='lat' dir='ltr'><strong>cum</strong></span> <span class='ocrx_word' id='word_1_334' title='bbox 1003 2178 1089 2214; x_wconf 86' lang='lat' dir='ltr'><strong>libri</strong></span> <span class='ocrx_word' id='word_1_335' title='bbox 1109 2179 1250 2215; x_wconf 83' lang='lat' dir='ltr'><strong>ferrent</strong></span> <span class='ocrx_word' id='word_1_336' title='bbox 1263 2179 1482 2230; x_wconf 81' lang='grc' dir='ltr'><strong><em>Χείδωρον.</em></strong></span> <span class='ocrx_word' id='word_1_337' title='bbox 1512 2181 1555 2216; x_wconf 88' lang='lat' dir='ltr'><strong>Iu</strong></span> 
     </span>
     <span class='ocr_line' id='line_1_72' title="bbox 895 2231 1557 2287; baseline 0.005 -16"><span class='ocrx_word' id='word_1_338' title='bbox 895 2235 1055 2286; x_wconf 86' lang='lat' dir='ltr'><strong>Scylace</strong></span> <span class='ocrx_word' id='word_1_339' title='bbox 1075 2235 1101 2272; x_wconf 90' lang='lat' dir='ltr'><strong>l.</strong></span> <span class='ocrx_word' id='word_1_340' title='bbox 1122 2235 1147 2272; x_wconf 91' lang='lat' dir='ltr'><strong>l.</strong></span> <span class='ocrx_word' id='word_1_341' title='bbox 1169 2248 1272 2271; x_wconf 85' lang='lat' dir='ltr'><strong>nunc</strong></span> <span class='ocrx_word' id='word_1_342' title='bbox 1299 2234 1424 2272; x_wconf 84' lang='lat' dir='ltr'><strong>editur</strong></span> <span class='ocrx_word' id='word_1_343' title='bbox 1442 2231 1557 2287; x_wconf 73' lang='grc' dir='ltr'>Ἐχέ-</span> 
     </span>
     <span class='ocr_line' id='line_1_73' title="bbox 897 2290 1557 2343; baseline -0.002 -13"><span class='ocrx_word' id='word_1_344' title='bbox 897 2291 1047 2343; x_wconf 82' lang='grc' dir='ltr'><strong><em>δωρος,</em></strong></span> <span class='ocrx_word' id='word_1_345' title='bbox 1078 2290 1182 2343; x_wconf 87' lang='lat' dir='ltr'><strong>quod</strong></span> <span class='ocrx_word' id='word_1_346' title='bbox 1212 2293 1253 2328; x_wconf 90' lang='lat' dir='ltr'><strong>in</strong></span> <span class='ocrx_word' id='word_1_347' title='bbox 1272 2290 1468 2329; x_wconf 85' lang='lat' dir='ltr'><strong>Herodoto</strong></span> <span class='ocrx_word' id='word_1_348' title='bbox 1498 2299 1557 2329; x_wconf 82' lang='lat' dir='ltr'><strong>et-</strong></span> 
     </span>
     <span class='ocr_line' id='line_1_74' title="bbox 893 2349 1557 2399; baseline 0.005 -16"><span class='ocrx_word' id='word_1_349' title='bbox 893 2349 973 2384; x_wconf 87' lang='lat' dir='ltr'><strong>iam</strong></span> <span class='ocrx_word' id='word_1_350' title='bbox 1009 2350 1234 2399; x_wconf 84' lang='lat' dir='ltr'><strong>rescriptum</strong></span> <span class='ocrx_word' id='word_1_351' title='bbox 1258 2349 1430 2386; x_wconf 83' lang='lat' dir='ltr'><strong>voluerat</strong></span> <span class='ocrx_word' id='word_1_352' title='bbox 1459 2349 1557 2386; x_wconf 88' lang='lat' dir='ltr'><strong>Vos-</strong></span> 
     </span>
     <span class='ocr_line' id='line_1_75' title="bbox 893 2404 1557 2456; baseline 0.003 -16"><span class='ocrx_word' id='word_1_353' title='bbox 893 2406 981 2452; x_wconf 84' lang='lat' dir='ltr'><strong>sius,</strong></span> <span class='ocrx_word' id='word_1_354' title='bbox 992 2404 1187 2443; x_wconf 82' lang='lat' dir='ltr'><strong>firmatum</strong></span> <span class='ocrx_word' id='word_1_355' title='bbox 1200 2407 1423 2442; x_wconf 87' lang='lat' dir='ltr'><strong>auctoritate</strong></span> <span class='ocrx_word' id='word_1_356' title='bbox 1435 2406 1557 2456; x_wconf 83' lang='lat' dir='ltr'><strong>Apol-</strong></span> 
     </span>
     <span class='ocr_line' id='line_1_76' title="bbox 896 2460 1557 2513; baseline 0.002 -17"><span class='ocrx_word' id='word_1_357' title='bbox 896 2460 1076 2509; x_wconf 84' lang='lat' dir='ltr'><strong>lodor.II‚</strong></span> <span class='ocrx_word' id='word_1_358' title='bbox 1092 2462 1115 2502; x_wconf 87' lang='grc'><em>5</em></span> <span class='ocrx_word' id='word_1_359' title='bbox 1130 2464 1167 2508; x_wconf 65' lang='grc' dir='ltr'><strong>ξ.</strong></span> <span class='ocrx_word' id='word_1_360' title='bbox 1187 2465 1227 2502; x_wconf 87' lang='grc'><strong>11</strong></span> <span class='ocrx_word' id='word_1_361' title='bbox 1246 2463 1417 2513; x_wconf 80' lang='lat' dir='ltr'><strong>Etymol.</strong></span> <span class='ocrx_word' id='word_1_362' title='bbox 1428 2464 1557 2512; x_wconf 83' lang='lat' dir='ltr'><strong>Magn.</strong></span> 
     </span>
     <span class='ocr_line' id='line_1_77' title="bbox 897 2517 1556 2567; baseline 0.002 -15"><span class='ocrx_word' id='word_1_363' title='bbox 897 2529 926 2553; x_wconf 87' lang='lat' dir='ltr'><strong>s.</strong></span> <span class='ocrx_word' id='word_1_364' title='bbox 943 2530 979 2553; x_wconf 86' lang='lat' dir='ltr'><strong>v.</strong></span> <span class='ocrx_word' id='word_1_365' title='bbox 1000 2531 1039 2567; x_wconf 90' lang='lat' dir='ltr'><strong>p.</strong></span> <span class='ocrx_word' id='word_1_366' title='bbox 1068 2517 1150 2559; x_wconf 80' lang='grc'><strong>404</strong></span> <span class='ocrx_word' id='word_1_367' title='bbox 1172 2524 1210 2555; x_wconf 89' lang='lat' dir='ltr'><strong>et</strong></span> <span class='ocrx_word' id='word_1_368' title='bbox 1239 2519 1452 2556; x_wconf 80' lang='lat' dir='ltr'><strong>Ptolemaei</strong></span> <span class='ocrx_word' id='word_1_369' title='bbox 1473 2518 1556 2554; x_wconf 89' lang='lat' dir='ltr'><strong>coll.</strong></span> 
     </span>
     <span class='ocr_line' id='line_1_78' title="bbox 896 2573 1557 2626; baseline 0.003 -19"><span class='ocrx_word' id='word_1_370' title='bbox 896 2573 1084 2610; x_wconf 84' lang='lat' dir='ltr'><strong>Mannert.</strong></span> <span class='ocrx_word' id='word_1_371' title='bbox 1104 2575 1173 2611; x_wconf 92' lang='lat' dir='ltr'><strong>VII</strong></span> <span class='ocrx_word' id='word_1_372' title='bbox 1193 2588 1230 2625; x_wconf 90' lang='lat' dir='ltr'><strong>p.</strong></span> <span class='ocrx_word' id='word_1_373' title='bbox 1250 2574 1332 2615; x_wconf 84' lang='lat'><strong>474</strong></span> <span class='ocrx_word' id='word_1_374' title='bbox 1354 2588 1432 2626; x_wconf 88' lang='lat' dir='ltr'><strong>seq.</strong></span> <span class='ocrx_word' id='word_1_375' title='bbox 1463 2574 1557 2609; x_wconf 90' lang='lat' dir='ltr'><strong>Flu-</strong></span> 
     </span>
     <span class='ocr_line' id='line_1_79' title="bbox 895 2629 1556 2680; baseline -0.002 -14"><span class='ocrx_word' id='word_1_376' title='bbox 895 2629 948 2666; x_wconf 83' lang='lat' dir='ltr'><strong>vii</strong></span> <span class='ocrx_word' id='word_1_377' title='bbox 981 2642 1002 2665; x_wconf 90' lang='lat' dir='ltr'><strong>e</strong></span> <span class='ocrx_word' id='word_1_378' title='bbox 1032 2630 1249 2668; x_wconf 82' lang='lat' dir='ltr'><strong>Crestonica</strong></span> <span class='ocrx_word' id='word_1_379' title='bbox 1277 2638 1376 2667; x_wconf 86' lang='lat' dir='ltr'><strong>terra</strong></span> <span class='ocrx_word' id='word_1_380' title='bbox 1416 2642 1556 2680; x_wconf 86' lang='lat' dir='ltr'><strong>prove—</strong></span> 
     </span>
     <span class='ocr_line' id='line_1_80' title="bbox 896 2686 1556 2724; baseline 0 -4"><span class='ocrx_word' id='word_1_381' title='bbox 896 2686 1034 2723; x_wconf 85' lang='lat' dir='ltr'><strong>nientis</strong></span> <span class='ocrx_word' id='word_1_382' title='bbox 1055 2688 1148 2724; x_wconf 84' lang='lat' dir='ltr'><strong>ostia</strong></span> <span class='ocrx_word' id='word_1_383' title='bbox 1162 2689 1201 2723; x_wconf 90' lang='lat' dir='ltr'><strong>in</strong></span> <span class='ocrx_word' id='word_1_384' title='bbox 1222 2687 1357 2723; x_wconf 86' lang='lat' dir='ltr'><strong>intimo</strong></span> <span class='ocrx_word' id='word_1_385' title='bbox 1378 2687 1480 2722; x_wconf 89' lang='lat' dir='ltr'><strong>sinus</strong></span> <span class='ocrx_word' id='word_1_386' title='bbox 1492 2698 1556 2721; x_wconf 86' lang='lat' dir='ltr'><strong>re-</strong></span> 
     </span>
     <span class='ocr_line' id='line_1_81' title="bbox 897 2743 1555 2795; baseline -0.002 -17"><span class='ocrx_word' id='word_1_387' title='bbox 897 2754 1004 2778; x_wconf 87' lang='lat' dir='ltr'><strong>cessu</strong></span> <span class='ocrx_word' id='word_1_388' title='bbox 1024 2743 1168 2795; x_wconf 85' lang='lat' dir='ltr'><strong>aliquot</strong></span> <span class='ocrx_word' id='word_1_389' title='bbox 1195 2743 1377 2779; x_wconf 87' lang='lat' dir='ltr'><strong>milliariis</strong></span> <span class='ocrx_word' id='word_1_390' title='bbox 1397 2753 1555 2791; x_wconf 86' lang='lat' dir='ltr'><strong>geogra-</strong></span> 
     </span>
     <span class='ocr_line' id='line_1_82' title="bbox 896 2795 1555 2850; baseline 0 -16"><span class='ocrx_word' id='word_1_391' title='bbox 896 2795 1017 2850; x_wconf 80' lang='lat' dir='ltr'><strong>phicis</strong></span> <span class='ocrx_word' id='word_1_392' title='bbox 1053 2800 1101 2837; x_wconf 77' lang='lat' dir='ltr'><strong>ab</strong></span> <span class='ocrx_word' id='word_1_393' title='bbox 1130 2799 1225 2837; x_wconf 88' lang='lat' dir='ltr'><strong>urbe</strong></span> <span class='ocrx_word' id='word_1_394' title='bbox 1265 2796 1555 2836; x_wconf 84' lang='lat' dir='ltr'><strong>Thessalonices</strong></span> 
     </span>
    </p>
   </div>
   <div class='ocr_carea' id='block_1_16' title="bbox 1656 301 1829 392">
    <p class='ocr_par' dir='ltr' id='par_1_16' title="bbox 1656 301 1829 392">
     <span class='ocr_line' id='line_1_83' title="bbox 1656 301 1829 390; baseline -0.007 -23.728"><span class='ocrx_word' id='word_1_395' title='bbox 1656 308 1719 390; x_wconf 52' lang='grc'><strong>331·</strong></span> <span class='ocrx_word' id='word_1_396' title='bbox 1714 301 1759 359; x_wconf 47' lang='lat'><strong>§⁴¹¹⁶</strong></span> <span class='ocrx_word' id='word_1_397' title='bbox 1754 311 1812 365; x_wconf 54' lang='lat' dir='ltr'><strong>Lm</strong></span> <span class='ocrx_word' id='word_1_398' title='bbox 1799 341 1829 358; x_wconf 73' lang='grc' dir='ltr'><strong>Τ</strong></span> 
     </span>
     <span class='ocr_line' id='line_1_84' title="bbox 1709 368 1786 392; baseline 0.017 -1.305"><span class='ocrx_word' id='word_1_399' title='bbox 1709 368 1786 392; x_wconf 73' lang='lat' dir='ltr'><strong>conti</strong></span> 
     </span>
    </p>
   </div>
   <div class='ocr_carea' id='block_1_17' title="bbox 1339 401 1828 482">
    <p class='ocr_par' dir='ltr' id='par_1_17' title="bbox 1353 401 1828 482">
     <span class='ocr_line' id='line_1_85' title="bbox 1561 401 1828 426; baseline 0.016 -4"><span class='ocrx_word' id='word_1_400' title='bbox 1561 405 1598 421; x_wconf 79' lang='lat' dir='ltr'><strong>ne</strong></span> <span class='ocrx_word' id='word_1_401' title='bbox 1602 402 1650 423; x_wconf 73' lang='lat' dir='ltr'><strong>nu·</strong></span> <span class='ocrx_word' id='word_1_402' title='bbox 1654 404 1740 425; x_wconf 81' lang='lat' dir='ltr'><strong>mteu</strong></span> <span class='ocrx_word' id='word_1_403' title='bbox 1745 401 1828 426; x_wconf 58' lang='lat' dir='ltr'><strong>tint</strong></span> 
     </span>
     <span class='ocr_line' id='line_1_86' title="bbox 1339 406 1796 482; baseline 0.007 -25.097"><span class='ocrx_word' id='word_1_404' title='bbox 1339 424 1502 482; x_wconf 70' lang='grc' dir='ltr'><strong><em>Ξέρξης</em></strong></span> <span class='ocrx_word' id='word_1_405' title='bbox 1557 406 1724 459; x_wconf 63' lang='lat' dir='ltr'><strong>Eclnidoru„</strong></span> <span class='ocrx_word' id='word_1_406' title='bbox 1743 433 1796 460; x_wconf 80' lang='lat' dir='ltr'><strong>ssu-</strong></span> 
     </span>
    </p>
   </div>
  </div>
 </body>
</html>
