1897 3340
418 247 504 287 814
805 241 1271 280 HERODOTI

391 352 688 410 4Δημάρητον
718 352 760 403 ἐς
788 352 840 394 τὰ
868 350 1051 406 μάλιστά
1081 352 1123 394 οἱ
1151 349 1322 405 ἐνόμισε
1351 347 1476 394 εἶναι.
1526 351 1673 406 Δημά-

421 437 555 478 ρητον
584 421 629 464 δὲ
660 419 778 476 αὐτῷ
809 418 980 474 οὕνομα
1010 420 1153 472 ἔθετο,
1199 418 1270 462 διὰ
1300 418 1418 461 τόδε·
1455 417 1674 472 πρότερον

421 489 609 541 τούτων,
639 488 852 543 πανδημεὶ
879 491 1154 543 Σπαρτιῆται
1181 485 1427 542 Ἀρίστωνι,
1459 486 1517 536 ὥς
1546 485 1675 540 ἀνδρὶ

416 556 716 612 εὐδοκιμέοντι
756 555 827 598 διὰ
855 553 1030 598 πάντων
1059 555 1111 611 δὴ
1140 559 1227 598 τῶν
1256 554 1467 611 βασιλέων
1505 556 1594 596 τῶν
1624 553 1727 596 ἐν75

417 629 470 682 τῇ
498 623 684 680 Σπάρτῃ
713 623 979 678 γενομένων,
1021 622 1133 679 οἷρὴν
1162 623 1418 679 ἐποιήσαντο
1449 622 1583 665 παῖδα
1611 636 1676 675 γε·
1858 642 1859 651 *
1896 647 1897 678 η

420 693 596 735 νέσθαι·
648 691 720 733 διὰ
758 693 888 732 τοῦτο
925 690 1004 744 μέν
1043 693 1087 734 οἱ
1123 690 1172 734 τὸ
1215 692 1384 746 οὔνομα
1415 688 1674 745 Δημάρητος

419 759 556 814 ἐτέθη.
624 757 802 811 Χρόνου
841 757 886 801 δὲ
917 758 1174 811 προϊόντος,
1210 757 1418 812 Ἀρίστων
1461 758 1539 813 μὲν
1579 754 1675 798 ἀπέ-

419 833 552 877 θανε,
595 823 855 880 Δημάρητος
891 825 936 867 δὲ
973 826 1064 881 ἔσχε
1092 827 1171 881 τὴν
1203 829 1445 881 βασιληΐην.
1496 825 1584 868 ἔδεε
1614 822 1674 875 δὲ,

419 893 478 944 ὠς
519 893 652 941 ἔοικε,
703 891 931 935 ἀνάπυστα
968 892 1179 948 γενόμενα
1215 896 1352 935 ταῦτα
1399 895 1730 935 καταπαῦσαιὲο

420 959 690 1016 Δημάρητον
727 962 801 1015 τῆς
837 962 1081 1015 βασιληίης,
1120 959 1190 1004 διά
1228 960 1281 1003 τὰ
1323 961 1556 1015 Κλεομένεϊ
1592 961 1674 1002 διε·-

419 1028 562 1083 βλὴθη
602 1025 798 1082 μεγάλως
838 1026 1054 1083 πρότερόν
1083 1044 1128 1072 τε
1169 1027 1193 1072 ὁ
1222 1027 1483 1084 Δημάρητος
1513 1024 1675 1082 ἀπαγα-

293 759 360 806 64

92 825 158 858 Quo
183 827 346 859 praetextu

91 864 178 884 utens
192 859 328 885 Cleome-

90 900 157 924 nes,
178 892 281 919 auidus
297 893 360 919 vin-

91 924 244 956 dictaeffl»
270 926 345 952 iniu-

90 958 167 985 riam
190 959 246 986 sibi
266 959 296 986 ἰιι
315 967 366 985 ex-

91 993 246 1027 peditione
262 996 291 1019 et
311 995 360 1019 At-

90 1025 154 1052 tica
173 1026 212 1059 ff),
235 1026 292 1060 Tin]
315 1029 346 1053 et

91 1059 267 1095 Aeginetica
288 1060 329 1095 [c.

366 1211 409 1251 οἷ
425 1207 572 1260 ἐνόμιζε
598 1205 702 1250 εἶναι
730 1210 831 1248 conf.
851 1216 947 1247 nott.
970 1209 1020 1247 ad

362 1270 393 1316 Ι,
415 1267 479 1314 34,
501 1280 550 1304 ne
571 1268 692 1317 plura.

420 1321 665 1374 Δημάρητον
685 1321 727 1362 δὲ
739 1318 848 1377 αὐτῷ
864 1319 1019 1372 οὕνομα

339 1413 342 1417 .
365 1378 508 1428 ἔθετο]
551 1380 633 1424 Quo
674 1379 830 1431 quidem
862 1381 1019 1416 nomine

367 1436 557 1474 declarare
576 1437 696 1473 voluit
722 1437 817 1473 Votis
826 1436 950 1486 populi
961 1448 1020 1472 ex-

360 1495 521 1544 petitum.
543 1494 626 1529 Hoc
646 1494 748 1528 enim
760 1506 837 1529 vox
847 1493 1022 1529 Demara-

364 1553 398 1586 tz'
413 1556 534 1586 sonat.
568 1549 625 1585 Cf.
638 1550 718 1593 VH,
743 1551 834 1588 101.
867 1550 1022 1599 Spectat

363 1604 440 1642 huc
468 1604 641 1641 Eustath.
665 1604 736 1644 Od.
757 1618 795 1654 p.
820 1605 936 1651 1567,
967 1604 1020 1644 55

365 1661 453 1700 coll.
465 1660 512 1697 ad
528 1661 571 1697 ll.
587 1674 625 1710 p.
641 1663 759 1705 1116,
782 1663 836 1700 62
855 1673 883 1698 s,
902 1661 1020 1707 1157,

364 1719 418 1757 26
440 1724 476 1753 et
499 1716 547 1753 ad
579 1716 710 1766 Odyss.
741 1717 812 1759 III,
832 1714 912 1755 414
933 1728 1020 1765 pag.

368 1774 448 1814 135
486 1775 573 1810 Bas.
620 1774 854 1822 Longiorem
892 1772 1021 1808 locum

364 1829 492 1865 Procli
520 1828 653 1866 inediti
672 1828 719 1865 de
740 1829 842 1865 vario
862 1829 1019 1864 uomina

364 1884 588 1936 imponendi
608 1898 747 1936 genere
767 1898 810 1920 ac
830 1883 947 1921 modo
961 1891 1020 1920 at—

365 1942 452 1979 tulit
492 1943 666 1978 Creuzer.
706 1943 745 1977 iu
785 1942 1017 1979 Commentt.

366 1997 535 2036 Herodd.
557 2012 644 2049 pag.
662 2000 757 2044 227,
778 1998 843 2049 qui
857 1995 960 2033 idem
979 1998 1020 2033 in

363 2055 461 2092 libro
488 2057 545 2090 De
576 2062 653 2090 arte
673 2053 803 2091 histor.
824 2055 1019 2092 Graecorr.

365 2123 454 2160 pag.
476 2111 529 2151 52
559 2111 721 2147 Graecos
744 2111 783 2145 iu
803 2110 1021 2146 nominibus

366 2166 605 2216 imponendis
626 2166 664 2202 id
678 2167 900 2216 plerumque
911 2178 1022 2202 secu-

367 2229 425 2259 tos
447 2236 524 2258 esse
541 2224 603 2269 ait,
624 2230 665 2259 ut
675 2225 755 2272 ipso
767 2223 1020 2257 nomineme—

366 2280 489 2314 moria
519 2279 675 2315 alicuius
696 2279 749 2314 rei
777 2290 1020 2314 conservare-

368 2340 432 2371 tur
462 2341 498 2371 et
529 2333 576 2370 ad
605 2335 859 2384 posteritatem
880 2346 1020 2384 propa-

367 2397 533 2440 garetur,
550 2391 609 2427 vel
627 2392 739 2441 ipsius
760 2390 910 2426 infantis
931 2403 1023 2426 con-

369 2446 461 2483 ditio
500 2448 625 2482 futura
667 2448 924 2496 respiceretur.
966 2466 1023 2473 -

368 2503 461 2538 Mox
483 2502 569 2539 dedi
590 2499 740 2541 τούτων
774 2509 809 2538 et
831 2499 1021 2552 βασιλέων

369 2571 439 2608 pro
477 2555 628 2598 τούτων
668 2566 705 2595 et
728 2554 944 2608 βασιλήων.
964 2579 1020 2584 -

369 2614 431 2651 Ad
456 2616 686 2652 locutionem
706 2611 770 2654 διὰ
791 2610 952 2653 πάντων
973 2614 1022 2651 cf.

369 2672 400 2720 1,
420 2671 487 2712 25.
507 2672 551 2719 V,
572 2674 623 2711 67
644 2673 734 2723 ibiq.
759 2678 855 2707 nott.

428 2723 531 2778 ἀρὴν
543 2724 797 2778 ἐποιήσαντο]
813 2724 1023 2763 CitntTho-

368 2794 451 2821 mas
479 2785 581 2834 Mag.
611 2797 649 2834 p.
683 2787 759 2825 108
787 2784 1022 2834 probaturus,

371 2836 476 2892 οἷροὶν
497 2853 576 2878 uon
603 2841 727 2878 solum
747 2853 826 2878 esse
846 2836 1021 2890 κατάραν

1074 1223 1210 1247 verum
1245 1212 1359 1247 etiam
1390 1206 1510 1261 εὐχήν
1540 1205 1728 1259 (votum).

1074 1268 1173 1303 Hinc
1203 1267 1305 1317 apud
1332 1266 1496 1318 Hesych.
1529 1268 1546 1302 l
1565 1279 1602 1316 p.
1625 1265 1728 1307 507:

1075 1317 1175 1377 ἆρά·
1198 1320 1306 1375 εὐχή,
1337 1321 1509 1375 κατάρα,
1531 1318 1676 1373 βλαβή.

1282 1425 1374 1476 Cap.
1395 1425 1532 1461 LXIV.

1133 1492 1215 1532 ἔδεε
1234 1490 1276 1532 δὲ
1291 1492 1626 1540 -καταπαῦσαι]
1648 1491 1673 1528 i.
1695 1503 1730 1528 e.

1078 1551 1114 1587 in
1129 1550 1238 1599 fati-e,
1268 1554 1309 1586 ut
1329 1550 1480 1596 videtur,
1504 1551 1732 1585 constitutum

1077 1609 1166 1652 erat,
1185 1610 1226 1642 ut
1247 1606 1344 1652 haec,
1367 1607 1430 1641 ubi
1443 1608 1586 1653 cognita
1607 1607 1732 1650 essent,

1077 1675 1184 1709 regno
1199 1665 1362 1698 exuerent
1382 1661 1623 1698 Demaratum.
1665 1660 1730 1696 Sic

1077 1717 1158 1756 ἔδεε
1172 1718 1217 1765 V,
1240 1720 1293 1759 92
1309 1719 1346 1763 ξ.
1367 1716 1413 1764 4,
1442 1717 1507 1753 ubi
1528 1716 1603 1754 vid.
1633 1722 1731 1752 nott.

1079 1769 1288 1812 ἀνάπυστα
1333 1773 1472 1810 eodem
1509 1785 1621 1809 sensu
1660 1774 1730 1819 IX,

1079 1832 1170 1869 109.
1190 1829 1255 1876 V1‚·
1276 1832 1329 1870 66
1343 1858 1354 1877 ,
1392 1831 1458 1865 ubi
1483 1829 1733 1865 Homericum

1076 1893 1191 1937 atque
1226 1884 1437 1936 Orphicum
1458 1884 1530 1922 hoc
1552 1898 1630 1922 esse
1660 1885 1732 1921 ob-

1074 1949 1197 1979 servat
1209 1943 1382 1982 Creuzer,
1399 1942 1551 1979 Comm.
1561 1939 1730 1980 Herodd.

1075 2012 1113 2049 p.
1143 2001 1221 2038 231
1255 1999 1370 2035 citans
1392 2000 1547 2035 Gesner.
1576 2005 1612 2035 et
1632 1999 1732 2034 Her-

1075 2067 1208 2091 mann.
1222 2054 1270 2090 ad
1283 2053 1422 2104 Orphei
1432 2056 1622 2105 Arg0n.(1
1633 2050 1729 2105 159)

1080 2112 1200 2150 1166.
1228 2110 1402 2148 Eustath.
1434 2110 1481 2147 ad
1511 2110 1644 2161 Odyss.
1661 2110 1730 2156 XI,

1077 2164 1159 2208 274
1180 2179 1217 2216 p.
1237 2165 1318 2206 434
1339 2167 1424 2203 insr.
1444 2169 1530 2204 Bas.
1552 2175 1588 2203 et
1608 2167 1732 2216 Apol-

1076 2222 1154 2258 lou.
1176 2224 1271 2258 Lex.
1285 2224 1440 2259 Homer.
1461 2237 1499 2273 p.
1525 2223 1602 2264 135
1624 2223 1730 2259 Toll-

1075 2278 1166 2328 ibiq.
1181 2279 1322 2317 villois.

1134 2331 1199 2372 διά
1233 2331 1280 2372 τά
1299 2354 1355 2362 -
1374 2330 1597 2384 διεβλήθη]
1638 2333 1663 2370 i.
1694 2345 1729 2370 e.

1080 2392 1164 2438 quia
1177 2390 1346 2427 Cleomeni
1360 2391 1463 2428 valde
1482 2390 1632 2439 offensus
1652 2392 1729 2426 erat

1078 2447 1312 2492 Demaratus,
1365 2452 1438 2484 tum
1472 2449 1598 2498 prins,
1639 2445 1733 2495 quod

1077 2505 1264 2540 osa-ercitum
1285 2503 1456 2540 Eleusine
1491 2503 1551 2540 ille
1573 2502 1730 2539 abduxe-

1075 2563 1132 2596 rat
1155 2560 1282 2608 (Cous.
1305 2559 1349 2606 V,
1371 2561 1455 2610 75),
1486 2563 1558 2596 tum
1583 2571 1662 2595 vero
1677 2561 1730 2594 et-

1080 2617 1151 2652 iam
1182 2616 1241 2652 illo
1276 2618 1349 2665 ipso
1376 2620 1522 2665 tempore
1558 2615 1638 2663 (Vl,
1661 2614 1726 2654 51.

1079 2672 1165 2719 (51),
1185 2686 1250 2721 quo
1274 2672 1463 2709 Cleomenes
1481 2670 1727 2708 adversusAe-

1077 2730 1230 2776 ginetas,
1251 2731 1313 2779 qui
1328 2727 1516 2765 Persarum
1532 2731 1652 2778 partes
1673 2739 1725 2763 ce-

1075 2788 1225 2833 perant,
1272 2787 1469 2821 traiecerat.
1538 2783 1728 2821 sancroffi

1077 2840 1172 2878 liber
1204 2839 1357 2878 exhibet
1393 2838 1459 2880 διά
1488 2838 1548 2889 τό,
1595 2841 1730 2892 reliqui
