1897 3340
520 224 990 263 POLYMNIA.
1050 223 1149 261 V11.

1375 233 1459 270 6⁴3

195 335 248 379 vd
277 335 356 379 τὸν
389 336 762 390 Πελοποννησίων
782 333 856 376 καὶ
883 331 1133 387 Ἀθηναίων
1154 330 1370 386 πόλεμον,
1402 336 1459 386 ὠς

197 404 371 459 λέγουσι
409 402 759 457 Λακεδαιμόνιοι.

171 478 337 514 3τατον
378 473 580 527 φαίνεται
617 469 835 524 γενέσθαι.

826 398 957 444 τοῦτό
996 416 1072 454 μοι
1111 399 1159 442 ἐν
1197 404 1310 441 τοῖσι
1347 401 1517 444 θεώ-35

905 465 971 511 ὅτι
1009 466 1088 522 μὲν
1116 465 1202 522 γὰρ
1221 467 1461 523 κατέσκηψε

198 539 240 590 ἐς
281 537 492 594 ἀγγέλους
532 536 559 593 ἡ
605 538 860 592 Ταλθυβίου
905 539 1057 592 μῆνις,
1098 532 1201 578 οὐδὲ
1241 533 1464 578 ἐπαύσατο

196 607 300 660 πρὶν
328 606 355 661 ἢ
385 607 557 662 ἐξῆλθε,
590 604 638 647 τό
671 606 845 647 δίκαιον
876 603 992 648 οὕτω
1019 605 1168 660 ἔφερε·
1199 601 1249 645 τὸ
1280 603 1327 646 δὲ
1358 615 1465 659 συμ-

192 679 344 732 πεσεῖνΥ
359 675 400 725 ἐς
427 673 528 723 τούς
548 673 708 723 παῖδας
736 676 825 716 τῶν
847 670 1024 726 ἀνδρῶν
1053 670 1223 716 τούτων
1242 674 1332 713 τῶν
1356 670 1464 714 ἅνα-

193 742 368 797 βοὶντων
405 740 518 795 πρὸς
564 740 743 797 βασιλέα
773 740 844 784 διά
878 742 956 796 τὴν
986 743 1136 797 μῆνιν,
1188 738 1231 789 ἐς
1261 738 1461 782 Νικόλαν

195 825 240 852 τε
276 807 354 852 τὸν
393 807 606 861 Βούλιος,
636 809 707 851 καὶ
742 808 785 860 ἐς
808 807 1064 864 Ἀνήριστον
1103 806 1183 849 τόν
1214 809 1459 860 Σπερθίεω,
1474 814 1520 848 90

194 875 245 928 ὃς
285 873 369 920 εἷλε
399 874 544 929 ἁλιέας
574 877 677 928 τούς
706 875 752 919 ἐκ
779 877 1017 930 Τίρυνθος,
1049 874 1205 918 ὁλκάδι
1233 874 1463 918 καταπλώ-

132 1085 373 1135 gitationem,
404 1086 480 1137 quai
511 1085 740 1123 admirabilis
762 1088 795 1122 ei

133 1149 170 1178 et
190 1155 211 1178 a
231 1143 381 1192 vulgari
400 1156 527 1179 rerum
550 1142 682 1179 ordine
705 1144 795 1179 alie-

133 1211 184 1234 na
213 1200 401 1236 tribuatur
429 1201 509 1237 vim
538 1213 646 1236 suam
685 1214 797 1237 exse-

133 1255 241 1291 rendi
278 1257 384 1293 ratio.
451 1258 578 1307 Atque
613 1256 702 1294 hinc
724 1270 797 1294 no-

131 1318 252 1349 strum
264 1313 393 1350 locum
404 1314 564 1363 intelligi
575 1315 666 1361 vult,
680 1327 796 1366 quem

131 1367 342 1407 Larcherus
384 1369 704 1407 Valckenaerium
734 1384 796 1407 se-

133 1432 242 1463 cutus
263 1440 465 1478 perperam
479 1428 622 1464 Gallice
643 1429 693 1464 ita
707 1427 797 1464 red-

133 1481 255 1520 didit:
276 1484 321 1533 je
339 1496 379 1523 ne
405 1488 525 1522 trouve
542 1485 633 1521 <lans
655 1486 796 1522 cete've-

131 1544 267 1577 nement
288 1542 363 1578 rien
383 1541 425 1579 de
448 1542 545 1579 divin
557 1555 569 1586 ,·
583 1544 606 1561 “
659 1542 795 1579 melius

133 1597 249 1633 Miot:
293 1601 325 1634 et
359 1597 387 1634 il
424 1599 546 1635 semble
566 1598 652 1648 qa’il
673 1602 730 1635 eut
753 1612 795 1635 en

136 1653 212 1690 cela
247 1667 315 1692 une
345 1658 435 1692 sorte
466 1655 508 1692 (le
537 1654 691 1705 fatalite'
720 1656 797 1692 bien

133 1710 423 1748 extraordinaire.
451 1712 520 1749 Cr.
542 1713 706 1748 conferri
734 1714 796 1748 iu-

132 1767 198 1803 bet
218 1768 340 1805 Wolf.
371 1767 418 1804 ad
438 1770 542 1805 Reiz.
566 1771 621 1805 De
643 1769 796 1820 prosod-

135 1823 272 1861 Graec.
304 1832 448 1862 accent.
475 1826 604 1864 inclin.
622 1838 710 1876 pag.
727 1828 795 1865 23.

134 1878 197 1916 Ad
217 1881 379 1918 verbum
393 1880 619 1931 κατέσκηψε
639 1881 716 1918 vid.
740 1883 798 1918 al-

133 1937 211 1973 lata
228 1936 275 1974 ad
298 1938 377 1984 vll,
415 1937 492 1978 134
529 1945 566 1974 et
588 1938 636 1975 ad
652 1938 796 1990 ἐξῆλθε

133 2000 230 2031 nott.
253 1992 301 2030 ad
320 1995 384 2042 Vi,
407 1996 474 2034 80.

191 2047 405 2090 τὸδίκαιον
417 2047 522 2089 οὕτω
538 2048 676 2102 ἔφερε]
701 2050 796 2095 Qui-

135 2104 226 2144 dam
258 2108 344 2144 iibri
376 2106 548 2159 ἐφέρετο.
611 2106 690 2144 Sed
718 2106 797 2144 vid.

133 2170 231 2201 nott.
254 2164 301 2201 ad
322 2165 366 2213 V,
388 2164 454 2206 58.
512 2165 556 2200 In
579 2177 685 2216 seqq.
709 2163 797 2200 ded-i

133 2215 307 2267 τούτων,
342 2234 410 2271 pro
430 2219 622 2268 τουτέων,
665 2216 797 2259 αὐτῶν

134 2289 203 2327 pro
240 2272 392 2315 αὐτέων
423 2284 459 2314 et
491 2275 587 2328 πρὸς
623 2275 798 2328 βασιλέα,

135 2333 202 2369 ubi
229 2331 266 2379 ἒς
285 2333 455 2383 βασιλῆα
474 2333 629 2370 dederat
650 2333 798 2371 Schne-

135 2389 236 2426 ferus
259 2402 279 2424 e
299 2389 491 2425 Sancrofti
510 2391 618 2427 libro.
639 2390 797 2427 Bekke-

136 2458 200 2483 rus
239 2444 412 2481 exhibuit
463 2445 500 2492 ἐς
538 2445 712 2496 βασιλέα.
744 2469 795 2474 —-

136 2501 199 2539 Ad
216 2504 473 2540 accusativum
506 2500 688 2541 Νικόλαν
719 2502 797 2540 vid.

135 2558 271 2596 matth.
293 2561 360 2596 Gr.
382 2560 447 2595 Gr.
470 2559 506 2603 ξ.
528 2557 581 2598 49
602 2572 639 2608 p.
666 2561 755 2598 116.

195 2612 241 2662 ὃς
270 2612 348 2655 εἷλε
377 2613 509 2661 ἀλιέας
533 2611 627 2660 τούς
662 2612 703 2652 ἐκ
731 2614 800 2652 Τί·-

141 2676 297 2724 ρυνθος
320 2687 357 2711 κ.
378 2686 410 2710 τ.
435 2673 488 2719 λ.]
525 2671 550 2707 i.
571 2684 603 2708 e.
629 2672 691 2719 qui
710 2672 800 2720 cepit

134 2731 325 2778 piscatores
358 2728 565 2778 Tiryntliios
595 2728 681 2763 navi
720 2739 799 2763 one-

139 2787 239 2822 raria
258 2785 355 2833 (non
370 2792 451 2822 tam
462 2784 651 2821 mercibus
662 2783 797 2834 quam)

138 2843 225 2878 viris
271 2842 404 2892 repleta
443 2841 621 2878 accedens.
690 2840 798 2876 Ean.—

854 1082 944 1121 dem
984 1096 1067 1119 rem
1096 1095 1275 1120 enarrans
1312 1085 1350 1120 Τ
1354 1082 1520 1135 hucydi-

854 1140 918 1179 des
949 1141 995 1187 ΙΙ,
1028 1142 1079 1180 67
1110 1152 1188 1175 non
1224 1143 1417 1190 piscatores
1459 1140 1519 1178 di-

854 1199 904 1235 cit
936 1196 1003 1234 sed
1042 1200 1248 1234 mercatores
1292 1194 1519 1250 (ἐμπόρους

850 1253 1082 1305 Ἀθηναίων
1095 1252 1254 1292 καὶτῶν
1270 1250 1518 1306 ξυμμάχων),

855 1324 949 1363 quos
971 1309 1048 1347 unzi
1070 1323 1159 1346 cum
1179 1311 1338 1347 navibus
1354 1312 1520 1348 interce-

854 1375 937 1419 ptos
953 1370 1124 1404 Lacones
1145 1368 1415 1407 interfeceriilt.
1447 1370 1520 1405 [ta-

853 1438 929 1477 que
950 1426 988 1461 in
1009 1423 1206 1461 Herodoto
1236 1423 1372 1471 οὲλιέας
1391 1429 1533 1461 muta-⁶

854 1489 938 1518 tum
972 1482 1176 1518 voluerunt
1204 1482 1243 1517 in
1276 1479 1446 1529 Ἀλιεῖς,
1477 1489 1520 1519 ut

852 1539 1041 1576 Halienses
1060 1539 1379 1588 intelligerentur,
1410 1551 1519 1576 oram

854 1596 1112 1646 Peloponnesi
1140 1594 1355 1632 habitantes
1400 1609 1519 1647 prope

854 1654 1106 1688 Hei-inionem
1136 1650 1432 1703 Tirynthiorum
1452 1666 1521 1689 co·-

854 1710 953 1754 loni3
1007 1710 1086 1757 (cf.
1117 1707 1341 1760 Thucydid.
1375 1710 1404 1756 I,
1440 1709 1518 1749 105

854 1767 984 1818 ibique
994 1767 1133 1803 Wasse
1145 1765 1161 1814 )
1175 1779 1184 1811 ς
1203 1767 1268 1817 qui
1287 1773 1416 1802 tamen
1430 1778 1520 1801 cum

853 1823 925 1873 ipsi
944 1825 984 1859 in
1014 1823 1293 1872 Spartanorum
1315 1829 1437 1858 essent
1459 1821 1518 1858 di-

852 1881 983 1926 tione,
1016 1877 1218 1916 concidere
1246 1877 1348 1915 hauc
1382 1891 1517 1914 emen—

855 1935 1049 1972 dationem
1071 1942 1239 1985 apparet.
1297 1936 1431 1989 Itaque
1462 1942 1516 1972 et-

853 1993 931 2029 iam
973 1992 1193 2037 concidunt,
1238 2004 1336 2043 quae
1387 1992 1429 2029 C.
1471 1993 1516 2029 Ο.

853 2050 1003 2086 Miiller.
1024 2050 1160 2100 posuit,
1181 2050 1291 2087 Dorr.
1314 2049 1349 2084 II
1369 2063 1408 2099 p.
1423 2047 1518 2095 437,

854 2106 921 2142 ubi
962 2105 1067 2157 quod
1107 2105 1154 2142 de
1193 2103 1267 2142 hoc
1307 2106 1392 2142 loco
1429 2106 1519 2142 citat

854 2161 1028 2200 Boeckh.
1083 2162 1202 2199 catal.
1241 2163 1345 2200 lectt.
1389 2163 1518 2199 Berol.

858 2218 1092 2267 1815—16‚
1110 2219 1220 2256 doleo
1234 2218 1331 2256 hanc
1344 2220 1519 2270 scriptio-

854 2288 946 2312 nem
967 2275 1062 2312 mihi
1082 2289 1161 2314 non
1197 2275 1245 2312 ad
1266 2289 1403 2313 manus
1424 2289 1515 2315 esse.

853 2334 933 2369 Nec
963 2334 1089 2383 magis
1108 2334 1233 2384 placet
1253 2334 1402 2370 Pauwii
1422 2346 1517 2370 con-

855 2390 1021 2427 iectura:
1061 2387 1107 2436 ὃς
1148 2386 1224 2429 εἷλε
1254 2388 1387 2436 ἁλιέας
1423 2386 1518 2436 τούς

855 2445 896 2485 ἐκ
925 2446 1126 2498 Τίρυνθος
1152 2442 1292 2487 ὁλκάδι
1305 2443 1517 2485 καταπλώ-

856 2514 1000 2549 σαντας
1029 2502 1173 2555 πληρέϊ
1196 2501 1417 2555 Ἀνδρίωνε
1456 2504 1519 2552 qui

851 2560 1044 2608 piscatores
1069 2562 1162 2610 cepit
1197 2558 1401 2611 Tiryntloioe
1431 2561 1520 2595 navi

855 2617 1017 2652 oneraria
1036 2616 1189 2654 Andrz’is
1210 2617 1317 2666 plena
1339 2615 1514 2664 advectos,

855 2681 945 2706 cum
980 2670 1116 2709 Andrii
1154 2674 1245 2710 belli
1270 2673 1517 2721 Peloponue-

854 2727 944 2763 siaci
962 2734 1135 2779 tempore
1150 2727 1442 2766 Atheniensium
1454 2727 1516 2762 fu-

855 2784 951 2820 erint
967 2786 1083 2834 socii,
1105 2788 1225 2823 socias
1245 2791 1373 2820 autem
1393 2781 1516 2818 Athe-

855 2840 1044 2879 niensium
1065 2854 1085 2878 a
1100 2839 1414 2878 Lacedaemoniis
1434 2845 1516 2875 tru-

1136 2893 1238 2937 41*
