1897 3340
5 520 12 635 unffi<
6 501 7 507 ⁴
6 463 7 472 ⁴

3 1445 32 1523 *2¹2⁹*
17 1332 21 1432 ,-....-,
18 1316 19 1319 Α
2 1233 22 1302 -ζ,
3 898 23 1209 -ᾀὲ-ζΓ-,ςς--ῃψ
19 803 23 889 .-..«.-,,
19 691 24 789 .—..‘
20 634 24 674 -,
20 573 24 624 -μ,
20 506 24 562 .-<-‚

17 3115 22 3340 ———
14 1861 22 3105 —n—Q—ffl——v-m-n-—U-ffi

518 219 1152 261 POLYMNIA.V11.
1381 223 1463 263 493

176 342 346 386 Ξνικες,
385 333 464 389 τὴν
494 332 528 376 δ’
559 317 708 385 ἑτέρην
735 326 814 383 τὴν
843 327 1057 382 βυβλίνην
1095 324 1336 380 Αἰγύπτιοι.
1379 327 1466 370 ἔστι

204 404 251 446 oe
281 400 385 445 ἕπτοὶ
416 400 584 445 στάδιοι
611 398 653 449 ἐξ
679 394 868 451 Ἀβύδου
897 395 938 444 ἐς
973 395 1053 450 τὴν
1093 393 1319 437 ἀπαντίον.
1378 396 1466 437 Καὶ

205 470 258 526 δὴ
288 467 542 525 ἐζευγμένου
577 467 658 508 τοῦ
681 462 846 518 πόρου,
877 460 1180 518 ἐπιγενόμενος
1208 460 1367 518 χειμών
1397 462 1465 518 μέ-

147 622 174 658 l.
202 622 225 659 l.
259 619 305 656 de
333 632 399 655 uno
438 623 586 653 tantum
627 615 806 665 loquatur

147 683 275 728 ponte.
333 676 455 719 Quem
491 673 617 709 virum
649 670 804 708 doctum

146 735 177 771 si
199 726 406 777 audiamus,
451 742 530 766 non
569 728 617 765 de
656 727 805 765 duobus

146 790 313 840 loquitur
358 785 573 823 Herodotus
613 786 803 836 pontibus,

146 845 212 883 sed
241 843 287 881 de
322 856 400 879 uno
422 850 572 879 tantum
590 870 600 883 ‚
622 842 726 879 cuius
747 842 805 877 al·-

145 908 266 938 teram
306 906 455 951 partem
481 898 712 946 Phoenices,
750 899 808 935 al-

144 965 265 995 teram
290 957 468 1008 Aegyptii
495 957 720 1001 struxerint3
754 956 805 992 ita

144 1022 186 1051 ut
208 1013 255 1050 ad
276 1011 349 1064 τὴν
371 1012 443 1064 μὲν
466 1010 583 1063 ρῒτὴν
598 1010 639 1051 δὲ
661 1013 805 1049 subau-

146 1070 225 1108 dias
238 1071 375 1121 μερίδα
390 1071 461 1120 τῆς
473 1066 654 1121 γεφύρης
666 1082 675 1106 :
701 1069 804 1121 quod

143 1126 238 1164 mihi
270 1126 426 1179 quidem
458 1125 707 1163 vehementer
728 1125 805 1163 dis-

143 1185 269 1236 plicet,
286 1185 351 1235 qui
367 1183 461 1220 duos
475 1190 621 1234 pontes,
643 1184 806 1219 alterum

144 1254 167 1278 a
195 1239 451 1277 Phoenicibus
480 1247 517 1277 et
553 1239 710 1292 quidem
738 1253 806 1276 ru-

145 1297 319 1335 dentibus
349 1311 370 1333 e
395 1298 473 1333 lino
494 1295 656 1333 candido
673 1297 806 1333 confe-

145 1356 223 1402 ctis,
236 1355 398 1391 alterum
416 1355 463 1390 ab
479 1354 675 1405 Aegyptiis
696 1367 808 1390 eum-

148 1425 223 1464 que
253 1410 476 1447 rudentibus
517 1411 681 1462 byblinis
708 1411 808 1454 {iun-

146 1475 253 1505 ctum
274 1469 320 1504 ab
333 1466 529 1504 Herodoto
553 1466 712 1504 indicari
732 1481 808 1518 pu-

147 1532 242 1562 tem.
286 1526 335 1561 Et
358 1525 446 1562 satis
467 1523 617 1572 docent,
640 1525 808 1576 quaein-

144 1582 202 1619 fra
233 1581 324 1630 VII,
355 1584 407 1622 36
446 1581 648 1631 leguntur,
691 1581 807 1618 verba

144 1635 219 1689 τὴν
241 1635 313 1688 μὲν
335 1639 568 1677 λευκολίνου
598 1644 712 1689 atque
732 1635 807 1688 τήν

146 1691 180 1734 δ’
200 1693 334 1745 ἑτέρην
356 1692 431 1743 τήν
452 1695 647 1747 βυβλίνην
667 1695 720 1732 sic
741 1708 808 1731 ac-

145 1751 319 1803 cipienda
339 1765 431 1788 esse.

205 1807 283 1847 ἕστι
307 1805 349 1846 δὲ
371 1804 466 1846 {mo}
488 1803 642 1846 στάδιοι
665 1805 704 1854 ἐξ
736 1803 808 1844 Ἀ-

149 1861 279 1917 βύδου
295 1863 334 1910 ἒς
361 1860 440 1913 τήν
467 1858 682 1911 ἀπαντίον]
715 1859 808 1901 στοί-

149 1922 230 1961 διοι
264 1921 498 1971 praebebant
525 1920 613 1956 libri
632 1920 806 1956 meliores

147 1991 217 2029 pro
256 1973 411 2016 στάδια.
444 1976 554 2013 Conf.
584 1978 614 2024 Ι,
643 1978 709 2016 26.
743 1976 806 2024 IV,

149 2034 215 2076 85.
246 2055 302 2061 -—
341 2032 404 2069 Ad
432 2034 594 2070 verbum
625 2028 808 2084 ἐπιγενό-

148 2105 266 2142 μενος
281 2089 556 2140 (superveniens)
572 2091 611 2125 in
632 2090 809 2139 proxime

148 2160 254 2199 seqq.
285 2147 386 2183 conf.
408 2147 507 2193 VIII,
532 2149 596 2186 13.
628 2145 739 2191 Quod
760 2145 809 2183 ad

149 2210 419 2254 argumentum
440 2203 515 2240 loci
534 2204 688 2250 attinet,
720 2216 809 2240 cum

150 2259 334 2297 Herodoti
366 2264 490 2309 septem
509 2259 637 2296 stadiis
663 2260 808 2311 reliqua

151 2318 267 2353 etiam
295 2322 468 2352 veterum
494 2317 709 2353 testimonia
728 2316 808 2353 fere

152 2374 405 2417 conveniunt,
426 2373 537 2409 allata
556 2385 579 2409 a
597 2374 718 2410 Kruse
738 2374 764 2410 l.
781 2374 808 2411 l.

151 2442 240 2480 pag.
262 2431 315 2469 77
336 2440 442 2479 seqq.
461 2441 538 2465 uno
550 2436 708 2479 excepto
725 2431 809 2466 Xe-

152 2483 362 2535 nophonte,
399 2484 464 2534 qui
492 2488 566 2521 octo
596 2486 703 2535 ponit
730 2493 808 2523 sta-

155 2540 216 2578 dia
238 2547 274 2577 et
294 2541 467 2591 Polybio,
488 2539 589 2590 apud
607 2554 722 2591 quem
741 2542 809 2578 duo

154 2597 369 2634 indicantur
395 2594 513 2633 stadia
529 2624 539 2643 ,
558 2596 808 2646 librariorum,

156 2660 200 2689 ut
218 2652 379 2699 videtur,
401 2665 538 2690 errore.
567 2653 700 2704 Neque
718 2667 809 2690 vero

158 2710 404 2746 accuratiores
442 2720 642 2744 mensurae
677 2722 812 2745 recen-

158 2764 244 2799 tiori
283 2771 404 2801 aetate
436 2765 626 2801 institutae
662 2777 812 2814 prorsus

160 2827 388 2869 congruunt.
417 2821 467 2858 Ut
487 2821 590 2857 enim
611 2819 658 2857 de
682 2822 812 2858 Tour-

861 612 1022 650 nefortio
1060 620 1231 661 taceam,
1276 615 1341 666 qui
1373 616 1523 664 angusti

860 669 1101 706 latitudinem
1140 684 1262 706 unum
1300 671 1523 708 miHIarium

860 728 1067 776 Anglicum
1099 728 1293 776 aestimat,
1330 727 1433 779 quod
1461 742 1522 765 se-

860 790 966 834 ptem
1004 785 1125 820 ferme
1154 784 1272 838 stadia
1309 798 1523 836 exaequare

859 847 996 876 notum
1032 849 1110 888 est3
1155 841 1248 877 alius
1293 842 1350 878 vir
1390 841 1523 878 doctus

865 897 1009 944 Gallus,
1027 898 1215 948 Truguet,
1227 911 1347 945 mare,
1369 898 1522 950 qustan·

860 954 1120 1004 gustissimum
1161 961 1236 1002 est,
1275 957 1375 991 inter
1414 956 1523 1007 Aby-

861 1010 955 1046 dum
975 1025 1003 1048 s.
1033 1013 1225 1061 Nogaram
1255 1018 1291 1048 et
1311 1013 1523 1063 oppositam

860 1068 1039 1118 Europae
1060 1081 1178 1115 oram,
1201 1081 1376 1105 emensus
1397 1070 1523 1105 scribit

862 1137 941 1160 esse
965 1124 1240 1165 1125——1130
1260 1126 1385 1173 toises,
1405 1126 1523 1177 (quae

862 1181 1061 1217 Gallorum
1082 1188 1136 1218 est
1156 1194 1345 1229 mensura,
1366 1195 1434 1219 sex
1453 1196 1523 1233 pe—

863 1236 929 1275 des
957 1239 1080 1287 regios
1100 1251 1128 1274 s.
1141 1239 1330 1276 Parisinos
1352 1240 1523 1290 comple-

864 1295 987 1345 ctens)
1009 1296 1174 1341 Romen,
1196 1296 1408 1346 praefectus
1420 1297 1523 1332 mili-

864 1352 968 1399 taris,
1010 1352 1202 1388 constituit
1244 1352 1351 1392 1150
1398 1354 1521 1402 toises,

865 1407 1106 1445 dissentiente
1125 1409 1197 1445 alio
1218 1409 1298 1445 viro
1321 1407 1433 1446 docto
1456 1423 1522 1447 eo-

866 1464 1032 1517 demque
1073 1466 1182 1502 Gallo
1226 1464 1437 1502 Iuchereau
1476 1466 1522 1504 de

865 1523 974 1559 Saint
1031 1523 1167 1569 Deliis,
1206 1523 1272 1573 qui
1331 1522 1406 1574 qu&
1445 1523 1523 1560 fre—

863 1585 946 1615 tum
967 1579 1086 1615 fertur
1107 1591 1185 1615 esse
1213 1580 1522 1629 angustissimum

862 1636 962 1672 intra
993 1648 1096 1672 arces
1133 1635 1449 1673 Kelidit—Bahur
1488 1644 1523 1674 et

864 1692 1212 1741 Sultanie-Calessi,
1244 1699 1285 1729 ut
1311 1706 1415 1730 nunc
1452 1707 1523 1731 vo-

865 1756 1010 1798 cantur,
1034 1749 1251 1786 distantiam
1272 1750 1322 1786 ait
1344 1763 1421 1787 esse
1443 1753 1524 1791 800

864 1807 990 1842 toises.
1031 1807 1136 1852 Quae
1157 1807 1414 1843 recentiorum
1453 1821 1523 1857 pe-

863 1863 1142 1912 regrinatorum
1158 1864 1374 1899 testimonia
1384 1876 1405 1900 a
1416 1865 1522 1911 Μίοΐ,

864 1920 974 1956 Gallo
994 1920 1211 1970 interprete,
1234 1920 1273 1954 in
1293 1926 1384 1956 nota
1414 1919 1461 1956 ad
1482 1919 1522 1957 h.

863 1976 889 2012 l.
911 1976 1022 2012 allata
1044 1989 1120 2027 quo
1151 1974 1268 2012 modo
1290 1989 1380 2012 cum
1399 1979 1524 2013 Hero—

866 2030 969 2080 doto,
993 2033 1060 2084 qui
1090 2036 1215 2082 septem
1235 2039 1386 2069 tantum
1405 2033 1524 2070 stadia

866 2087 920 2137 (i,
941 2102 974 2125 e.
1008 2090 1114 2129 3986
1144 2087 1258 2140 pedd.
1290 2090 1425 2127 Pariss.
1446 2092 1525 2126 sive

866 2144 976 2197 664&
1006 2146 1147 2191 toises)
1185 2153 1393 2198 utrumque
1437 2148 1525 2184 litus

865 2200 1002 2238 distare
1020 2200 1145 2249 tradit,
1167 2203 1428 2252 concilientur,
1450 2203 1525 2241 dii-

864 2257 963 2295 ficile
1010 2257 1162 2297 dixeris.
1238 2261 1415 2311 Namque
1459 2261 1525 2298 vix

864 2314 1055 2363 credibile,
1075 2314 1165 2352 inde
1186 2316 1232 2352 ab
1253 2316 1437 2354 Herodoti
1459 2330 1525 2353 ae-

863 2378 940 2409 tate
960 2373 1000 2408 in
1030 2379 1180 2409 tantum
1211 2375 1420 2411 excrevisse
1440 2373 1525 2411 freti

865 2429 1017 2466 alveum
1038 2430 1152 2466 maris
1183 2429 1358 2467 fluctibus
1390 2428 1525 2467 dilata-

863 2492 970 2533 tum,
1013 2492 1056 2522 ut
1087 2485 1314 2537 quibusdam
1341 2487 1526 2537 placuisse

863 2541 990 2579 video.
1049 2542 1162 2579 Conf.
1197 2541 1526 2580 Choiseul-Gouf-

864 2597 934 2634 fier
956 2599 1112 2650 Voyage
1132 2600 1363 2651 pittoresque
1393 2607 1464 2637 etc.
1490 2601 1526 2635 Π

866 2666 954 2704 pag.
976 2653 1071 2696 447.
1128 2657 1207 2692 Nec
1230 2655 1434 2693 decernere
1455 2669 1526 2692 au-

868 2709 931 2746 det
951 2712 1071 2747 Kruse
1089 2712 1115 2748 l.
1135 2712 1161 2748 l.
1182 2725 1269 2762 pag.
1292 2714 1358 2753 78.
1373 2711 1427 2752 84
1447 2713 1525 2762 ipse

867 2765 915 2803 ad
934 2766 1191 2805 Lechevalieri
1219 2769 1446 2804 sententiam
1483 2773 1525 2803 ut

866 2823 1038 2860 maxime
1065 2824 1306 2876 probabilem
1327 2822 1523 2871 accedens,
