1897 3340
470 193 944 229 POLYMNIA.
1005 192 1106 229 V11.

1334 201 1416 240 709

160 297 220 349 ὥς
248 298 442 351 διέδεξαν
472 299 540 343 ὅτι
558 300 614 344 οὔ
643 312 722 357 σφι
736 299 896 356 ἥνδανε
915 298 967 342 τα“
999 301 1043 342 οἱ
1063 298 1285 343 Ἀλευάδαι
1315 303 1415 360 ἐμη-

126 366 391 422 Ξχανέωντο.
450 367 541 410 ἐπεί
569 383 613 411 τε
641 367 721 423 γὰρ
751 365 970 410 έπυθέατο
1001 365 1178 422 τάχιστα
1206 366 1417 421 μέλλοντα

154 436 396 490 διαβαίνειν
426 435 505 479 τόν
537 435 714 490 Πέρσην
749 433 793 484 ές
821 432 903 489 τὴν
931 432 1169 490 Εὐρώπην,
1199 433 1417 489 πέμπουσι

155 501 198 553 ές
229 502 307 545 τόν
333 500 516 557 Ἰσθμὸν
545 501 765 557 α’γγέλους.
797 500 844 544 ἐν
870 500 916 544 δὲ
944 506 1005 561 τῷ
1033 502 1197 561 Ἰσθμῷ
1225 497 1339 558 ἦσαν
1369 503 1418 546 ἆ-

152 570 345 626 λισμένοι
373 568 616 625 πρόβουλοι
645 571 719 624 τῆς
744 567 946 620 Ἑλλάδος
963 602 972 619 ,
1011 569 1298 626 ἀραιρημένοι
1328 568 1413 613 ἆπό
1429 579 1473 612 55

152 641 241 680 τῶν
282 639 447 681 πολίων
474 639 563 679 τῶν
591 635 644 679 τοὶ
676 637 838 693 ἀμείνω
870 636 1181 692 φρονεουσέων
1209 637 1309 691 περὶ
1337 638 1418 694 τὴν

122 701 358 746 8”Ελλᾶδα.
417 703 676 760 ἀπικόμενοι
720 704 766 747 δὲ
808 703 878 747 ἐπὶ
918 704 1103 755 τούτους
1132 707 1223 746 τῶν
1257 707 1415 747 Θεσσα-

150 774 240 814 λῶν
269 773 311 814 οἱ
339 770 521 827 ἄγγελοι,
553 772 724 827 ἔλεγον·
756 769 1202 826 ,,”Ανδρες“Έλληνες,
1234 772 1303 814 δεῖ
1329 788 1416 825 φυ-

148 837 412 890 ,,λάσσεσθαι
452 839 532 895 τήν
562 839 746 896 ἐσβολὴν
781 839 862 896 τήν
888 838 1170 893 Ὀλυμπικὴν,
1200 839 1274 881 ἵνα
1309 842 1415 881 Θεσ-

149 907 306 962 ,,σαλίη
343 923 387 950 τε
430 909 504 951 καὶ
543 906 569 964 ἡ
601 906 808 963 σύμπασα
852 901 882 963 ᾗ
906 904 1061 957 Ἑλλοές
1090 905 1137 948 ἐν
1166 905 1301 962 σκέπῃ
1331 909 1413 948 τοῦ

120 973 380 1029 4,,πολέμου.
437 975 558 1033 ἡμεῖς
588 975 667 1031 μέν
697 990 781 1017 νυν
808 974 975 1030 έτοῖμοί
1005 975 1120 1030 εἰμεν
1158 972 1470 1028 συμφυλάσ-ὅο

147 1051 288 1092 ,,σειν·
319 1041 502 1098 πέμπειν
538 1045 583 1088 δὲ
614 1041 695 1099 χρὴ
724 1043 799 1086 καὶ
826 1041 964 1097 ὑμέας
995 1039 1202 1097 στρατιὴν
1231 1040 1412 1098 πολλήν·

146 1104 254 1161 „0392
285 1109 322 1151 δῖ
350 1109 407 1166 μὴ
446 1112 653 1167 πέμψετε,

684 1110 916 1154 ἐπίστασθε
961 1107 1096 1165 ἡμέας
1127 1106 1412 1165 ὁμολογήσειν

119 1179 242 1233 5,,τςό
280 1177 444 1234 Πέρσῃ.
506 1176 561 1222 οὐ
600 1177 684 1234 γάρ
726 1193 795 1221 τοι
826 1176 1184 1232 προκατημένους
1221 1180 1409 1219 τοσοῦτο

145 1242 259 1298 ,,πρὸ
298 1248 374 1300 τῆς
412 1244 541 1301 ἄλλης
578 1243 793 1296 Ἑλλάδος,

827 1243 1024 1301 μούνους
1053 1242 1140 1298 πρό
1170 1241 1319 1298 ὑμέων
1349 1245 1466 1286 δεῐ65

117 1309 431 1364 6,,ἆπολέσθαι.
462 1313 665 1369 βοηθέειν
694 1313 741 1357 δὲ
766 1311 820 1357 οὐ
853 1310 1130 1369 βουλόμενοι,
1161 1310 1408 1368 ἀναγκαίην

89 1497 294 1546 attulimus,
315 1496 364 1535 ad
383 1498 428 1546 V,
452 1496 545 1540 124.
575 1499 633 1535 De
644 1505 745 1536 stru-

88 1561 195 1592 ctura
213 1552 325 1591 huius
345 1555 451 1592 verbi
479 1555 580 1595 conf,
606 1554 743 1597 Manli,

87 1612 154 1648 Gr.
176 1612 243 1648 Gr.
273 1613 310 1657 ξ.
341 1610 435 1653 549.
471 1612 496 1653 5
536 1619 617 1650 not.
654 1625 741 1663 pag.

88 1669 208 1716 1078,
231 1669 299 1720 qui
317 1667 421 1705 idem
442 1667 489 1705 de
503 1669 627 1705 forma
643 1668 742 1708 ἐπυ-

85 1721 209 1764 θέατο
238 1726 383 1762 consul.
413 1725 450 1770 ξ.
478 1728 572 1773 206,
593 1725 620 1765 4
649 1738 739 1776 pag.

86 1779 168 1820 384
199 1782 293 1826 et§.
319 1779 412 1828 204,
434 1783 473 1821 7.
494 1782 530 1818 b.
551 1796 590 1832 p.
613 1783 707 1821 378.

141 1834 185 1874 ἐν
208 1834 250 1875 δὲ
271 1838 326 1890 τῷ
347 1831 638 1890 Ἰσθμῶἧσαν]
650 1836 738 1877 Vid.

85 1891 166 1938 VII,
191 1891 282 1934 145.
314 1894 389 1929 Pro
422 1892 527 1941 ε’σαν,
547 1900 590 1930 ut
609 1894 739 1944 vulgo,

85 1946 174 1985 dedi
210 1942 327 1999 ἦσαν.
385 1948 448 1986 Ad
474 1962 610 1987 vocem
639 1947 742 2001 πρό-

84 2005 225 2056 βουλοι
246 2006 294 2042 cf.
317 2004 381 2052 VI,
403 2007 444 2045 7.
488 2007 626 2056 Attigit
641 2019 742 2057 quo-

85 2074 159 2113 que
179 2060 362 2099 Niebuhr.
383 2063 480 2102 Hist.
512 2064 624 2099 Rom.
646 2064 681 2098 ΙΙ
700 2076 740 2113 p.

85 2119 139 2158 29
162 2116 222 2155 ed.
243 2116 414 2166 secund„
450 2119 518 2155 ubi
538 2120 740 2156 vernacule

83 2174 137 2211 sic
157 2174 234 2210 eius
255 2176 335 2212 vim
354 2173 500 2213 reddit:
551 2176 606 2213 die
631 2177 740 2224 abga-

85 2229 292 2279 geordneten
352 2230 463 2269 Buten
513 2232 739 2269 verbi‘iutletcr

87 2285 240 2334 Sciidte3
268 2299 394 2337 neque
422 2288 524 2324 enim
557 2284 738 2339 προβού-

85 2345 180 2388 λους
196 2343 322 2379 vocari
338 2343 428 2378 alios
441 2350 554 2394 atque
575 2357 650 2391 eos,
672 2346 739 2395 qui

86 2399 176 2435 alibi
195 2399 430 2449 appellentur
446 2395 614 2450 ἄγγελοι,
633 2398 739 2437 idem

86 2453 204 2492 addit.
261 2457 319 2492 De
347 2467 441 2491 voce
483 2451 740 2506 ἀραιρημένοι

85 2510 164 2550 vid.
183 2518 281 2548 nott.
307 2509 355 2547 ad
377 2511 456 2558 vn,
477 2512 544 2550 83.
601 2509 664 2547 Ad
679 2512 740 2547 lo-

87 2568 280 2605 cntionem
308 2564 356 2606 τοὶ
389 2563 539 2617 α’μείνω
572 2570 738 2616 φρονεῖν

86 2623 163 2662 vid.
183 2625 295 2661 allata
323 2622 372 2660 ad
394 2623 474 2670 VII,
499 2621 602 2670 145,
634 2628 670 2659 et
690 2621 738 2659 ad

87 2681 202 2718 verba
232 2679 277 2720 ἐν
307 2678 431 2734 σκέπῃ
464 2680 538 2718 τοῦ
562 2676 739 2729 πολέμου

87 2737 198 2775 allata
236 2735 284 2774 ad
313 2738 344 2784 Ι,
379 2719 473 2776 143.
528 2732 592 2770 Ad
627 2747 740 2772 voces

87 2789 160 2845 τήν
191 2790 359 2845 ἐσβολην
389 2788 465 2843 τήν
492 2784 740 2842 Ὀλυμπικήν

804 1498 838 1537 C
847 1497 1044 1536 r.conferri
1053 1497 1134 1535 vult
1146 1497 1281 1549 Heyne
1300 1496 1461 1549 Opuscc.

798 1554 946 1593 Acadd.
975 1555 1027 1592 IV
1060 1567 1148 1605 pag.
1173 1556 1252 1595 196
1280 1561 1376 1590 nott.
1407 1575 1462 1580 —

799 1611 919 1650 Verbi
957 1610 1197 1650 ἐπίστασθαι
1228 1617 1461 1647 structuram

799 1682 890 1706 cum
920 1668 1107 1704 infinitivo
1140 1673 1247 1704 notat
1275 1665 1461 1703 Matthiae

797 1727 863 1763 Gr.
867 1726 934 1763 Gr.
948 1726 984 1770 §-
998 1723 1092 1771 549,
1106 1724 1142 1762 b.
1156 1730 1237 1759 not.
1250 1726 1323 1773 2p.
1340 1724 1461 1762 1079.

852 1778 1184 1834 προκατημένους
1204 1781 1372 1818 τοσοῦτο
1389 1778 1406 1826 ]
1433 1778 1458 1815 i.

797 1850 831 1875 e.
851 1851 925 1886 nos,
945 1839 1007 1886 qui
1030 1840 1102 1872 tam
1135 1836 1239 1883 longe
1270 1838 1351 1873 ante
1372 1833 1460 1871 ‘reli-

798 1907 903 1944 quam
935 1894 1124 1931 Graeciam
1160 1891 1254 1928 sedes
1292 1890 1458 1929 habemus

797 1963 827 1988 s.
849 1957 891 1987 ut
910 1949 1034 1986 reddit
1045 1946 1456 1998 Schweighaeuserus·
1446 1974 1455 1983 .

796 2019 880 2054 nos,
924 2008 987 2056 qui
1020 2008 1104 2042 ante
1133 2005 1306 2054 ‘reliquam
1339 2003 1458 2040 Grae-

796 2065 886 2100 ciam
909 2062 997 2099 adeo
1031 2074 1150 2098 sumus
1179 2062 1340 2110 expositi.
1399 2061 1457 2095 De

795 2120 952 2169 regione
1009 2118 1242 2168 prominenti
1294 2117 1458 2153 verbum

794 2178 1036 2226 προκεῖσθαι
1074 2175 1122 2221 ΙΙ,
1161 2177 1225 2214 12.
1283 2175 1327 2209 In
1348 2186 1455 2225 seqq.

795 2244 863 2282 pro
877 2227 925 2270 ου’
943 2226 1179 2282 βουλόμενοι
1201 2242 1291 2266 cum
1301 2230 1338 2265 in
1353 2230 1456 2266 San-

795 2288 905 2325 crofti
927 2286 1012 2324 cod.
1035 2293 1155 2323 exstet
1177 2284 1455 2336 βουλομένοισι

793 2346 875 2381 sine
896 2344 1032 2381 vocula
1053 2338 1116 2390 ου’,
1139 2341 1454 2393 Schweighaeus.

793 2401 886 2437 olim
905 2402 958 2437 sic
989 2401 1163 2436 iunctum
1191 2400 1305 2436 fuisse
1332 2399 1455 2449 suspi-

796 2464 903 2493 catur
922 2464 1153 2508 utrumque:
1190 2451 1238 2495 ου’
1260 2452 1454 2507 βουλόμε-

796 2527 857 2551 νοι
869 2510 1174 2581 βουλομένοισι.

820 2563 1077 2625 αναγκαίην
1120 2566 1220 2618 ’ἡμῖν
1263 2562 1452 2616 οὐδεμίαν

796 2618 875 2662 οἷοί
891 2637 931 2662 τε
955 2622 1038 2662 ἐστε
1061 2623 1310 2675 προφέρειν]
1361 2650 1384 2669 ,,
1375 2633 1452 2668 ‚non

790 2681 936 2730 potestis
957 2681 1053 2718 nobis
1072 2682 1305 2717 necessitatem
1339 2690 1452 2726 ampo-

794 2748 876 2773 nere
903 2749 956 2773 sc.
985 2744 1029 2774 ut
1056 2749 1126 2774 nos
1159 2736 1227 2772 soli
1249 2735 1450 2770 Persartun

797 2792 978 2830 exercitui
1035 2805 1105 2830 nos
1168 2789 1448 2841 opponamus.“
