1897 3340
93 352 160 372 cnm
178 341 293 370 Medea
311 340 348 367 Α-

95 377 196 405 thenis
214 377 287 404 illuc
314 381 369 401 ve·

94 411 200 439 nisset.
237 409 338 438 Cissii.

95 444 241 481 Hyrcani.

431 229 515 271 544

831 226 1293 266 HERODOTI

427 338 592 393 ταύτην
620 336 869 392 ἐσταλμένοι
899 334 1228 392 ἐστρατεύοντο·
1259 333 1441 390 Μηδικὴ
1471 334 1557 390 γάρ
1587 334 1696 391 αὕτη

431 405 458 463 ἡ
491 402 624 459 σκευή
662 403 777 453 ἐστι,
814 406 887 449 καὶ
918 404 972 448 οὐ
1012 403 1219 459 Περσική.

1278 404 1324 446 οἱ
1361 402 1406 446 δὲ
1436 405 1586 457 ΝΙῆδοι
1615 401 1695 456 ἅρ-

427 489 560 529 χοντα
602 469 681 527 μὲν
712 473 968 526 παρείχοντο
1017 470 1258 527 Τιγράνην,
1301 469 1442 524 ἄνδρα
1468 468 1697 526 Ἀχαιμενί-

402 544 531 597 Ξδην.
579 538 804 582 ἐκαλέοντο
836 538 881 582 δὲ
911 537 1045 581 πάλαι
1074 538 1184 592 πρὸς
1213 538 1390 582 πάντων
1410 538 1568 592 Ἄριοι·
1599 536 1694 581 ἄπι-

429 605 616 662 κομὲνης
655 606 701 649 δὲ
744 607 940 661 Μηδείης
977 609 1054 661 τῆς
1096 608 1306 662 Κολχίδος
1343 604 1385 657 ἐξ
1414 604 1632 663 Ἀθηνέων
1655 606 1753 657 ἐς15

430 674 535 726 τοὺς
561 672 730 728 Ἀρίους
756 672 953 724 τούτους,
982 673 1217 730 μετέβαλον
1237 668 1459 721 καὶοῦτοι
1487 673 1537 717 τὸ
1567 672 1697 717 οὔνο-

405 750 512 798 ὃμα.
545 739 670 784 αὐτοὶ
701 740 747 784 δὲ
774 740 871 793 περὶ
892 740 1040 796 σφέων
1069 736 1154 785 ὦδε
1183 741 1354 797 λέγουσι
1384 743 1548 797 Μῆδοι
1592 742 1696 784 Κίσ-

435 821 521 854 σιοι
554 808 599 851 δὲ
628 807 963 864 στρατευόμενοι
1001 808 1054 852 τὰ
1082 809 1162 865 μὲν
1192 808 1301 853 ἄλλα
1338 826 1446 853 κατα
1477 825 1556 865 περ
1588 809 1698 864 Πέρ-

435 889 506 922 σαι
527 876 803 921 ἐσκευάδατο·
834 874 930 920 ἀντὶ
951 877 997 921 δὲ
1016 881 1105 921 τῶν
1122 879 1272 931 πίλων,
1285 877 1553 934 μιτρηφόροι
1572 871 1697 934 ἦσαν.

379 1082 489 1123 affert
517 1082 683 1123 Fischer.
715 1084 764 1123 ad
794 1085 958 1124 Weller.
985 1085 1041 1122 ΠΙ

377 1152 468 1192 pag.
494 1145 588 1183 261.

426 1196 586 1251 '‘AQwa]
617 1199 678 1236 Ab
699 1196 802 1235 hisce
824 1199 922 1235 Arz'z’s
942 1198 1040 1235 bene

381 1254 640 1306 distinguendi
661 1262 770 1292 erunt
790 1256 816 1291 ii
825 1256 918 1302 Arii,
941 1268 1041 1307 quo-

339 1333 342 1337 ·
379 1328 468 1352 rum
487 1313 631 1348 mentio
653 1313 693 1349 iit
713 1313 778 1359 111,
801 1314 867 1352 93.
889 1313 968 1359 ΥΠ,
986 1314 1039 1353 66

380 1379 418 1408 et
429 1371 476 1408 de
485 1370 618 1421 quibus
630 1369 736 1419 plura
747 1369 870 1406 attulit
889 1369 1044 1405 Freins-

380 1427 483 1466 hem.
506 1425 554 1462 ad
576 1427 680 1462 Curt.
701 1426 783 1473 Vll,
805 1428 845 1472 2,
867 1427 942 1473 38,
971 1423 1042 1461 ha—

379 1485 552 1522 bitabaut
584 1484 686 1518 enim
713 1483 753 1519 in
788 1488 907 1529 terra,
944 1494 1042 1533 quae

380 1554 484 1578 nunc
533 1540 579 1576 ab
618 1540 712 1576 urbe
766 1539 916 1589 capitali
927 1551 1043 1576 voca-

380 1604 442 1635 tur
465 1596 606 1642 Herat,
665 1608 841 1647 quaeque
873 1601 927 1631 est
957 1608 1042 1645 pars

381 1661 504 1691 terrae
533 1650 746 1700 Chorasan,
787 1652 1043 1701 complectens

381 1710 497 1748 siinul
530 1715 653 1760 partes
687 1709 852 1759 reg10nis
875 1710 1043 1743 Kerman

382 1773 419 1804 et
439 1764 630 1804 Seliistan.
688 1767 746 1802 Ita
781 1766 910 1802 statuit
938 1766 1044 1800 Hee-

380 1836 462 1862 ren.
487 1822 545 1858 ld.
566 1823 596 1869 Ι,
619 1825 638 1862 1
662 1834 750 1872 pag.
772 1824 849 1861 311
873 1834 953 1872 seq.
991 1822 1044 1858 At

382 1880 541 1917 aliisunt
553 1878 644 1926 Arii,
667 1880 733 1930 qui
755 1878 960 1929 antiquitus
973 1890 1044 1914 vo-

382 1937 567 1974 cabantur
595 1947 708 1972 sensu
740 1935 886 1982 latiori,
927 1940 1043 1986 quot-

383 2000 475 2045 quot
496 1999 636 2029 terram
657 1993 815 2028 Erman.
836 2004 866 2029 s.
896 1991 1044 2027 Arman

382 2048 505 2100 (unde
525 2061 679 2101 quoque
699 2050 884 2084 Ermanes
904 2060 931 2084 s.
947 2048 1045 2084 Ger-

381 2107 505 2156 mani)
533 2107 626 2142 olim
645 2106 846 2142 incoluisse
873 2104 1046 2141 seruntur

383 2162 513 2199 sedem
542 2161 746 2198 Medorum
777 2174 820 2198 ac
842 2162 1045 2198 Persarum

382 2219 616 2269 primitivam
636 2220 836 2269 omnisque
851 2218 949 2254 vitae
965 2218 1046 2253 cnl-

383 2275 486 2311 tioris
508 2281 544 2310 et
564 2275 756 2323 religionis
774 2285 1044 2323 sacrorumque

383 2337 595 2381 parentem.
654 2329 795 2367 Erman
835 2329 1046 2379 appellatur

382 2388 681 2425 vetustissimum
730 2384 825 2422 illud
863 2386 1045 2421 Ariorum

382 2455 545 2493 regnum
564 2445 602 2478 in
625 2443 792 2479 carmine
813 2439 1045 2479 Solmlinall-

382 2497 497 2547 meh3
527 2500 567 2535 in
589 2499 690 2536 libris
715 2497 892 2535 Zendicis
916 2505 970 2534 est
990 2499 1044 2535 illi

380 2568 524 2593 nomen
547 2554 670 2593 Irman
690 2568 719 2592 s.
735 2554 834 2592 Iran.
853 2553 939 2591 vid.
952 2556 981 2595 Ι.
997 2554 1044 2592 de

382 2613 581 2650 Hammer.
600 2614 638 2649 in
651 2612 804 2650 Annali.
820 2612 1041 2651 Viennenss.

382 2671 439 2706 lx
451 2683 490 2720 p.
503 2672 555 2710 33
575 2669 661 2706 coll.
683 2669 812 2707 nitier.
825 2668 942 2704 Erdk.
961 2669 1042 2719 llp

382 2729 432 2766 21
449 2724 830 2777 sq.V0rhall.P·303.
847 2726 1042 2776 Anquelil.

382 2783 424 2818 in
452 2782 571 2820 Mem.
609 2780 656 2820 de
686 2780 834 2818 l'Acad.
857 2780 893 2820 d.
925 2783 1043 2820 lusci·

383 2839 519 2878 XXXI
538 2852 577 2890 p.
599 2841 679 2882 376
692 2867 703 2886 ‚
725 2839 790 2891 qui
812 2836 960 2876 dudum
979 2851 1043 2875 re-

1097 1092 1156 1122 cte
1176 1086 1414 1124 intellexerat
1422 1085 1526 1124 Arios
1544 1084 1686 1122 incolas
1695 1098 1757 1121 re-

1097 1144 1220 1193 gionis
1240 1142 1342 1180 Isan-
1382 1141 1545 1180 Bohlen.
1575 1143 1633 1178 De
1662 1142 1757 1192 orig.

1096 1200 1191 1249 ling.
1229 1198 1387 1238 Zendic.
1426 1212 1516 1251 pag.
1556 1199 1624 1240 51.
1655 1199 1759 1235 Arios

1097 1257 1364 1307 interpretatur
1384 1254 1607 1302 venerandos,
1638 1255 1759 1306 quiin

1096 1314 1268 1360 Bactria,
1315 1314 1382 1351 ubi
1406 1314 1608 1350 Persarum
1638 1311 1759 1362 origo,

1097 1368 1314 1407 habitarint.

1154 1422 1399 1477 ἀπικομένης
1421 1422 1462 1464 δὲ
1485 1424 1672 1475 Μηδείης
1689 1425 1762 1473 τῆς

1101 1483 1314 1533 Κολχίδος]
1352 1483 1450 1520 citat
1470 1481 1565 1519 haec
1585 1478 1763 1518 Eustath.

1099 1540 1146 1577 ad
1168 1541 1323 1591 Dionys.
1348 1541 1470 1580 1097.
1525 1537 1764 1575 Eademtra·

1101 1596 1155 1634 dit
1175 1598 1287 1635 Paus.
1307 1598 1354 1644 ΙΙ,
1379 1598 1402 1636 3
1427 1596 1464 1640 ξ.
1486 1598 1511 1636 7
1531 1595 1618 1632 coll.
1639 1593 1765 1645 Apol-

1099 1652 1219 1690 lodor.
1242 1667 1280 1703 p·
1300 1654 1377 1693 109
1399 1653 1526 1702 Heyn.
1549 1651 1765 1688 coniuncta

1098 1716 1186 1747 sunt
1217 1708 1310 1745 haec
1342 1721 1431 1744 cum
1452 1708 1594 1745 Thesei
1613 1707 1764 1753 fabulis,

1100 1765 1148 1803 ad
1168 1765 1336 1802 siderum
1355 1766 1532 1812 rationes,
1555 1770 1597 1801 ut
1617 1764 1764 1811 volunt,

1099 1823 1321 1873 spectantia.
1381 1822 1497 1858 Plura
1528 1821 1707 1858 creuzer.
1722 1821 1765 1856 iu

1101 1880 1276 1948 Symbol.
1297 1878 1348 1915 lv
1368 1891 1456 1929 pag.
1481 1880 1556 1917 111
1579 1889 1688 1929 seqq.
1705 1893 1765 1904 --

1099 1938 1175 1973 Pro
1199 1935 1237 1983 ἐξ
1256 1931 1468 1986 Ἀθηνέων
1491 1933 1568 1971 duo
1589 1932 1702 1972 codd.
1723 1930 1765 1980 ἐξ

1100 1989 1350 2043 Ἀθηναίων.
1379 1990 1465 2028 vid.
1486 1997 1582 2028 nott.
1613 1989 1662 2027 ad
1680 1989 1764 2038 Vn,

1103 2049 1170 2090 51.
1191 2071 1247 2076 —
1304 2049 1348 2084 In
1377 2061 1482 2099 seqq.
1511 2041 1587 2086 ὧδε
1615 2052 1766 2097 praeter

1101 2119 1251 2142 morem
1271 2103 1319 2142 ad
1332 2103 1592 2141 antecedentia
1601 2109 1763 2154 spectat,

1102 2169 1142 2199 ut
1158 2162 1203 2209 V,
1225 2164 1263 2208 2,
1285 2161 1350 2197 ubi
1371 2159 1448 2198 vid.
1470 2166 1568 2196 nott.

1159 2220 1196 2256 K
1213 2217 1316 2256 ίσσι
1331 2231 1378 2255 οι
1425 2212 1494 2264 δὲ]
1544 2216 1603 2252 De
1640 2214 1764 2253 Cissiis

1102 2273 1266 2310 diximus
1289 2271 1337 2309 ad
1365 2273 1429 2320 ΙΙΙ,
1460 2274 1526 2312 91.
1551 2273 1611 2308 De
1639 2271 1765 2310 forma

1101 2327 1341 2369 ἐσκευάδατο
1363 2328 1440 2370 vid.
1457 2327 1594 2366 Matth.
1614 2329 1682 2366 Gr.
1696 2329 1763 2366 Gr.

1102 2388 1138 2432 §-
1161 2384 1242 2426 204
1262 2398 1349 2436 pag.
1376 2388 1469 2426 377

1159 2435 1544 2493 μιτρηφόροιησαν]
1575 2434 1697 2507 ἦσαν
1695 2439 1765 2478 de-

1102 2498 1140 2536 di
1159 2511 1227 2549 pro
1241 2499 1331 2549 vulg
1335 2497 1465 2537 ..ξ’σαν.
1486 2514 1529 2549 μι
1517 2513 1560 2537 τ
1573 2513 1594 2548 ρ
1608 2493 1766 2550 ηφόροι

1101 2563 1202 2592 recte
1224 2569 1327 2591 nunc
1345 2568 1364 2591 e
1386 2555 1556 2606 pluribus
1567 2555 1670 2592 libris
1682 2553 1766 2592 edi-

1102 2620 1185 2649 tum
1203 2625 1274 2664 pro
1292 2612 1385 2649 olim
1405 2611 1509 2662 v.ulg
1531 2626 1578 2677 μι
1586 2625 1605 2649 t
1621 2626 1642 2663 ρ
1659 2607 1765 2660 οφό-

1102 2685 1179 2733 ροι.
1256 2669 1499 2706 Conveniunt
1553 2662 1766 2719 ἀγγελιη-

1101 2721 1244 2776 φόροι,
1275 2721 1506 2777 σειρηφόροι
1547 2721 1766 2772 (111,102)

1102 2789 1139 2818 et
1167 2780 1446 2834 μιτρηφορέειν
1478 2775 1599 2831 apud
1610 2780 1764 2817 Arrian.

1100 2838 1185 2877 Iud.
1202 2841 1241 2888 7,
1264 2844 1420 2876 notante
1439 2836 1603 2875 Wessel.
1652 2837 1764 2873 Hane
