1897 3340
657 177 925 216 ERATO.
985 142 1061 213 v‘1.
1412 179 1497 220 233

227 294 441 345 ,,Δαρεῖος
476 286 789 345 ἐβουλεύσατο,
834 285 1046 336 Φοίνικας
1075 285 1156 339 μὲν
1193 283 1555 340 ἐξαναστήσας,30

227 360 302 411 ,,ἐν
329 363 382 416 τῇ
406 356 548 412 Ἰωνίῃ
577 355 848 401 κατοικίσαι,
867 351 1024 403 Ἴωνας
1055 352 1100 396 δὲ
1130 352 1177 394 ἐν
1205 355 1258 406 τῇ
1290 353 1495 408 Φοινίκῃ·

199 426 333 477 2,,καὶ
368 423 539 468 τούτων
575 423 719 466 εἵνεκα
749 421 1033 466 ἐπιστείλειε.“
1086 417 1217 462 οὐδέν
1252 436 1293 462 τι
1321 419 1496 470 πάντως

226 496 362 536 ταῦτα
389 489 588 547 βασιλέος
616 489 1000 546 βουλευσαμένου,
1029 487 1255 543 ἐδειμάτου
1284 485 1495 538 τούςἼω-

135 555 168 598 4
224 577 313 611 νας.
373 556 498 602 Μετά
537 558 584 601 δὲ
628 555 651 600 ὁ
687 555 887 607 Ἱστιαῖος
917 555 977 600 δι’
1012 554 1197 612 ἀγγέλου
1235 554 1495 610 ποιεύμενος
1552 560 1794 601 [bipertiteras

219 627 486 683 Ἑρμίππου,
530 623 693 679 ἀνδρὸς
722 622 1018 679 Ἀταρνεΐτεω,
1064 629 1179 668 τοῖσι
1216 623 1264 667 ἐν
1299 620 1495 682 ’Σάρδισι
1551 600 1830 692 ΞᾸΞΙΞΞΞἚΞᾸἘἊΕ

223 696 346 740 ἐοῦσι
377 694 584 750 Περσέων
626 693 783 749 ἔπεμπε
811 693 995 748 βυβλία,
1035 691 1094 743 ὠς
1133 685 1779 759 προλελεσχηνευ-Βὸἓὲιζέὶιῐὲίίηᾶξέιι

223 763 367 820 μένων
396 755 518 821 αὐτῷ
538 758 801 811 άποστάσιος
829 760 940 815 πέρι.
988 760 1011 804 ὁ
1044 760 1090 804 δὲ
1107 760 1353 815 ’Έρμιππος
1381 758 1495 812 πρὸς
1590 740 1598 767 ¹
1763 752 1769 759 ’

194 830 330 882 Ξτούς
359 830 439 887 μὲν
456 828 733 885 ἀπεπέμφθη,
765 826 819 871 οὐ
850 830 986 878 διδοῖ,
1017 828 1165 884 φέρων
1195 828 1241 870 δὲ
1271 826 1496 881 ἐνεχείρισε

223 897 276 941 τὰ
297 899 457 954 βυβλία
469 895 770 954 Ἀρταφέρνεῖ.
812 895 836 938 ὁ
868 895 934 947 δὲ,
965 895 1122 951 μαθών
1153 893 1270 938 ἅπαν
1298 893 1347 936 τὸ
1379 892 1496 949 γινό-

223 981 378 1021 μενον,
432 966 599 1010 ἐκέλευε
644 963 724 1008 τόν
753 963 1005 1020 Ἕρμιππον
1042 962 1094 1006 τὰ
1138 962 1217 1019 μὲν
1256 960 1377 1017 παρὰ
1417 964 1554 1005 tofi-40

221 1031 425 1077 Ἱστιαίου
465 1035 625 1077 δοῦναι
669 1032 863 1088 φέροντα
900 1032 1015 1075 τοῖσί
1053 1046 1134 1086 περ
1176 1030 1328 1084 ἔφερε,
1367 1028 1420 1073 τοὶ
1450 1029 1497 1073 δὲ

225 1097 438 1157 ἀμοιβαῖα
484 1101 538 1145 τά
586 1100 708 1155 παρὰ
753 1104 843 1144 τῶν
900 1099 1105 1155 Περσέων
1145 1097 1497 1153 ἀντιπεμπόμενα

196 1166 430 1225 3Ἱστιαίῳ,
462 1168 609 1227 ἑωυτῷ
643 1171 812 1213 δοῦναι.
849 1167 1020 1212 τούτων
1051 1167 1097 1210 δὲ
1125 1166 1376 1222 γενομένων
1405 1183 1495 1222 φα-

225 1240 387 1290 νερῶν,
448 1235 670 1281 ἀπέκτεινε
720 1236 917 1280 ἐνθαῦτα
964 1234 1156 1286 πολλοὺς
1210 1234 1418 1290 Περσέων
1469 1233 1494 1277 ὁ

219 1302 526 1361 Ἀρταφέρνης.
565 1305 663 1360 περὶ
692 1304 861 1360 Σάρδις
896 1304 976 1362 μὲν
1017 1302 1070 1359 δή
1113 1303 1276 1359 ἐγίνετο
1318 1300 1494 1359 ταραχή.

168 1497 343 1528 mentum
359 1520 369 1539 ‚
419 1489 468 1528 ad
513 1491 829 1542 perterrefacien-

167 1546 236 1585 dos
255 1549 341 1585 satis
362 1555 442 1585 erat
459 1546 687 1599 adpositum,
707 1549 829 1600 siqui-

169 1604 260 1642 dem
271 1612 307 1641 et
316 1605 560 1657 Assyriorum
577 1612 612 1641 et
623 1606 828 1642 Persarum

168 1662 343 1699 institutis
385 1660 632 1713 respondens.
726 1660 828 1707 Quid

169 1719 271 1755 enim
279 1719 333 1755 illi
342 1720 693 1771 Hierosolymitanis
703 1719 828 1756 testati

167 1775 308 1812 fuerint
329 1777 420 1813 olim
433 1805 443 1824 ‚
478 1783 663 1828 tanquam
693 1789 733 1812 re
754 1777 832 1812 mi-

168 1834 275 1869 nime
297 1831 431 1881 dubia,
464 1831 647 1869 docemur
666 1834 831 1883 llReg-g.

169 1890 308 1937 XVIII,
325 1892 389 1930 32.
419 1890 623 1926 Persarum
641 1902 725 1926 mos
744 1896 832 1925 tan-

170 1947 274 1997 gitur
293 1946 338 1992 V,
362 1945 426 1987 14.
446 1946 509 1994 VI,
542 1949 581 1987 9.
639 1947 697 1982 De
736 1944 833 1982 Phi-

170 2003 274 2053 lippo
305 2002 516 2040 Macedone
540 2003 704 2040 Iustinus
730 2003 831 2039 culte

171 2059 283 2106 VIII,
331 2059 368 2100 5.
427 2061 536 2097 Mitto
591 2060 829 2097 Romanos.“

177 2115 368 2154 Wessel.
408 2116 509 2155 Add.
550 2123 646 2154 nott.
688 2116 736 2153 ad
766 2117 830 2164 IV,

171 2173 267 2214 204.
327 2173 391 2210 Ad
419 2174 534 2212 verba
564 2174 833 2226 subsequentia

173 2227 198 2268 ὅ
236 2227 287 2269 δὲ
326 2229 429 2281 ἔλεγέ
466 2243 540 2281 σφι
570 2231 671 2268 conf.
701 2232 730 2280 1,
762 2233 832 2272 66.

171 2287 217 2334 V,
243 2289 334 2327 120.
354 2289 417 2336 vl,
440 2290 505 2329 30.
528 2288 595 2329 52.

229 2339 348 2382 οὐδέν
377 2359 412 2383 τι
443 2340 627 2392 πάντως]
668 2345 834 2390 „Deesse

172 2398 291 2436 videri
304 2402 419 2451 possit
429 2401 565 2451 copula
573 2402 635 2438 vel
656 2401 729 2437 alia
742 2414 832 2451 par-

175 2457 287 2493 ticula
302 2453 406 2496 οὕτω
419 2453 538 2497 οὐδέν
550 2473 598 2497 τι.
619 2459 717 2494 Nam
730 2456 836 2510 quod

174 2514 288 2563 vulgo
316 2515 455 2564 legitur
484 2510 579 2553 ου’δέ
606 2530 643 2553 τι
662 2522 746 2551 tum
767 2514 837 2551 de—

174 2581 283 2605 mum
316 2571 444 2607 lomun
473 2568 648 2619 haberet,
687 2572 716 2608 si
746 2571 835 2608 novi

175 2625 268 2676 quid
288 2633 519 2679 sequeretur.
576 2629 708 2679 Itaque
726 2627 836 2664 vide-

178 2687 240 2717 tur
277 2696 354 2720 esse
392 2682 649 2721 anacoluthon
665 2713 675 2731 ‚
729 2685 836 2736 quasi

179 2742 419 2787 praecesserit
458 2739 481 2780 ὁ
523 2737 566 2779 δὲ
590 2738 715 2792 λέγων
748 2752 835 2790 σφι,

180 2791 233 2840 ὥς
249 2794 429 2845 βασιλεύς
439 2817 490 2825 -
502 2795 740 2845 ἐπιστείλειε,
765 2798 836 2837 οὐ-

886 1488 954 1530 δέν
972 1505 1008 1530 τι
1036 1486 1235 1535 πάντως.“
1264 1511 1314 1516 -
1354 1488 1398 1525 Α.
1429 1485 1553 1524 Mat·

886 1548 995 1586 thia
1006 1560 1035 1585 e.
1093 1547 1159 1583 Tu
1181 1545 1283 1583 conf.
1298 1545 1345 1593 V,
1367 1542 1434 1585 34.
1457 1545 1525 1585 65.

1123 1648 1218 1699 Cap.
1240 1648 1312 1685 IV.

942 1711 1000 1756 δι’
1017 1711 1184 1768 άγγέλου
1204 1712 1462 1766 ποιεύμενος]
1494 1715 1553 1750 De

887 1775 1080 1811 locutione
1129 1778 1365 1810 monuerunt
1411 1770 1550 1808 Matth.

889 1832 955 1868 Gr.
973 1832 1040 1867 Gr.
1061 1843 1149 1880 pag.
1175 1830 1283 1870 1150
1315 1842 1358 1865 ac
1385 1829 1553 1865 Wessel.

890 1889 1008 1925 citans
1035 1888 1135 1934 VIII,
1171 1884 1264 1926 134.
1342 1886 1442 1922 Hinc
1469 1885 1549 1921 noli

890 1958 980 1982 cum
1010 1943 1166 1980 Reiskjo
1197 1942 1360 1979 scribere
1396 1937 1555 1993 διάγγε-

890 2004 961 2040 λον
1002 1995 1256 2052 ποιεύμενος.
1313 1999 1371 2035 Ac
1403 1997 1556 2035 videtur

888 2054 1113 2110 διάγγελος,
1145 2055 1221 2109 ψιΐι
1241 2068 1336 2093 voce
1361 2069 1398 2094 v.
1421 2069 1454 2094 c.
1476 2055 1555 2092 uti-

886 2122 949 2153 tur
968 2112 1163 2151 Plutarch.
1184 2113 1295 2150 Galb.
1316 2126 1355 2163 p.
1380 2113 1487 2153 1063
1511 2113 1555 2150 F.

889 2172 970 2223 (cp.
1001 2169 1055 2211 24
1082 2170 1165 2221 in.)
1210 2176 1247 2207 et
1272 2170 1424 2206 Morall.
1452 2170 1488 2205 11
1514 2183 1554 2220 p.

889 2231 973 2270 678
1002 2230 1065 2276 D„
1099 2226 1148 2264 ad
1179 2225 1364 2264 Herodoti
1392 2232 1556 2264 aetatem

890 2284 996 2323 haud
1016 2285 1218 2336 pertinere.
1230 2306 1287 2311 —
1297 2285 1356 2320 De
1365 2284 1556 2321 Atarnenn

892 2343 1048 2394 regione
1077 2342 1179 2379 conf.
1211 2348 1308 2378 nott.
1338 2339 1387 2377 ad
1406 2341 1435 2388 Ι,
1460 2342 1557 2381 160.

950 2398 1004 2446 ὦς
1023 2395 1494 2450 προλελεσχηνευμένων]
1527 2397 1554 2435 i.

895 2470 929 2496 e.
959 2469 1003 2494 ac
1032 2458 1066 2493 si
1094 2468 1172 2492 cum
1192 2457 1279 2506 ipsis
1302 2455 1345 2492 de
1366 2453 1560 2504 defectione

894 2517 1003 2551 antea
1021 2524 1189 2550 sermones
1208 2513 1402 2549 miscuisset
1426 2525 1456 2549 s,
1478 2523 1557 2548 con-

895 2570 1047 2608 tulisset.
1106 2569 1278 2620 Verbum
1306 2563 1556 2618 λεσχηνεύειν

895 2640 943 2663 ex
982 2622 1158 2678 Appifflio
1191 2625 1301 2662 affert
1334 2621 1555 2672 Schweigh.

893 2684 933 2720 in
954 2685 1085 2722 Lexic.
1108 2682 1251 2720 Herod.
1310 2680 1412 2718 Add.
1441 2680 1555 2716 etiam

892 2747 990 2777 nott.
1019 2739 1068 2777 ad
1092 2741 1122 2788 I,
1157 2740 1248 2780 153.
1318 2740 1375 2774 De
1405 2744 1558 2784 tempo-

894 2809 980 2833 rum
992 2797 1189 2834 rationein
1202 2795 1325 2834 verbis
1338 2789 1388 2833 ου’
1397 2792 1557 2832 διδοῖ-

1888 3010 1897 3188 -ι1-
