1897 3340
632 189 664 223 Ε
695 189 726 223 R
754 188 788 222 A
819 186 856 221 T
887 185 930 221 Ο.
992 187 1063 221 &⁷1.
1400 192 1484 231 349

172 298 212 332 13
304 295 471 339 „Fkafin'
496 294 742 337 Ἐπικυδείδη,
782 291 826 327 τὸ
859 290 924 335 μὲν
952 291 1087 328 αὐτίκα
1110 292 1258 338 κέρδιον
1282 291 1380 328 οὕτω

307 351 432 400 „Sanga
457 354 619 396 νικῆσαι,
644 349 708 384 καὶ
730 348 899 394 χρήματα
923 349 1155 393 ληΐσσασθαι.

306 408 472 454 ,ἷὈμνυ’·
496 408 574 444 ἐπεὶ
596 405 765 447 θάνατός
787 420 826 452 γε
849 407 913 443 καὶ
938 403 1093 451 εὔορκον
1113 406 1214 451 μένει
1237 404 1369 453 ἄνδρα.
1495 413 1540 445 60

169 470 211 503 14
304 465 420 510 ,,Ἀλλ’
436 463 577 510 ’Όρκον
600 463 691 504 πάϊς
713 462 812 499 ἐστὶν
836 462 1052 508 ἀνώνυμος,
1077 462 1168 500 οὐδ’
1192 464 1252 499 ἔπι
1273 469 1400 511 χεῖρες,

165 642 256 690 ται]
295 642 320 678 i.
343 654 374 677 e.
406 653 455 676 an
481 640 514 676 ei
541 638 658 676 liceret
688 641 820 677 iureiu-

164 699 274 735 rando
293 697 383 734 edito
415 695 480 745 (se
507 697 587 732 scil.
608 709 686 733 non
709 709 821 733 acce-

162 756 259 806 pisse
288 755 373 790 istas
405 753 585 803 pecunias
605 754 645 788 in
667 752 820 803 deposi—

162 811 330 860 tum)has
345 812 564 847 intervertere
576 809 817 860 (s.praedari)

155 869 336 918 pecunia-v.
432 867 566 903 Futuri
614 866 819 914 indicativo

159 924 333 974 ληΐσεται
361 925 496 960 Noster
527 924 665 971 utitur,
699 936 820 976 quum

160 993 239 1017 non
270 978 361 1032 quid
393 987 564 1031 oporteat
592 980 674 1016 fieri
694 1008 709 1025 ,
751 979 818 1017 sed

160 1036 252 1089 quid
284 1038 454 1073 futurum
484 1038 548 1084 sit,
590 1044 816 1088 quaeratur:

161 1093 263 1145 quod
277 1095 390 1130 etiam
400 1095 534 1129 Latine
554 1107 623 1143 per
646 1094 819 1130 futurum

161 1149 318 1187 reddere
336 1151 424 1187 licet
445 1149 461 1199 (
477 1163 524 1187 an
537 1172 593 1176 —
606 1152 819 1188 interversa-

158 1221 221 1244 rus
250 1210 297 1244 sit
321 1206 539 1258 pecunias).
597 1208 697 1244 Hinc
724 1220 818 1244 con-

158 1265 326 1301 iunetivo
343 1293 353 1311 ,
394 1276 511 1316 quem
544 1265 677 1314 reponi
696 1265 816 1301 voluit

156 1321 326 1359 Werfer.
363 1320 402 1356 in
441 1321 543 1357 Actt.
581 1318 690 1371 phill.
728 1322 817 1357 Μο-

157 1390 264 1414 nacc.
285 1379 302 1413 Ι
331 1389 417 1427 pag.
447 1375 527 1418 234
557 1390 635 1429 seq.
656 1378 815 1414 minime

158 1447 274 1485 opus,
316 1440 417 1470 recte
445 1441 627 1470 monente
649 1435 695 1471 G.
715 1436 816 1471 Her-

157 1503 300 1527 manno
334 1491 374 1526 in
415 1490 576 1541 Opuscc.
605 1491 657 1527 IV
687 1504 725 1541 p.
748 1493 815 1530 92.

155 1548 205 1584 Et
226 1547 326 1584 conf.
348 1546 489 1584 Herod.
509 1547 572 1595 VI,
596 1546 687 1587 135.
708 1546 817 1583 Bek-

156 1602 239 1641 ker.
273 1602 377 1640 dedit
397 1604 579 1654 ληΐσηται
609 1602 697 1654 (pro
728 1604 817 1654 ληΐ-

158 1660 308 1710 σεται).
345 1661 477 1711 Ipsum
504 1661 666 1697 verbum
687 1661 816 1711 ληΐζε-

157 1721 257 1756 σθαι
275 1717 391 1767 vulgo
409 1716 631 1767 praedandi,
652 1717 818 1767 rapiendi

155 1774 381 1824 significatu,
406 1780 449 1810 ut
467 1774 532 1821 111,
555 1771 621 1813 47.
641 1774 705 1821 IV,
721 1772 812 1815 145.

156 1829 252 1866 Inde
271 1832 311 1866 in
328 1831 408 1880 ipso
421 1830 573 1866 oraculo
583 1825 685 1882 ὅρκῳ
698 1831 812 1880 νικῆ-

158 1898 222 1925 σαι
233 1887 332 1924 valet
354 1885 581 1923 iareim-ando
595 1886 688 1923 edito
699 1888 812 1924 victo-

155 1956 226 1980 rem
237 1943 379 1981 evadere
394 1941 464 1980 hac
480 1957 527 1979 ex
537 1943 602 1979 lite
613 1956 642 1980 s.
656 1950 811 1980 contro-

154 2001 274 2036 versia
291 1999 337 2037 de
349 2001 518 2051 pecuniis
530 1998 705 2050 depositis
717 2006 811 2036 orta.

154 2055 216 2093 Ad
227 2057 300 2093 loci
308 2057 534 2094 sententiam
544 2057 642 2093 bene
653 2057 705 2093 sic
727 2056 814 2093 Val-

155 2112 267 2151 cken.:
315 2142 340 2161 ‚‚
356 2113 554 2156 Quaerebat
589 2113 811 2163 Spartanus,

155 2183 253 2222 quae
287 2168 456 2208 Numinis
490 2173 576 2207 esset
608 2169 737 2215 Mens5
776 2176 813 2206 et

154 2240 203 2263 an
220 2227 282 2263 koc
300 2226 361 2264 ila·
368 2227 518 2277 facinus
533 2226 695 2264 suaderet
705 2226 812 2276 Apel-

155 2282 216 2320 lo?
244 2282 454 2320 secundum
470 2284 602 2320 Iuven.
615 2283 694 2320 Sat.
705 2284 810 2331 XIII,

155 2340 259 2386 202,
317 2340 383 2375 ubi
427 2339 622 2376 historiam
662 2346 812 2377 enarrat

156 2393 284 2431 Schol.
323 2408 370 2431 ex
407 2395 546 2432 Herod.
613 2397 809 2433 Eximium

157 2449 260 2501 quod
275 2452 443 2502 sequitur
466 2453 662 2489 oraculum
675 2455 812 2504 attige-

157 2513 242 2543 runt
263 2507 428 2556 [praeter
456 2507 715 2557 Eustathium‚
745 2510 812 2561 qui

157 2564 299 2599 oraculi
318 2570 465 2614 partem
492 2561 606 2600 habet
626 2564 673 2601 ad
692 2566 735 2602 Il.
756 2567 811 2602 III

155 2631 193 2668 p.
204 2618 284 2659 414
295 2632 323 2655 s·
337 2619 430 2666 314»,
445 2621 497 2660 39
519 2626 555 2655 et
566 2621 676 2659 Dion.
688 2619 812 2672 Chry-

158 2681 260 2721 sost.‚
288 2677 353 2726 qui
384 2677 447 2712 Or.
478 2676 601 2712 LXIV
615 2689 702 2726 pag.
731 2679 811 2718 640

159 2730 273 2766 verba
292 2732 391 2767 tertii
411 2732 585 2769 versiculi
611 2738 647 2768 et
666 2732 812 2784 reliqua

159 2786 270 2834 citat]
324 2788 437 2824 etiam
477 2788 652 2824 Clemens
698 2789 809 2826 Alex.

878 639 1021 677 Strom.
1054 641 1104 677 VI
1125 655 1168 691 p.
1197 638 1277 681 749
1307 647 1344 677 et
1370 642 1534 680 Pausan.

875 698 923 744 H,
963 698 1011 736 18
1046 699 1082 742 ξ.
1107 699 1144 736 2.
1174 698 1272 744 VIII,
1295 700 1320 738 7
1342 697 1425 745 fin„
1447 712 1537 736 ver-

876 766 961 790 sum
997 751 1084 789 hinc
1124 754 1294 791 excitans
1330 755 1534 792 ultimum:

873 805 1034 860 Ἀνδρὸς
1065 806 1100 848 δ’
1130 806 1297 862 εὐόρκου
1327 808 1441 862 γενεή
1467 826 1535 862 με·

875 863 1070 906 τόπισθεν
1101 862 1267 919 α’ρείων,
1309 868 1376 918 qui
1410 875 1463 905 est
1497 869 1537 904 iu

876 922 1030 960 Hesiod.
1042 919 1144 975 Ἐργ.
1157 939 1190 962 κ.
1205 922 1291 974 Ὴμ.
1301 937 1398 961 vers.
1410 923 1534 965 285.“

876 981 940 1017 Tu
973 979 1060 1017 add,
1100 979 1254 1017 Pindar.
1285 981 1343 1017 01.
1372 982 1429 1017 XI
1459 980 1534 1031 (X)

877 1039 929 1077 87
944 1035 1119 1075 Boeo-kh.
1141 1038 1271 1089 ibique
1291 1038 1423 1074 Dissen
1447 1038 1534 1089 (qui

875 1093 974 1130 bene
996 1095 1083 1130 citat
1105 1094 1147 1130 C.
1162 1095 1366 1132 O.Miiller.
1388 1095 1427 1130 iu
1441 1096 1534 1132 Dor.

874 1151 909 1185 ΙΙ
929 1164 967 1200 p.
1003 1148 1112 1201 192).
1158 1149 1380 1203 Namxhaud
1414 1151 1535 1187 infre-

875 1219 995 1258 quens
1024 1207 1094 1243 ista
1126 1208 1312 1244 sententia
1335 1207 1437 1258 apud
1465 1222 1534 1245 ve-

873 1270 971 1300 teres
993 1264 1169 1311 Graecos,
1192 1264 1327 1316 quibus
1347 1263 1444 1300 nihil
1463 1266 1534 1301 tri-

871 1321 962 1356 stius
982 1319 1201 1369 videbatur,
1241 1334 1358 1373 quam
1386 1322 1533 1358 nullam

871 1375 1012 1413 habere
1032 1378 1192 1427 prolem.
1241 1378 1416 1423 Quocum
1439 1391 1533 1415 con-

871 1434 1046 1473 iunctum
1068 1441 1121 1471 est
1141 1433 1237 1470 illud
1253 1464 1262 1482 ,
1284 1434 1388 1487 quod
1407 1435 1532 1472 maio-

872 1503 960 1526 rum
979 1491 1146 1528 facinora
1157 1492 1195 1527 in
1215 1493 1372 1542 posteris
1391 1493 1530 1542 puniri,

871 1547 1042 1597 inprimis
1072 1548 1304 1598 periurium,
1336 1549 1532 1585 existima-

870 1603 976 1640 bant.
1036 1604 1093 1640 cf.
1117 1605 1276 1642 Siebelis
1297 1603 1345 1641 ad
1365 1606 1530 1642 Pausan.

869 1660 896 1712 l.
916 1661 942 1698 l.
963 1673 1051 1711 pag.
1077 1663 1160 1702 206
1191 1668 1228 1698 et
1258 1663 1385 1713 ipsum
1404 1664 1532 1698 Hero-

871 1715 1005 1754 dotum
1027 1718 1106 1764 VII,
1132 1720 1222 1758 137.

926 1770 970 1813 to*
991 1771 1063 1825 μὲν
1085 1770 1226 1813 αὐτίκα
1245 1772 1406 1825 κέρδιον
1433 1789 1468 1812 κ.
1498 1789 1530 1812 τ.

870 1830 925 1878 λ.]
958 1830 1110 1867 Oraculi
1129 1844 1257 1867 sensus
1271 1837 1352 1867 est:
1375 1831 1530 1881 inprae-

869 1900 946 1923 sens
971 1887 1106 1936 quidem
1137 1886 1193 1935 (s.
1225 1889 1265 1923 in
1285 1888 1401 1924 breve
1426 1894 1530 1924 tem—

862 1932 967 1994 xpus)
1011 1943 1150 1994 expedit
1186 1956 1269 1980 sane
1301 1946 1355 1981 ita
1395 1945 1530 1980 iureiu-

870 2000 982 2037 rando
1002 1999 1146 2049 (falso)
1179 2000 1271 2037 edito
1305 2003 1438 2038 vincere
1467 2014 1530 2051 pe-

869 2058 1060 2106 cuniasque
1082 2059 1312 2095 intervertere.
1345 2058 1420 2094 Ubi
1441 2056 1529 2108 κέρ-

869 2113 957 2152 διον
978 2112 1114 2150 eodem
1133 2113 1250 2151 modo
1272 2113 1420 2162 dicitur,
1451 2126 1528 2165 quo

869 2166 1060 2220 ἄμεινον,
1093 2169 1140 2207 de
1171 2184 1246 2223 quo
1278 2170 1358 2208 dixi
1388 2170 1436 2207 ad
1459 2171 1527 2218 III,

869 2229 937 2267 71.
993 2228 1077 2278 Ipsa
1098 2241 1173 2265 vox
1194 2225 1352 2279 κέρδιον
1374 2241 1423 2264 ex
1442 2229 1527 2264 Ho—

867 2295 974 2319 mero
1009 2285 1095 2320 satis
1143 2291 1247 2321 nota.
1304 2283 1367 2321 Ad
1405 2285 1527 2335 ipsam

867 2341 1094 2377 sententiam
1114 2340 1245 2378 confer
1260 2339 1525 2391 Theognidea,

865 2410 921 2434 vs,
945 2396 1022 2437 140
1043 2411 1148 2450 seqq.
1169 2397 1340 2445 Welck.‚
1362 2399 1427 2450 qui
1447 2399 1526 2449 ipse

866 2452 1075 2490 Herodotei
1095 2468 1222 2492 versus
1243 2453 1346 2492 haud
1359 2455 1430 2491 fuit
1449 2456 1526 2491 im·-

866 2522 1029 2547 memor.
1448 2513 1454 2517 ’

925 2562 1171 2618 ἄλλ”Ὀρκου
1206 2562 1331 2616 πάϊς]
1362 2565 1423 2603 Ad
1453 2579 1525 2603 vo-

868 2635 953 2658 cem
973 2619 1070 2669 ποὲϊς
1092 2623 1193 2662 conf.
1215 2630 1312 2660 nott.
1329 2622 1376 2659 ad
1394 2623 1439 2669 V,
1456 2624 1522 2662 39.

856 2674 1011 2726 ‘'Opuov
1046 2680 1160 2729 ipsius
1201 2680 1370 2716 numinis
1410 2679 1526 2713 instar

869 2732 928 2783 (ut
946 2735 996 2771 ait
1005 2736 1237 2786 Wesseling.
1257 2733 1355 2771 adh.
1372 2734 1417 2782 l.)
1429 2746 1524 2769 con-

867 2789 1003 2828 siderat
1018 2820 1028 2838 ‚
1070 2804 1186 2843 quem
1217 2798 1353 2842 poetae
1373 2790 1523 2838 fingunt

1881 1581 1897 1627 μ’
