1897 3340
1 1711 13 1736 ιιι

443 259 530 300 298
837 258 1295 296 HERODOTI

446 367 520 412 καὶ
548 365 658 416 Διὸς
691 363 934 419 Οὐρανίου·
960 367 1049 410 καὶ
1086 367 1275 422 πόλεμόν
1311 383 1357 423 γε
1387 366 1587 423 ἐκφέρειν
1628 365 1698 411 ἐπ’

447 434 503 491 ἢν
542 435 597 478 ἂν
635 433 881 489 βούλωνται
919 432 1086 490 χώρην·
1126 434 1286 478 τούτου
1327 434 1372 478 δὲ
1400 436 1562 490 μηδένα
1590 432 1758 479 εἶναι4ο

419 501 764 558 2Σπαρτιητέων
802 501 1097 558 διακωλυτήν·
1139 505 1175 546 εἰ
1207 502 1252 546 δὲ
1282 502 1361 559 μή,
1401 502 1536 546 αὐτὸν
1565 502 1612 546 ἐν
1640 507 1702 562 τῷ

445 570 541 626 ἄγεϊ
570 570 803 625 ἐνέχεσθαι.
857 571 1210 626 στρατευομένων
1250 570 1317 622 δὲ,
1355 569 1555 624 πρώτους
1593 570 1703 613 ἰέναι

445 638 548 690 τούς
577 637 800 694 βασιλέας,
830 635 1043 689 ὑστάτους
1072 637 1118 682 δὲ
1145 636 1336 682 ἀπιέναι·
1367 637 1522 683 ἑκατὸν
1552 637 1599 681 δὲ
1628 635 1702 680 ἅν-

390 837 556 874 Graecos
577 832 794 870 obtinuerit.
837 831 1048 883 Spartano-

390 905 478 930 rum
509 891 659 940 regibus
691 889 896 940 antiquitus
921 902 1048 926 sacer-

394 948 496 986 dotia
525 947 724 984 commissa
752 946 864 982 fuisse
892 952 1048 981 testatur

391 1007 545 1056 quoque
565 1003 783 1040 Aristoteles
800 1003 912 1039 Polit.
927 1003 993 1048 111,
1007 1002 1047 1040 9.

389 1063 566 1112 Namque
586 1058 660 1096 hoc
681 1057 730 1096 ad
756 1060 901 1110 regiam
921 1057 1048 1107 digni-

390 1125 509 1155 tatem
528 1117 709 1167 pertinuit
725 1144 734 1162 ,
757 1116 908 1167 qualem
928 1115 1049 1165 prisca

391 1176 628 1212 Graecorum
656 1178 777 1209 aetate
804 1173 1049 1209 constitutam

390 1232 627 1282 Spartaeque
657 1235 843 1266 retentam
873 1241 951 1264 esse
983 1240 1050 1264 ac·-

389 1290 573 1339 cepimus,
611 1293 655 1323 ut
679 1286 791 1323 sacris
822 1282 1050 1337 quibusdam

389 1345 562 1396 publicis,
594 1355 692 1394 quae
715 1341 764 1378 ad
784 1354 940 1379 omnem
960 1353 1050 1391 per-

342 1411 345 1414 “
390 1402 556 1438 tinerent
585 1401 801 1444 civitatem,
832 1411 939 1448 reges
958 1398 1050 1433 fun-

391 1462 586 1508 gerentur.
663 1455 775 1492 Unde
806 1468 958 1506 quoque
986 1467 1050 1489 re-

391 1513 625 1565 petendum,
663 1511 766 1563 quod
794 1525 901 1562 reges
932 1512 1051 1561 Spar-

392 1572 471 1608 tani
492 1569 540 1606 ad
556 1569 698 1605 bellum
714 1569 916 1618 profecturi
929 1567 1050 1617 Apol-

392 1628 462 1664 lini
481 1638 586 1664 sacra
614 1625 821 1672 faciebant,
869 1631 981 1675 atque
1010 1625 1048 1658 in

392 1684 482 1734 ipsis
514 1680 818 1732 expeditionibus
860 1680 1049 1717 sacrifica-

393 1741 499 1778 bant.
557 1738 667 1774 Conf.
687 1738 835 1773 Miiller.
853 1737 880 1773 l.
901 1737 927 1773 l.
956 1737 991 1772 ΙΙ
1011 1749 1049 1785 p.

392 1799 528 1837 9Ο.-
560 1794 630 1831 Cr.
651 1794 814 1831 conferri
832 1793 1049 1842 vultApol-

391 1853 472 1890 lon.
504 1850 551 1887 de
573 1851 785 1886 Construct.
809 1851 856 1895 ΙΙ,
887 1852 935 1889 31
960 1861 1049 1899 pag.

395 1907 473 1949 184
502 1908 630 1959 ibique
649 1905 818 1943 Bekker.
845 1918 932 1957 pag.
954 1907 1051 1946 399.

450 2015 622 2070 πόλεμόν
649 2033 693 2070 γε
724 2016 933 2069 ἐκφέρειν]
965 2018 1048 2053 Ηοο

393 2088 472 2112 non
491 2077 555 2111 ita*
564 2074 866 2125 intelligendum,
884 2075 964 2110 acsi
978 2087 1049 2123 pe-

393 2146 461 2168 nes
492 2144 598 2181 reges
624 2132 722 2168 solos
751 2132 876 2177 fuerit,
904 2130 1050 2167 bellum

363 2230 366 2235 ι
393 2187 562 2224 indicere
583 2189 872 2238 quibuscunque
892 2187 1050 2236 placue-

395 2245 464 2291 rit,
496 2242 568 2280 hoc
599 2245 702 2279 enim
733 2245 790 2279 ius
811 2242 913 2293 apud
932 2243 1050 2278 Dores

395 2299 444 2337 ad
465 2313 620 2336 omnem
641 2301 832 2336 civitatem
853 2299 1053 2349 pertinuit3

395 2369 418 2392 a
449 2369 524 2407 qua
557 2355 710 2407 quando
742 2357 885 2392 bellum
917 2353 1051 2391 decre.-

393 2419 479 2449 tum
510 2419 609 2460 erat,
648 2425 782 2462 regum
812 2412 961 2448 arbitrio
993 2417 1053 2447 at-

395 2481 471 2520 que
500 2470 658 2519 imperio
698 2470 825 2505 onmia
864 2469 914 2504 ita
942 2480 1051 2504 com-

394 2527 506 2562 missa
541 2532 654 2569 sunt,
694 2532 757 2571 ut,
797 2526 921 2575 prouti
952 2525 1052 2574 opti-

393 2594 503 2618 mum
533 2583 619 2632 ipsis
639 2580 849 2628 videretur,
880 2587 1047 2630 agerent,

394 2639 636 2690 bellumque,
667 2651 897 2690 quocunque
918 2638 1047 2687 place-

394 2701 474 2742 ret,
526 2695 789 2741 transferrent,
848 2707 937 2730 cum
977 2694 1046 2742 ipsi

394 2763 544 2787 summo
557 2758 678 2788 essent
700 2750 854 2801 praediti
876 2752 1046 2800 imperio.

394 2809 457 2845 Tu
471 2806 546 2845 vid.
566 2809 800 2858 potissimum
823 2809 865 2844 C.
885 2808 930 2845 Ο.
945 2807 1047 2843 Μω-

393 2865 459 2903 ler.
481 2865 506 2902 l.
527 2865 553 2902 l.
573 2866 606 2902 11
626 2877 714 2916 pag.
738 2863 830 2906 104.

1160 829 1204 871 ἐν
1222 834 1280 886 τῷ
1297 829 1386 885 ἄγεϊ
1405 831 1637 884 ἐνέχεσθαι]
1666 831 1692 868 i.
1723 844 1759 870 e.

1098 889 1283 937 piaculari
1303 902 1332 926 s.
1355 891 1507 925 maximo
1523 891 1664 925 crimine
1685 901 1759 934 eum

1106 946 1222 984 teneri.
1282 946 1356 981 Ubi
1397 944 1444 981 de
1481 945 1758 995 praepositione

1105 998 1148 1039 ἐν
1168 1002 1325 1051 repetita
1348 1001 1408 1049 (ut
1424 1002 1502 1048 VII,
1526 1002 1647 1049 128),
1669 1001 1759 1037 alias

1104 1068 1216 1107 saepe
1236 1060 1373 1095 omissa
1391 1058 1542 1095 monuit
1573 1056 1759 1095 Valcken-

1105 1113 1222 1150 citans
1251 1114 1498 1151 Demosthen.
1519 1128 1552 1150 c.
1580 1115 1761 1151 Aristocr.

1103 1182 1143 1219 p-
1165 1168 1258 1219 408,
1280 1171 1346 1211 51.
1379 1172 1444 1222 [p.
1471 1173 1564 1217 632,
1586 1174 1612 1211 2
1632 1169 1761 1206 Reisk.

1104 1223 1206 1263 Add.
1226 1228 1270 1263 In
1291 1229 1484 1265 Macartat.
1517 1240 1555 1277 p.
1580 1228 1699 1273 1069,
1720 1229 1762 1267 9·

1103 1282 1179 1317 Pro
1221 1283 1360 1321 Coron.
1399 1285 1524 1320 Trier.
1561 1296 1600 1333 p.
1641 1285 1763 1328 1231,

1110 1336 1203 1387 15.]
1247 1339 1436 1378 Andocid.
1468 1351 1556 1390 pag.
1597 1340 1661 1386 12,
1692 1340 1761 1380 26·

1106 1394 1224 1446 [pag.
1255 1396 1323 1445 46,
1357 1398 1382 1438 5
1404 1394 1558 1443 Reisk.]
1589 1395 1646 1431 Ac
1674 1395 1763 1431 satis

1105 1459 1243 1489 notum
1259 1482 1268 1500 ‚
1310 1460 1472 1505 utroque
1508 1450 1624 1488 modo
1641 1480 1651 1498 ‚
1698 1451 1760 1487 vel

1106 1505 1234 1546 addita
1253 1511 1313 1546 vel
1334 1511 1470 1546 omissa
1483 1508 1760 1559 praepositione

1107 1562 1162 1612 ἓν,
1187 1567 1300 1602 verba
1321 1565 1490 1616 ἔχεσθαι,
1513 1563 1760 1615 συνέχεσθαι,Ι

1106 1620 1178 1657 alia
1194 1621 1233 1659 id
1253 1635 1372 1671 genus
1393 1623 1496 1672 poni.
1554 1622 1668 1657 Plura
1689 1619 1760 1656 da·-

1108 1676 1202 1715 bunt
1222 1680 1452 1727 VVesseliug.
1473 1676 1521 1714 ad
1531 1675 1673 1713 Herod.
1692 1676 1759 1723 111,

1109 1737 1200 1775 129.
1259 1735 1457 1771 Heindorf.
1507 1732 1556 1770 ad
1613 1734 1759 1769 Platon.

1103 1790 1269 1829 Phaedr.
1290 1805 1328 1841 p.
1351 1793 1444 1836 2233
1465 1788 1513 1826 ad
1534 1788 1699 1840 Sophist.
1721 1802 1760 1839 p.

1107 1848 1200 1888 346.
1257 1848 1307 1883 Et
1339 1847 1469 1883 confer
1488 1858 1643 1899 quoque
1662 1852 1760 1882 nott.

1106 1903 1155 1942 ad
1183 1904 1246 1951 lv,
1270 1906 1362 1944 131.

1163 1956 1303 1999 ἑκατόν
1328 1957 1370 1998 δὲ
1391 1956 1540 2009 ἄνδρας
1567 1953 1761 2010 λογάδας]

1107 2016 1314 2054 centenario
1340 2014 1401 2053 hic
1431 2014 1663 2052 offendimur
1681 2027 1759 2051 nu-

1104 2085 1224 2119 mero,
1246 2084 1335 2108 cum
1353 2073 1468 2123 vulgo
1480 2075 1643 2109 trecentos
1663 2071 1762 2121 regis

1106 2130 1301 2180 stipatores
1344 2128 1593 2180 custodesque
1647 2128 1760 2164 fuisse

1105 2191 1281 2232 narrent,
1312 2197 1451 2236 eosque
1481 2186 1589 2236 equis
1619 2191 1759 2231 vectos,

1106 2249 1200 2278 teste
1220 2239 1440 2293 Thucydid.
1460 2241 1504 2287 V,
1535 2243 1601 2280 72.
1635 2242 1760 2276 Hero-

1109 2297 1197 2334 doto
1226 2298 1324 2344 V111,
1349 2300 1428 2337 124
1448 2297 1534 2333 coll.
1555 2297 1635 2344 Vll,
1666 2295 1760 2337 205.

1106 2355 1255 2391 Miiller.
1275 2355 1302 2390 l.
1326 2355 1353 2390 l.
1382 2355 1416 2389 11
1437 2366 1522 2404 pag.
1545 2352 1638 2393 241.
1682 2354 1761 2388 Ita-

1107 2424 1183 2462 que
1204 2411 1273 2447 nisi
1301 2411 1435 2446 vitium
1455 2410 1620 2460 irrepsit,
1649 2421 1697 2445 ex
1716 2409 1761 2445 il-

1107 2468 1151 2504 lis
1190 2468 1364 2503 trecentis
1409 2473 1564 2503 centum
1620 2466 1759 2502 electos

1108 2524 1221 2560 suisse-
1260 2530 1467 2560 statuamus
1482 2553 1491 2571 ,
1539 2523 1760 2573 praecipuos

1109 2581 1207 2628 regis
1234 2581 1409 2617 satellites
1429 2580 1673 2630 comitesque.
1694 2579 1760 2614 Tu

1103 2636 1181 2674 vid.
1205 2649 1359 2688 quoque
1391 2635 1438 2673 de
1460 2636 1515 2671 his
1536 2641 1759 2672 monentem

1103 2695 1277 2731 Korti'un.
1293 2695 1329 2729 in
1345 2691 1539 2729 Schlosser
1559 2699 1594 2728 et
1607 2689 1758 2727 Bercllt.

1103 2748 1257 2787 Archiv.
1286 2751 1335 2786 lv
1355 2762 1442 2800 pag.
1468 2750 1555 2788 169.
1593 2749 1668 2784 Pro
1694 2745 1759 2786 ἐπὶ

1105 2808 1286 2856 στρατιῆς
1305 2819 1383 2842 non
1405 2818 1500 2856 opus
1520 2818 1607 2841 cum
1628 2802 1756 2841 Reisk.

1104 2863 1306 2900 rescribere
1326 2860 1391 2903 ἐπὶ
1412 2862 1635 2913 στρατηΐης.
