1897 3340
0 1350 9 1711 f

573 218 1006 259 ERATO.v1.

1348 224 1434 264 413

165 336 430 387 Μαραθῶνα
445 330 548 386 ἅμα
586 331 647 387 τῷ
674 327 836 384 Πέρσῃ
891 330 1023 370 τοῦτο
1055 325 1135 382 μὲν
1164 326 1218 382 δὴ
1248 327 1433 384 πρόσχη-

136 407 228 455 Ξμα
267 401 403 454 λόγου
441 401 520 454 ἦν·
567 394 678 450 άτάρ
718 411 817 438 τινα
858 395 931 438 καὶ
969 395 1149 450 ἔγκοτον
1190 391 1273 449 εἶχε
1318 400 1486 439 τοῖσι55

165 470 381 521 Παρίοισι
414 464 486 509 διὰ
517 461 778 517 Λυσαγόρεα
807 461 887 505 τὸν
920 465 1097 515 Τισίεω,
1138 461 1266 506 ἐόντα
1307 462 1434 518 γένος

165 535 357 590 Πάριον,
409 530 676 586 διαβαλόντα
706 546 783 586 μιν
811 530 923 585 πρὸς
954 529 1168 586 Ὑδάρνεα
1206 528 1285 572 τόν
1315 530 1429 585 Πέρ-

134 610 261 660 3σην.
314 599 596 655 Ἀπικόμενος
632 598 678 642 δὲ
707 598 750 650 ἐς
778 598 859 656 τήν
888 598 1006 643 ἔπλεε
1037 598 1060 643 ὁ
1092 597 1340 654 Μιλτιάδης
1377 601 1433 656 τῇ

163 673 354 726 στρατιῇ,
395 667 642 722 ἐπολιόρκεε
672 669 893 722 Παρίους,
937 666 1271 723 κατειλημένους
1309 666 1432 718 ἐντός

161 740 345 795 τείχεοςή
374 737 447 780 καὶ
479 735 707 791 ἐσπέμπων
735 733 922 790 κήρυκα,
955 736 1065 778 αἴτεε
1099 733 1256 777 ἑκατὸν
1277 732 1487 778 τάλαν-60

162 822 236 856 τα,
280 803 388 860 φὰς,
426 803 483 860 ἢν
527 804 586 860 μή
626 804 670 846 οἱ
702 804 830 853 δῶσι,
872 802 955 846 οὐκ
987 801 1312 857 άπαναστήσειν
1350 803 1432 859 τήν

131 871 393 929 4στρατιὴν,
423 872 526 927 πρὶν
554 870 583 927 ἢ
606 870 724 927 ἐξέλῃ
754 870 902 927 σφέας.
964 872 1018 914 Oi
1038 870 1083 914 δὲ
1107 869 1286 924 Πάριοι,
1317 868 1431 923 ὅκως

160 940 240 996 μέν
260 957 300 983 τι
331 939 524 984 δώσουσι
542 938 763 996 Μιλτιάδῃ
790 937 1021 994 ἀργυρίου,
1054 936 1184 982 οὐδὲν
1210 940 1430 982 διενοεῦν-

158 1024 230 1051 το·
271 1009 314 1051 οἷ
354 1007 424 1059 δὲ,
470 1007 584 1058 ὅκως
624 1007 944 1064 διαφυλάξουσι
979 1005 1061 1062 τήν
1099 1004 1250 1058 πόλιν,
1294 1009 1428 1050 τοῦτο

159 1075 458 1132 ἐμηχανῶντο·
500 1077 608 1119 ἄλλα
647 1092 691 1119 τε
722 1072 1083 1132 ἐπιφραζόμενοι,
1113 1073 1186 1117 καὶ
1214 1078 1267 1131 τῇ
1298 1074 1428 1130 μάλι-

160 1154 240 1187 στα
271 1143 364 1186 ἔσκε
393 1142 595 1187 ἑκάστοτε
624 1143 832 1200 ἐπίμαχον
861 1146 942 1187 τοῦ
963 1143 1144 1198 τείχεος,
1173 1147 1306 1187 τοῦτο
1337 1143 1426 1200 ἅμα
1439 1149 1483 1185 65

272 1305 365 1356 Cap.
388 1305 604 1342 CXXXIII.

159 1358 369 1414 πρόσχημα
392 1357 509 1413 λόγου
540 1356 612 1411 ἦν]
647 1361 759 1403 Conf,

103 1419 167 1467 VI,
189 1418 257 1458 44.
285 1419 354 1464 lv,
378 1421 472 1460 167.
502 1420 560 1455 De
580 1419 764 1469 particula

104 1471 219 1527 άτάρ,
250 1483 458 1526 praeeunte
479 1473 574 1525 μὲν,
611 1477 764 1513 monuit

101 1533 160 1570 vir·
199 1531 332 1569 doctus
372 1533 413 1568 in
454 1530 543 1569 The
587 1532 763 1569 Classical

99 1590 237 1627 Journ.
258 1590 292 1627 V
310 1601 398 1639 pag.
418 1590 516 1628 218.
535 1589 587 1625 VI
605 1602 643 1639 p.
665 1591 760 1630 269.

101 1647 168 1683 Tu
188 1645 276 1683 add.
301 1648 425 1684 Zeun.
448 1644 497 1682 ad
523 1646 651 1695 Viger.
672 1658 760 1696 pag.

102 1702 196 1743 556.
235 1701 378 1739 Herod.
417 1702 463 1750 V,
495 1704 560 1742 66.
600 1703 663 1749 IV,
697 1705 760 1750 18,

105 1761 196 1801 178.
222 1761 312 1807 188,
333 1772 382 1795 ne
402 1759 524 1809 plura.
568 1757 631 1795 Ad
652 1757 762 1810 ἔγκο-

101 1830 168 1861 τος
188 1815 289 1852 conf.
311 1817 378 1862 III,
400 1815 453 1856 59
482 1822 519 1852 et
550 1814 599 1852 ad
621 1815 763 1866 διαβα-

103 1866 217 1911 λόντα
244 1878 341 1909 nott.
371 1870 420 1908 ad
448 1871 493 1919 V,
517 1872 584 1913 35.

155 1948 462 2001 κατειλημένους
472 1947 578 1998 ἐντὸς
591 1950 758 2001 τείχεος]

102 2007 126 2046 ἰ.
147 2020 180 2043 e.
202 2009 299 2045 intra
322 2019 459 2044 murum
478 2011 635 2055 coactos,
665 2020 764 2043 com-

96 2063 230 2114 pulsos.
303 2064 405 2100 Male
449 2063 562 2101 codd.
602 2063 761 2115 quidam

101 2122 258 2170 κατειλη
271 2135 298 2171 μ
308 2119 474 2172 μένους.
556 2120 644 2157 Vid.
693 2121 759 2168 ΙΠ,

105 2178 155 2217 13
196 2177 280 2216 coll.
319 2178 389 2224 IX,
425 2179 492 2217 30.
527 2179 594 2218 69.
643 2177 761 2228 Apud

104 2232 254 2271 Cornel.
274 2234 464 2284 Nepotem
482 2234 508 2271 l.
527 2235 551 2271 l.
572 2233 760 2271 Miltiades

102 2290 220 2327 urbem
259 2291 414 2340 operibus
448 2290 580 2328 clausit
606 2293 762 2341 omnique

104 2349 293 2382 commeatu
323 2349 493 2397 privavit.
549 2349 644 2384 Mox
669 2349 763 2384 reti-

102 2402 172 2436 nui
206 2397 522 2453 οἷπαναστήσειν,
557 2403 762 2442 accedente

103 2457 232 2504 Valla,
275 2459 341 2508 qui
366 2460 496 2495 vertit:
529 2461 763 2499 abducturum

104 2516 236 2563 copias·
275 2514 353 2549 Alii
373 2509 676 2564 ἀπονοστήσειν.
702 2518 762 2555 Cf.

102 2570 178 2614 IX,
198 2571 265 2611 86.
285 2571 352 2610 87.
373 2570 510 2622 Polyb.
524 2572 588 2620 IV,
607 2575 671 2612 17.

162 2652 265 2704 ὅκως
286 2655 357 2708 μέν
367 2673 403 2697 τι
425 2656 598 2699 δώσουσι
615 2675 652 2699 κ.
663 2675 695 2698 τ.
706 2662 761 2710 λ.]

109 2713 166 2749 De
198 2719 384 2751 structura
420 2716 625 2766 particulae
661 2712 764 2764 ’ὅκως

109 2766 186 2805 vid.
205 2776 300 2807 nott.
313 2770 439 2819 adVI,
461 2771 529 2812 85.
585 2773 643 2808 De
662 2778 764 2809 stru-

108 2830 216 2862 ctura
235 2821 543 2880 τι-οἷργυρίου
564 2827 612 2865 cf.
627 2827 763 2866 Matth.

821 1305 887 1341 Gr.
917 1304 983 1341 Gr.
1015 1304 1052 1349 §-
1084 1302 1178 1352 442,
1200 1307 1244 1350 3,
1265 1306 1331 1357 qui
1351 1312 1481 1342 tamen

819 1374 924 1397 nunc
943 1375 963 1397 e
985 1361 1204 1429 Florentino
1231 1375 1387 1427 unoque
1408 1364 1482 1398 Pa-

820 1419 934 1454 risino
947 1417 1051 1455 dedit
1061 1433 1097 1456 τι
1107 1413 1369 1485 -άργύριον,
1392 1432 1482 1456 cum

819 1481 1007 1512 structura
1035 1470 1322 1528 τι-άργυρίου
1344 1476 1483 1526 aliquid

819 1534 963 1580 argenti
991 1545 1021 1568 s.
1055 1545 1229 1582 pecunzae
1256 1533 1393 1569 Latina
1422 1534 1481 1580 sit,

817 1601 897 1624 non
919 1589 1077 1625 Graeca.
1129 1587 1239 1625 Idem
1259 1585 1390 1636 οὐδὲν,
1412 1602 1484 1626 cu-

817 1645 874 1681 ius
895 1645 980 1681 loco
1001 1652 1076 1682 tres
1096 1645 1182 1681 libri
1203 1641 1311 1693 ου’δὲ,
1328 1647 1482 1698 reliquit

816 1702 1026 1750 intactum,
1072 1700 1120 1738 de
1148 1715 1243 1739 voce
1265 1699 1387 1741 ου’δὲν
1411 1716 1481 1754 pro

820 1754 870 1798 ου’
888 1759 1010 1809 posita
1029 1757 1189 1796 laudans
1206 1760 1252 1796 G.
1263 1761 1476 1796 Hermann.

819 1814 868 1851 ad
899 1813 1081 1865 Sophocl.
1108 1816 1241 1866 Antig.
1273 1819 1354 1857 610
1384 1823 1481 1853 extr.

818 1874 876 1908 De
890 1885 960 1908 usu
988 1872 1196 1922 particulae
1231 1869 1274 1910 δὲ
1293 1874 1334 1908 in
1354 1873 1479 1910 verbis

820 1928 863 1967 οἷ
882 1926 924 1967 δὲ
945 1924 1048 1974 ὅκως
1072 1925 1363 1977 διαφυλάξουσι
1375 1930 1478 1966 conf.

817 1984 922 2021 idem
960 1982 1143 2021 Matthiae
1188 1986 1256 2022 Gr.
1299 1986 1365 2022 Gr.
1389 1999 1479 2036 pag.

821 2044 941 2088 1037,
960 2042 1026 2093 qui
1054 2054 1143 2091 pag.
1172 2040 1255 2082 414
1276 2044 1480 2079 consulen-

817 2096 886 2134 dus
909 2096 956 2134 de
975 2098 1099 2135 forma
1121 2097 1220 2149 36⁵5&-

872 2154 939 2193 καὶ
958 2157 1009 2208 τῇ
1027 2151 1194 2205 μάλιστα
1217 2169 1254 2193 κ.
1274 2169 1307 2194 τ.
1329 2156 1381 2204 λ.]
1403 2155 1428 2192 i.
1445 2168 1478 2192 e.

818 2210 891 2261 qud
904 2213 1125 2261 potissimum
1143 2215 1249 2262 parte
1276 2224 1396 2249 murus
1415 2225 1479 2249 est:-

814 2271 980 2318 pugnatu
1003 2267 1136 2318 facilis
1167 2271 1266 2316 erat,
1299 2269 1352 2306 ibi
1382 2272 1481 2306 nocte

819 2326 1008 2373 ingruente
1027 2325 1134 2375 duplo
1151 2325 1310 2362 altiorem
1328 2338 1478 2373 murum,

820 2394 924 2432 quam
959 2383 1022 2431 qui
1051 2386 1155 2419 antea
1180 2381 1328 2431 fuerat,
1360 2395 1479 2419 erexe-

818 2441 918 2475 runt.
946 2439 1021 2474 Ubi
1040 2440 1113 2476 τοῦ
1134 2439 1284 2488 τείχους
1302 2451 1383 2475 non
1401 2441 1479 2475 mi-

818 2508 891 2532 nus
920 2493 1124 2531 conunode
1168 2494 1479 2532 antecedentibus

818 2550 1136 2604 ’τῇ-ἐπίμαχον
1168 2550 1319 2588 adnecti
1338 2553 1479 2603 poterit

820 2620 938 2658 quam
966 2608 1210 2659 sequentibus
1239 2611 1355 2648 τοῦτο
1382 2605 1479 2659 ἅμα·

817 2662 1003 2700 Valcken.
1022 2665 1187 2701 similem
1199 2666 1337 2702 excitat
1349 2666 1479 2701 locum

819 2718 1001 2771 Thucyd.
1013 2720 1077 2767 IV,
1094 2721 1186 2762 115.
1215 2720 1317 2759 Add.
1335 2719 1477 2757 Herod.

817 2776 848 2823 Ι,
869 2777 936 2816 84.
956 2774 1150 2813 Plutarch.
1170 2777 1315 2814 Timol.
1337 2779 1383 2825 8,
1411 2775 1477 2812 ubi

820 2830 898 2869 vid.
917 2831 1030 2870 Held.
1049 2844 1140 2883 pag.
1154 2832 1248 2874 354

1487 536 1568 578 500
