1897 3340
429 237 512 276 46⁰
817 238 1282 274 HERODOTI

97 349 168 368 rans
179 344 371 376 argumenta,

95 375 140 401 ita
166 379 319 407 minetur,
340 379 373 401 ut

96 409 176 435 bellu
193 408 348 435 abstinen-

97 442 167 467 dum
187 446 320 468 censeat.

98 475 213 502 Eadem
233 479 320 501 nocte

95 509 221 542 somnio,
237 516 276 535 ne
289 508 372 542 prius

96 541 254 568 eonsilium
275 549 337 568 iuu-

96 578 143 603 εει
158 578 370 603 commonetur.

429 360 483 399 νη
513 360 556 387 τε
587 344 771 399 ἐγίνετο,
793 344 866 387 καὶ
887 344 1046 397 Ξέρξεα
1076 344 1256 400 ἔκνιζεὴ
1282 344 1548 402 Ἀρταβάνου
1576 347 1683 402 γνώ-

430 429 501 467 μη,
531 413 658 455 νυκτὶ
688 412 734 455 δὲ
767 412 932 468 βουλήν
963 412 1136 463 διδούς,
1177 414 1318 468 πάγχυ
1355 413 1528 468 εὕρισκέ
1558 416 1600 458 οἱ
1629 414 1683 457 οὐ

401 483 607 534 Ξπρῆγμα
637 477 747 522 εἶναι
777 479 1090 533 στρατεύεσθαι
1114 480 1181 523 ἐπὶ
1209 481 1287 537 τὴν
1310 481 1517 525 Ἑλλάδα·
1554 483 1678 526 δεδο-
1696 489 1741 522 50

429 549 598 602 γμένων
644 545 689 589 δέ
727 548 771 589 οἷ
808 542 929 598 αὖτις
967 547 1153 600 τούτων,
1201 549 1468 593 κατύπνωσε.
1525 551 1600 593 καὶ
1629 549 1684 606 δή

425 633 508 660 κου
538 616 584 658 ἐν
612 618 665 670 τῇ
695 615 819 657 νυκτὶ
849 613 933 658 εἶδε
963 615 1067 666 ὄψιν
1095 616 1286 671 τοιήνδε,
1318 615 1373 668 ὠς
1402 616 1567 672 λέγεται
1595 617 1682 662 ὑπὸ

429 682 645 737 Περσέων.
706 682 847 725 ἐδόκεε
874 682 898 725 ὁ
919 682 1081 739 Ξέρξης
1111 683 1248 736 ἄνδρα
1278 686 1321 727 οἱ
1349 684 1584 728 ἐπιστάντα
1603 686 1684 739 με’-

425 766 509 808 γαν
538 766 582 793 τε
610 750 684 794 καὶ
712 748 876 793 εὐειδέα
907 752 1059 793 εἰπεῖν·
1103 750 1256 803 „Mende
1287 751 1339 807 δή
1370 749 1616 806 βουλεύεαι,
1648 748 1683 795 ὦ

427 820 620 872 ,,Πε’ρσα,
650 816 891 872 στράτευμα
911 818 970 872 μὴ
1000 816 1120 871 ἄγειν
1148 818 1215 860 ἐπὶ
1236 817 1316 873 τήν
1340 816 1545 872 Ἐλλάδα,
1579 836 1683 874 προ·
1695 827 1741 862 55

427 890 576 941 „alatas
619 883 778 937 ἁλίζειν
811 885 983 940 Πέρσας
1012 885 1220 937 στρατόνς
1249 883 1348 927 οὕτε
1379 880 1441 928 ὦν
1477 891 1685 943 μεταβου-

427 955 685 1010 ,,λευόμενος
722 952 881 1003 ποιέεις
915 947 985 1005 εὗ,
1024 952 1123 996 οὔτε
1159 952 1183 996 ὁ
1224 952 1582 1010 συγγνωσόμενός
1615 971 1684 999 τοι

368 1132 503 1166 Noster
516 1142 584 1180 pro
599 1130 705 1174 nocte,
727 1125 878 1164 videtur
898 1128 972 1176 ille,
985 1134 1028 1165 ut

369 1188 466 1223 bene
494 1186 701 1236 suspicatur
743 1184 958 1221 Blomfield.
988 1186 1028 1221 in

368 1244 530 1280 Glossar.
553 1241 601 1278 ad
622 1239 800 1291 Aeschyl.
830 1240 1027 1279 Prometh-

339 1329 342 1333 .
366 1302 448 1340 676
471 1297 638 1335 alludere
658 1297 801 1334 adeam
821 1299 924 1335 vocis
944 1305 1028 1349 ety-

365 1356 586 1406 mologiam,
610 1354 685 1407 quit
703 1361 858 1391 noctem
879 1350 1028 1405 εὐφρό-

367 1427 444 1462 νην
484 1412 558 1448 dici
597 1419 741 1449 veteres
787 1412 1027 1461 grammatici

366 1468 480 1519 (quos
500 1467 717 1505 Blomfield.
735 1469 891 1516 excitat)
909 1466 1026 1504 doce-

365 1526 457 1562 bant
491 1522 628 1564 διοέἽῐὸ
659 1519 704 1563 εὖ
725 1527 904 1573 φρονεῖν.
964 1525 1025 1560 Ex

365 1580 547 1619 Herodot.
589 1581 688 1617 conf.
723 1581 804 1626 VII,
835 1580 900 1620 56.
932 1583 1025 1621 188.

363 1639 431 1685 IX,
461 1641 527 1678 37-
559 1639 625 1677 39.
649 1660 698 1664 —-
723 1636 833 1681 Quod
853 1638 1024 1687 sequitur

364 1692 487 1740 ἔκνιζε
515 1694 637 1730 valet:
665 1695 840 1743 pupugit,
871 1706 1021 1729 momor-

363 1750 439 1797 dit,
478 1752 647 1788 irritavit.
707 1749 794 1786 vid.
835 1756 930 1786 nott.
971 1748 1019 1786 ad

362 1807 443 1854 VII,
476 1809 526 1847 10
549 1807 586 1852 ξ.
603 1806 641 1846 5.

416 1861 530 1901 νυκτὶ
569 1859 612 1900 δὲ
653 1858 806 1913 βουλὴν
853 1859 1018 1911 διδούς]

361 1917 766 1968 Schweigliaeuserus,
826 1919 898 1955 nisi
931 1920 1019 1968 ipsis

359 1977 481 2012 verbis
524 1975 747 2012 Herodoteis
783 1975 875 2011 olim
907 1974 1019 2012 addi-

359 2039 441 2068 tum
481 2032 610 2079 suerit,
651 2033 881 2081 subintelligi
919 2039 1019 2069 certe

359 2089 439 2124 vult
461 2087 605 2141 ἑωυτῷ,
634 2096 676 2125 ut
708 2102 752 2125 ea
775 2089 910 2125 existat
929 2102 1019 2125 sen-

361 2145 496 2180 tentia:
538 2149 642 2182 noctu
676 2158 788 2182 secum
812 2145 1018 2192 deliberans,

360 2201 537 2236 consilium
549 2203 670 2248 iniens,
691 2200 1019 2252 quemadmodum

361 2254 461 2292 haud
482 2257 699 2307 infrequens
720 2257 820 2307 apud
840 2259 1018 2293 Nostrum

357 2307 476 2362 λόγον
499 2311 632 2362 ἕωντῷ
648 2309 799 2351 διδόναι
819 2315 847 2359 I,
860 2316 953 2353 209.
970 2316 1016 2361 11,

363 2371 454 2408 162.
485 2369 549 2415 111,
582 2369 646 2415 25,
669 2370 782 2416 alib13
817 2371 887 2405 ulsi
909 2371 1016 2406 malis

360 2425 409 2460 ita
449 2426 640 2474 accipere:
687 2428 783 2462 nocti
819 2426 1014 2473 consilium,

359 2480 636 2518 deliberationem
664 2484 887 2531 portantem,
934 2486 1015 2519 tra-

356 2537 517 2574 dens.—
550 2537 611 2574 Ad
643 2539 756 2574 verba
786 2534 940 2588 εὕρισκέ
976 2538 1018 2577 οἱ

361 2589 410 2631 ου’
434 2596 597 2644 πρῆγμα
616 2589 717 2632 εἶναι
745 2596 846 2631 conf.
872 2596 1015 2632 Aristo-

360 2648 473 2698 plian.
490 2651 634 2687 Eccles.
656 2651 751 2692 656.
783 2651 963 2688 Herodot.
986 2654 1014 2699 Ι,

362 2708 410 2746 79
432 2706 559 2758 ibique
570 2714 664 2746 nott.
680 2730 726 2734 —
752 2708 826 2745 Pro
847 2707 1016 2747 τουτέων

350 2761 439 2798 dedi
460 2758 624 2802 τούτων.

420 2815 680 2868 κατύπνωσε]
723 2820 748 2856 i.
771 2833 803 2856 e.
835 2832 946 2857 somno
967 2824 1016 2857 est

1083 1129 1241 1177 sopitus,
1293 1128 1492 1166 dedormffl.
1546 1126 1656 1164 conf.
1676 1128 1739 1175 IV,

1082 1186 1122 1225 8.
1143 1183 1224 1231 Vll,
1246 1183 1284 1224 4.
1309 1185 1372 1225 15.
1399 1188 1462 1225 16.
1487 1186 1550 1224 17.

1141 1236 1268 1280 ἐδόκεε
1300 1239 1323 1280 ό
1357 1241 1504 1291 Ξέρξης
1537 1237 1665 1291 ἄνδρα
1701 1239 1744 1279 οἱ

1084 1293 1298 1336 ἐπιστάντα
1318 1312 1354 1336 κ.
1373 1313 1406 1336 τ.
1426 1298 1477 1346 λ.]
1502 1296 1740 1334 Structuram

1081 1354 1187 1389 verbi
1210 1354 1340 1392 δοκεῖν
1370 1367 1459 1391 cum
1478 1354 1690 1390 accusativo
1704 1360 1741 1390 et

1085 1410 1269 1446 infinitivo
1280 1412 1435 1458 ¹notavit
1457 1408 1569 1448 Held.
1582 1408 1630 1447 ad
1641 1411 1740 1446 Plut.

1082 1467 1317 1504 Timoleont.
1351 1470 1376 1508 8
1398 1479 1486 1517 pag.
1514 1466 1607 1507 353.
1637 1465 1738 1503 Add.

1081 1522 1264 1560 Herodot.
1286 1525 1314 1571 Ι,
1339 1526 1416 1565 108
1437 1525 1529 1576 ibiq.
1549 1531 1644 1561 nott.
1658 1524 1738 1570 Vll,

1099 1582 1164 1620 18.
1199 1582 1262 1619 19.
1316 1579 1378 1616 Ad
1417 1593 1528 1617 voces
1549 1578 1672 1632 μέγαν
1699 1592 1739 1618 τε

1079 1635 1146 1674 καὶ
1197 1633 1348 1676 εὐειδέα
1401 1638 1502 1674 conf.
1555 1644 1650 1674 nott.
1689 1635 1738 1673 ad

1078 1693 1122 1740 V,
1148 1694 1210 1732 12.

1133 1744 1350 1799 στράτευμα
1371 1746 1426 1800 μή
1445 1746 1571 1800 ἄγειν]
1593 1749 1737 1786 Vocula

1078 1801 1131 1854 μή
1163 1806 1262 1841 male
1293 1807 1332 1841 iu
1371 1805 1598 1857 quibusdam
1635 1806 1741 1842 libris

1078 1859 1194 1897 deest.
1251 1861 1336 1898 vid.
1360 1860 1496 1899 Matth.
1524 1863 1589 1901 Gr.
1612 1863 1677 1900 Gr.
1701 1865 1739 1909 §.

1077 1917 1159 1957 534
1179 1924 1258 1955 not.
1281 1917 1319 1966 4,
1339 1921 1366 1958 2
1386 1932 1424 1969 p.
1449 1917 1555 1959 1047
1576 1926 1613 1956 et
1640 1917 1738 1956 adde

1076 1974 1123 2010 sis
1145 1974 1224 2021 Vll,
1247 1976 1309 2014 13.
1329 1997 1385 2002 —
1415 1977 1508 2011 Mox
1539 1989 1610 2026 pro
1632 1973 1739 2025 Πέρ-

1078 2041 1168 2083 σῃσι
1189 2028 1310 2081 (quod
1331 2045 1380 2068 ex
1399 2033 1736 2082 interpretamento

1076 2085 1228 2122 fluxisse
1255 2086 1428 2133 videtur)
1450 2089 1623 2125 revocavi
1645 2101 1735 2125 cum

1076 2141 1295 2191 Schweigh.
1335 2150 1372 2179 et
1406 2144 1521 2184 Gaisf.
1565 2143 1732 2194 Πέρσας,

1076 2197 1179 2248 quod
1200 2200 1284 2234 libri
1303 2201 1442 2250 scripti,
1474 2213 1551 2236 uno
1573 2208 1732 2252 excepto

1076 2254 1265 2291 Sauo-resti
1278 2255 1420 2301 codice,
1433 2257 1615 2294 ferebant.
1631 2259 1733 2294 Sen-

1074 2324 1134 2347 sus
1165 2319 1242 2348 est:
1289 2313 1435 2350 aluisti
1464 2314 1651 2362 (Persis),
1691 2318 1733 2351 ut

1074 2366 1199 2404 Persae
1221 2369 1421 2417 colligerent
1439 2371 1636 2407 exercitum.
1669 2370 1732 2407 Ad

1072 2432 1340 2473 argumentum
1390 2426 1463 2462 loci
1499 2427 1732 2477 WVesseling.

1071 2482 1216 2517 confert
1245 2480 1423 2532 Aescliyl.
1453 2483 1555 2521 Pers.
1578 2485 1644 2531 93,
1666 2484 1731 2535 qui

1072 2535 1281 2588 δολόμητιν
1325 2533 1483 2576 ‹invitm›
1518 2541 1622 2578 θεοῦ
1659 2553 1731 2576 vo-

1072 2601 1151 2641 cat,
1182 2594 1256 2645 qua
1277 2596 1424 2632 Xerxes
1445 2608 1512 2645 per
1538 2596 1730 2632 somnium

1072 2651 1254 2700 impulsus
1286 2658 1369 2701 post
1398 2651 1660 2689 fluctuationes
1689 2653 1729 2689 in

1071 2707 1214 2743 bellum
1235 2709 1362 2745 ruerit.

1129 2761 1219 2802 οὕτε
1250 2762 1274 2803 ό
1314 2759 1635 2815 συγγνωσόμενός
1671 2778 1730 2802 τοι

1072 2818 1209 2872 πάρα]
1250 2819 1408 2871 „Neque
1437 2822 1556 2870 adest,
1587 2824 1649 2873 qui
1665 2823 1732 2860 tibi
