1897 3340
512 172 979 210 POLYMNIA.
1039 174 1136 212 VII.
1366 186 1448 226 755

190 278 256 337 ἤϊε
277 279 319 332 ἐς
344 280 643 337 Θερμοπύλας,
671 278 967 335 ἐπιλεξάμενος
996 278 1159 335 ἄνδρας
1187 298 1231 326 τε
1251 287 1354 339 τούς
1373 307 1445 335 κα-

189 352 422 401 τεστεῶτας
462 350 760 406 τριηκοσίους,
789 347 864 390 καὶ
891 352 1006 392 τοῖσι
1034 346 1274 404 ἐτύγχανον
1301 359 1501 409 παῖδες3ο

189 416 343 468 ἐόντες.
402 417 667 475 παραλαβών
706 414 752 458 δὲ
780 412 955 460 ἀπίκετο
993 415 1068 461 καὶ
1101 419 1306 474 Θηβαίων
1342 424 1446 475 τούς

185 484 229 536 ἐς
255 484 334 529 τόν
363 483 555 542 ἀριθμόν
582 481 868 540 λογισάμενος
900 481 1038 537 εἶπον,
1067 488 1157 528 τῶν
1189 485 1443 544 ἐστρατήγεε

157 552 458 609 4Λεοντιάδης
495 552 521 596 ὁ
558 550 840 608 Εὐρυμάχου.
896 555 1026 597 τοῦδε
1068 554 1114 598 δὲ
1155 555 1318 598 εἵνεκεν
1347 556 1444 600 τού-

183 636 288 670 τους
327 619 523 676 σπουδὴν
558 619 789 676 ἐποιήσατο
827 622 1050 678 Λεωνίδης
1089 622 1285 677 μούνους
1299 620 1496 680 Ἕλλη-35

155 694 281 730 5νων
316 689 603 744 παραλαβεῖν,
634 686 702 732 ὅτι
741 686 889 745 σφέων
928 687 1124 745 μεγάλως
1168 688 1439 748 κατηγόρητο

124 860 240 897 tribus
258 861 424 898 millibus
443 860 645 900 sociorum.
703 862 782 898 Ita-

124 930 198 968 que
228 917 331 968 apud
360 916 600 954 Herodotum
635 918 780 955 intelli-

121 980 264 1023 guntur
292 975 450 1011 trecenti
478 974 655 1024 Spartani
675 988 696 1010 e
717 988 779 1011 re-

120 1031 230 1082 liquis
262 1031 405 1068 civibus
434 1030 569 1067 delecti
587 1032 691 1083 iique
712 1044 778 1068 ae·-

119 1088 282 1123 tateiam
301 1088 554 1138 provectiores
574 1095 775 1140 patresque

118 1142 291 1180 familias.
337 1142 381 1180 Id
403 1144 505 1180 enim
524 1145 650 1194 ipsum
670 1143 774 1182 haud

116 1200 192 1236 scio
214 1212 262 1236 an
287 1199 458 1237 indicent
486 1201 601 1237 verba
632 1201 674 1240 οἱ
700 1216 773 1240 κα-

115 1258 320 1302 τεστεῶτες
338 1255 407 1295 καὶ
429 1260 532 1296 τοῖσι
554 1252 771 1309 ἐτύγχανον

114 1313 253 1359 παῖδες
273 1309 415 1361 ἐόντες,
451 1314 518 1350 ubi
538 1314 768 1365 VVesseliug.

113 1369 377 1420 interpretatus
399 1377 477 1406 erat
496 1382 608 1407 omnes
619 1372 772 1409 militari

113 1429 229 1463 aetate
263 1425 562 1477 (constitutos),
593 1429 660 1479 qui
679 1429 768 1465 alibi

111 1489 296 1520 vocantur
316 1482 358 1522 οἷ
373 1480 416 1522 ἓν
429 1483 564 1538 ἡλικίᾳ
581 1491 695 1536 atque
708 1491 768 1521 et-

110 1539 189 1575 iam
211 1538 253 1579 οἱ
267 1539 310 1579 ε”ν
332 1536 521 1591 αἰσθήσει
543 1543 768 1580 uocemue&-

109 1609 183 1644 τες,
239 1603 282 1633 ut
322 1603 376 1633 est
413 1596 514 1647 apud
554 1598 765 1635 Stobaeum

108 1653 228 1700 XVII,
250 1651 303 1693 35
322 1667 360 1703 p.
387 1654 464 1694 159
492 1653 562 1703 (Τ.
583 1656 601 1689 I
620 1668 658 1705 p.
681 1655 763 1696 353

108 1709 246 1757 Gaisf.)
265 1708 477 1747 Larcherus
496 1711 656 1760 intelligi
675 1724 762 1748 ma·-

106 1765 177 1803 luit
196 1769 363 1803 trecentos
382 1779 424 1803 ex
444 1766 691 1805 honestioribus
710 1770 763 1805 cz·-

105 1823 205 1859 vz'bus
234 1821 452 1872 Spartanae,
492 1825 559 1874 qui
588 1825 762 1875 quamvis

105 1878 203 1929 pede
221 1878 408 1929 stipendia
430 1879 621 1928 facientes,
650 1881 761 1932 equi-

105 1942 188 1972 tum
199 1942 329 1972 tamen
339 1936 497 1972 nomine
510 1937 662 1974 vocitati
674 1937 760 1974 sue-

104 1992 178 2029 rint
207 1992 264 2041 (in
287 2004 362 2043 quo
386 1994 520 2029 merito
542 1993 761 2044 obloquitur

104 2049 147 2086 G.
168 2049 213 2085 Ο.
232 2049 382 2089 Miiller.
400 2050 493 2086 Dor.
512 2051 548 2085 II
566 2062 654 2100 pag.
676 2049 754 2090 241

102 2105 230 2153 not-2)
242 2118 431 2157 vocesque
446 2102 758 2152 τοῦςκατεστεῶ-

102 2175 170 2208 τας
198 2162 466 2211 interpretatur
494 2163 524 2199 le
556 2175 653 2212 corps
676 2163 756 2212 fixe

102 2221 135 2254 et
166 2221 386 2266 permanent,
426 2219 552 2256 stabile
577 2221 682 2268 quasi
713 2232 756 2256 ac

95 2276 301 2324 perpetuum
318 2285 460 2321 agmen:
491 2274 595 2326 quod
614 2277 646 2312 si
673 2275 755 2312 fue-

101 2331 170 2377 rit,
203 2328 244 2365 de
273 2328 406 2366 delectu
440 2332 505 2381 qui
531 2344 656 2368 sermo
677 2345 756 2369 esse

100 2386 278 2437 potuerit,
286 2392 385 2422 recte
396 2386 756 2437 miraturSchweig-

97 2441 322 2489 haeuserus,
354 2443 420 2493 qui
449 2455 536 2479 cum
559 2441 754 2480 Schultzio

96 2497 191 2536 haec
221 2499 337 2536 verba
356 2500 408 2535 ita
437 2499 657 2549 simpliciter
677 2512 754 2536 esse

96 2553 289 2592 reddenda
310 2556 476 2592 censuit:
499 2555 757 2592 covzstz'tutosn'l-

97 2612 147 2649 los
176 2612 291 2662 (lege
319 2608 429 2661 scil.)
460 2615 628 2649 trecentos
658 2614 752 2648 viros

94 2681 125 2707 s.
151 2668 344 2717 legitimum
373 2680 552 2706 numerum
582 2671 750 2705 trecento-

93 2737 172 2762 rum
190 2727 354 2762 virorum.
405 2726 457 2761 At
475 2726 611 2761 rectius
632 2723 747 2771 idem,

94 2782 240 2832 opinor,
261 2783 302 2818 in
321 2781 493 2820 versione
511 2782 668 2818 Latina:
689 2782 747 2818 iu-

837 863 912 897 stae
942 861 1074 898 aetatis
1100 863 1202 910 vz‘rz's,
1236 875 1403 914 eumque
1433 878 1494 901 se-

836 923 944 954 cutus
958 919 1113 967 Lange:
1144 918 1367 957 dreihumlert
1377 920 1494 958 Mein-

833 986 896 1010 ner
916 986 981 1011 von
1001 978 1188 1023 gesetztem
1208 976 1308 1014 Alter
1329 977 1404 1014 und
1436 979 1493 1015 die

832 1030 933 1068 sclzon
953 1030 1089 1068 Kz'mler
1108 1031 1240 1071 hatten.
1299 1035 1378 1069 Nec
1399 1035 1491 1072 alios

830 1087 902 1123 nisi
935 1088 1035 1124 viros
1078 1090 1208 1125 aetatis
1246 1090 1490 1139 provectiorIS

828 1141 892 1180 hic
911 1143 1074 1194 intelligi
1093 1157 1204 1195 posse
1217 1153 1317 1182 recte
1327 1153 1490 1184 statuere

828 1198 978 1238 videtur
999 1201 1039 1240 C.
1057 1201 1100 1238 Ο.
1113 1202 1261 1239 Miiller.
1282 1203 1307 1240 l.
1327 1204 1353 1242 l.
1387 1205 1488 1242 Hinc

826 1257 954 1293 miuus
984 1265 1158 1294 accurate
1187 1260 1304 1296 Miot:
1346 1264 1490 1310 „parmi

827 1312 875 1350 les
901 1313 1046 1351 hommes
1073 1314 1159 1352 d’un
1185 1315 1254 1364 (ige
1285 1318 1487 1355 convenable

827 1371 851 1406 ιὶ
876 1369 912 1406 la
932 1372 1106 1418 guerre.“

881 1426 950 1465 καὶ
992 1426 1182 1478 Θηβαίων
1209 1425 1305 1475 τούς
1336 1428 1375 1475 ἐς
1413 1428 1485 1470 τόν

824 1475 1001 1535 ἄριθμόν
1042 1479 1301 1535 λογισάμενος
1338 1482 1482 1537 εἶπον]

821 1539 849 1575 i.
871 1552 904 1575 e.
935 1543 969 1576 et
999 1539 1180 1577 Thebanos
1202 1542 1303 1588 illos,
1339 1556 1483 1592 quorum

819 1607 998 1634 numerum
1018 1609 1126 1647 supra
1149 1598 1248 1646 (VII,
1280 1601 1383 1649 202)
1421 1602 1482 1637 in-

819 1651 946 1689 dicavi.
1004 1653 1068 1689 Ad
1114 1661 1342 1692 structuram
1378 1657 1480 1694 conf.

818 1707 953 1750 Matth.
976 1710 1042 1748 Gr.
1065 1711 1129 1747 Gr.
1158 1712 1196 1755 ξ.
1227 1714 1321 1757 321,
1343 1711 1368 1752 5
1389 1725 1478 1762 pag.

818 1767 913 1806 629.
969 1767 1130 1802 Locutio
1151 1765 1192 1812 ἐς
1209 1764 1279 1806 τόν
1299 1762 1479 1818 οἷριθμόν

817 1828 939 1858 exstat
954 1835 1107 1874 quoque
1116 1823 1198 1869 VII,
1212 1825 1277 1862 60.
1288 1824 1356 1863 97.
1383 1826 1478 1863 Mox

816 1878 961 1914 restitui
976 1892 1066 1915 cum
1091 1879 1208 1916 Gaisf.
1230 1879 1380 1919 εἵνεκεν
1405 1894 1475 1932 pro

818 1933 960 1973 εἵνεκα.
1019 1934 1130 1980 Quod
1161 1936 1275 1986 paulo
1308 1943 1395 1973 aute
1416 1938 1476 1974 le-

816 1991 917 2040 gitur
948 1985 1136 2041 οἷπίκετο,
1166 1993 1245 2029 eius
1284 1993 1370 2029 loco
1411 1995 1474 2031 alii

814 2046 927 2086 codd.
950 2043 1105 2096 οἷπίκτο,
1126 2048 1230 2100 quod
1259 2050 1290 2086 si
1318 2049 1357 2084 in
1379 2044 1473 2089 οἷπῖ-

812 2117 880 2142 κτο
902 2103 1128 2155 (advenerat)
1149 2112 1372 2154 mutaretur,
1392 2120 1471 2144 non

812 2158 1024 2210 displiceret
1043 2160 1330 2199 Valckenaerio.

866 2213 1144 2269 κατηγόρητο]
1206 2218 1292 2256 vid.
1331 2217 1470 2258 Matth.

813 2273 881 2310 Gr.
905 2274 970 2312 Gr.
994 2275 1030 2319 ξ.
1053 2277 1133 2315 378
1150 2287 1225 2325 pag
1260 2274 1352 2315 694.
1389 2277 1470 2313 Lo—

811 2330 1005 2366 cutionem
1023 2329 1068 2369 ἐκ
1095 2332 1167 2369 τοῦ
1197 2330 1395 2382 ἐμφανέος
1414 2340 1468 2370 at·

810 2387 880 2435 tigi
900 2386 948 2423 ad
967 2388 1048 2435 VII,
1069 2386 1164 2428 204.
1197 2389 1242 2424 In
1261 2401 1467 2440 seqq.ver-

810 2442 905 2478 bum
935 2438 1267 2495 ἀλλοφρονέοντες
1297 2444 1466 2482 Larche-

811 2510 873 2534 rus
903 2499 1046 2535 Gallice
1083 2502 1291 2550 expressit:
1336 2503 1465 2550 „quoi-

812 2554 917 2602 qu’ils
925 2554 1069 2604 fussent
1088 2557 1160 2593 mal
1183 2558 1422 2604 intentz'onne's,
1434 2570 1462 2593 s.

810 2612 893 2659 quoi
902 2611 1007 2660 qu'z'ls
1019 2617 1221 2662 pensassent
1233 2612 1463 2661 [lzfft'rement.

805 2667 942 2717 Attigit
967 2668 1184 2705 Herodotea
1212 2667 1405 2704 Plutarch.
1426 2669 1462 2704 11

804 2736 893 2773 pag.
922 2726 1004 2765 867
1024 2726 1071 2762 A.
1110 2723 1298 2761 Diodorus
1327 2725 1398 2773 XI,
1421 2723 1460 2763 4.

803 2778 1012 2818 Thebanos
1041 2787 1167 2817 narrat
1195 2778 1243 2816 de
1281 2781 1459 2817 societate

1098 2835 1182 2875 48*
