1897 3340
642 202 943 240 ERATO.
1001 202 1072 238 v1.
1404 209 1488 249 823

196 320 379 365 3,,νους,
412 311 490 363 οὓς
517 309 624 367 εἶχε,
654 310 747 366 ἐμοὶ
774 311 1024 364 περιετίθει.
1066 311 1141 354 καὶ
1166 310 1214 354 τὸ
1259 313 1340 367 μὲν
1363 314 1485 369 οἱχώ-
1498 324 1542 358 55

225 395 339 431 ,,κεε,
373 374 446 435 ἧκε
481 379 527 422 δὲ
562 377 667 433 μετά
694 381 830 421 ταῦτα
865 377 1083 431 Ἀρίστων.
1144 379 1203 430 ὠς
1246 380 1292 423 δέ
1320 396 1372 435 με
1400 379 1486 426 εἶδε

224 447 437 501 ,,ἔχουσαν
476 445 732 501 στεφάνους,
777 444 934 499 εἰρώτα
979 448 1044 496 τίς
1084 446 1149 501 ε’ίη
1189 445 1215 489 ὅ
1243 463 1319 502 μοι
1355 448 1482 502 δούς·

222 512 332 567 ,,ἐγώ
372 513 417 556 δὲ
457 513 652 570 ἐφάμην,
707 513 889 557 ἐκεῖνον.
948 513 972 557 6
1022 514 1067 558 δὲ
1107 512 1191 557 οὐκ
1229 513 1482 562 ὑπεδέκετο·

192 579 333 635 4,,ἔγώ
373 581 419 624 δὲ
466 580 779 638 κατωμνύμην,
835 581 1007 638 φαμένη
1060 580 1197 626 αὐτόν
1240 582 1296 626 ου’
1340 589 1484 637 καλῶς

219 649 413 699 ,,ποιεέιν
459 647 815 705 άπαρνεύμενον·

867 649 1018 706 ὀλίγον
1055 650 1141 706 γάρ
1180 667 1222 694 τι
1258 650 1477 706 πρότερον
1494 661 1539 695 60

219 714 431 766 ,,ἐλθο’ντα
460 719 532 760 καὶ
563 715 911 773 συνευνηθέντα,
950 720 1109 761 δοῦναί
1148 735 1224 774 μοι
1253 720 1359 770 τούς
1389 732 1482 764 στε-

191 783 429 839 5,,φάνους.
489 785 629 839 ὁρέων
659 787 705 829 δέ
744 802 795 843 με
825 786 1158 843 κατομνυμένην
1198 785 1222 830 ὁ
1260 786 1480 842 Ἀρίστων,

216 852 376 907 ,,ἐ’μαθε
407 852 466 905 ὦς
494 859 620 898 θεῖον
646 856 710 910 εἴη
740 853 789 898 τό
819 858 1009 911 πρῆγμα.
1048 855 1121 898 καὶ
1150 858 1284 898 τοῦτο
1315 857 1406 910 μὲν,
1437 859 1482 900 οἱ

215 919 452 977 ,,στε’φανοι
502 921 729 980 ἐφάνησαν
779 922 922 974 ἐόντες
970 923 1016 966 ἐκ
1074 926 1155 966 τοῦ
1192 920 1364 980 ἡρωίου
1398 928 1481 968 τοῦ

159 1117 209 1155 ad
249 1114 391 1169 φάσμα
429 1117 674 1156 referendum
720 1119 819 1167 est].

159 1177 242 1212 Hoc
262 1172 469 1227 φάσματος
484 1188 626 1212 nomeu
647 1177 686 1211 in
706 1188 820 1212 men-

158 1233 262 1269 tione
295 1246 448 1284 pugnae
479 1233 734 1280 Salaminiae,
778 1234 819 1269 in

158 1302 234 1341 qua
251 1291 365 1340 ipsius
381 1291 571 1326 Demarati
592 1296 714 1340 partes
732 1290 819 1325 fue-

157 1353 266 1393 runt,
300 1347 516 1399 frequentat
543 1345 714 1383 Aristidis
745 1347 816 1383 So-

155 1401 297 1453 phista,
357 1405 462 1441 cuius
501 1404 603 1441 locos
643 1402 816 1440 exhibuit

156 1459 341 1499 Valcken.
364 1460 412 1498 ad
445 1459 586 1497 Herod.
616 1460 715 1507 VIII,
747 1460 814 1501 65-

157 1517 227 1565 [Τ.
262 1519 278 1552 Ι
298 1530 386 1567 pag.
410 1518 475 1557 55.
505 1516 598 1556 248.
630 1516 725 1556 451.
763 1517 814 1554 Τ.

153 1574 207 1609 ΙΙΙ
226 1586 312 1624 pag.
336 1574 450 1622 350]
509 1575 612 1609 Haec
632 1571 810 1609 Herodo-

152 1636 212 1666 tea
243 1631 443 1681 respiciens
471 1629 652 1666 Aristides
682 1630 811 1681 loqui-

152 1692 215 1724 tur
225 1685 272 1723 de
284 1690 365 1733 τοῖς
388 1681 454 1725 εἶπ’
473 1682 696 1732 Ἐλευσῖνος
708 1682 812 1733 φάσ-

153 1755 261 1794 μασι.
310 1744 374 1780 Tu
395 1742 483 1780 add.
505 1741 636 1780 Schol.
656 1741 811 1779 Aristid.

152 1812 239 1851 pag.
263 1802 317 1840 66
338 1801 544 1836 Frommel.
567 1800 659 1848 (ubi
678 1798 813 1836 itidem

155 1854 334 1907 δαίμων)
371 1857 458 1893 coll.
488 1855 618 1893 Schol.
646 1857 742 1892 Plat.
765 1855 813 1892 ad

155 1912 356 1950 Theaetet.
376 1926 462 1964 pag.
488 1915 536 1953 19
549 1911 719 1960 Ruhnk„
749 1914 814 1964 qui

155 1964 345 2019 φάσματα
375 1983 423 2005 ex
444 1977 573 2006 mente
593 1968 810 2021 philosophi

153 2027 324 2063 illustrat.
382 2028 491 2063 Plato
510 2027 548 2063 iu
570 2027 749 2078 Sympos.
771 2040 809 2077 p.

157 2085 248 2130 179,
277 2096 315 2133 p.
345 2085 425 2124 383
458 2082 519 2120 ed.
551 2082 720 2122 Bekker.
762 2083 810 2120 de

155 2137 306 2190 Orpheo
328 2147 364 2176 et
386 2139 598 2192 Eurydice:
631 2136 700 2190 φά
715 2151 810 2191 σμα

153 2195 347 2243 δείξαντες
390 2199 460 2247 τῆς
506 2194 695 2248 γυναικός
722 2197 809 2234 coll-

152 2252 304 2302 Origen.
325 2266 358 2291 c.
381 2255 476 2291 Cels.
498 2254 560 2301 Vl,
582 2256 621 2295 8.
670 2255 811 2290 Gram-

153 2311 314 2346 maticus
357 2309 406 2347 ad
457 2311 601 2347 calcem
639 2311 809 2361 Etymol.

154 2365 256 2402 Gud.
275 2367 310 2401 11
330 2379 366 2416 p.
387 2368 468 2407 638
487 2368 589 2418 Lips.
620 2363 811 2435 φάσματα

154 2436 201 2459 τα
224 2418 301 2460 ἐν
283 2418 398 2473 ν’,τνῳ
419 2421 639 2474 φαινόμενα
654 2422 721 2462 καὶ
735 2419 810 2463 ὅσα

156 2463 404 2525 φαντάζουσι
431 2494 478 2516 τα
518 2475 703 2530 δαιμόνια
738 2476 809 2519 νύ-

155 2548 255 2585 κτωρ
275 2530 303 2584 ἤ
314 2533 544 2585 μεθηιιέραν
564 2534 607 2574 ἐν
617 2539 704 2581 ταῖς
717 2532 809 2587 ἐρή-

157 2604 247 2638 μαις
264 2586 342 2630 oin-6
357 2606 427 2630 του
444 2587 561 2641 α’έρος
577 2588 809 2641 λαμβάνον-

156 2659 203 2682 τα
219 2660 286 2692 τας
310 2661 468 2698 μορφας
484 2647 571 2692 οιάς
590 2643 641 2686 ἆν
663 2645 810 2686 ἐθέλω-

159 2710 211 2738 σι.
240 2720 294 2728 —
322 2703 380 2738 De
408 2703 616 2740 simulacris
651 2701 811 2739 daemo—

157 2768 274 2801 num,
313 2760 531 2807 praesertim
551 2759 811 2795 Venereorum

158 2807 348 2862 φάσματα
367 2815 506 2860 κακίας
523 2816 602 2852 sive
623 2810 810 2865 φάσματα

874 1120 1026 1157 κακιῶν
1035 1124 1192 1170 usurpat
1211 1118 1397 1155 Eusebius
1417 1119 1537 1155 Pam-

874 1174 982 1226 phil„
1004 1174 1164 1212 docente
1181 1175 1460 1212 Hennvalesio
1486 1175 1535 1213 ad

874 1232 973 1269 illius
994 1234 1096 1269 Orat.
1117 1234 1175 1269 De
1195 1231 1325 1270 laudd.
1338 1232 1534 1270 Constant.

875 1302 934 1339 cp-
956 1290 981 1329 8
1002 1302 1038 1340 Ρ.
1059 1292 1140 1330 672
1161 1289 1221 1327 ed.
1242 1290 1400 1326 Taurin.
1431 1291 1535 1325 Iam-

874 1344 1023 1383 blichus
1054 1346 1175 1398 Syrus
1212 1348 1253 1382 in
1292 1347 1536 1397 Babylonicis

874 1415 935 1453 ap.
962 1401 1076 1440 Phor.
1109 1402 1195 1440 cod.
1225 1403 1292 1442 94.
1312 1416 1352 1454 p.
1376 1406 1450 1443 131
1472 1402 1536 1441 ed.

873 1457 1075 1496 Hoeschel.
1116 1462 1221 1499 1601
1264 1457 1313 1495 de
1346 1458 1535 1496 daemone

871 1514 1072 1584 pulchram
1082 1516 1267 1552 feminam
1278 1514 1531 1566 depereunte

871 1572 938 1611 καὶ
951 1571 1097 1625 τράγου
1118 1587 1155 1610 τι
1176 1587 1207 1621 φ
1219 1569 1246 1610 α’
1258 1583 1281 1611 σ
1291 1588 1317 1623 μ
1331 1588 1355 1610 α
1377 1571 1449 1627 ἐρα
1461 1575 1533 1612 Σι-

870 1625 1055 1676 νεάνιδος.
1085 1630 1235 1665 Locum
1254 1630 1420 1679 respexit
1440 1632 1534 1667 Sui-

870 1684 935 1723 das
965 1687 1005 1722 in
1036 1682 1178 1737 φάσμα
1212 1687 1261 1723 Τ.
1280 1687 1334 1722 III
1364 1699 1403 1736 p.
1425 1685 1530 1727 548:

868 1741 937 1781 καὶ
967 1742 1077 1790 ε’δοξε
1108 1738 1252 1794 τράγος
1299 1739 1423 1790 εἶναι,
1475 1740 1532 1794 μή

869 1801 1017 1851 ταῦρος
1038 1799 1166 1838 ἐκεῖνο
1201 1813 1243 1838 το
1270 1796 1423 1849 φάσμα.
1481 1801 1533 1836 Hi

870 1856 1031 1892 extremi
1057 1856 1133 1892 loci
1163 1867 1279 1907 quam
1299 1856 1439 1892 similes
1459 1856 1533 1893 sint

869 1910 983 1949 huic
973 1913 1044 1963 ipsi
1064 1911 1298 1959 Herodoteo,
1330 1913 1452 1962 magis
1474 1919 1533 1949 et-

868 1970 946 2005 iam
987 1970 1184 2020 sequentia
1215 1967 1446 2006 docebunt.“
1478 1992 1528 1998 —

867 2025 930 2062 Ad
973 2026 1140 2063 formam
1178 2025 1396 2076 περιετίθει
1428 2026 1530 2063 conf.

866 2081 1000 2120 Matth.
1023 2084 1090 2119 Gr.
1111 2084 1178 2119 Gr.
1196 2094 1285 2133 pag.
1307 2081 1403 2122 394.

924 2135 997 2179 οὐκ
1013 2137 1253 2187 ὑπεδέκετο]
1282 2139 1310 2176 i.
1331 2151 1364 2177 e.
1386 2151 1453 2175 non
1470 2150 1527 2175 re-

867 2198 976 2246 cepzt,
1024 2209 1093 2233 non
1111 2195 1254 2233 admzsit
1279 2196 1355 2233 hoc.
1414 2195 1527 2232 Conf-

866 2253 932 2300 ΙΙΙ,
956 2255 1035 2294 130
1054 2253 1184 2304 ibique
1204 2259 1302 2289 nott.
1355 2250 1419 2288 Ad
1439 2265 1528 2288 ver-

867 2310 963 2346 bum
982 2305 1183 2359 κατωμνύ
1182 2324 1254 2360 (ην
1274 2310 1314 2344 in
1326 2321 1431 2360 seqq.
1448 2307 1527 2346 vid.

865 2373 962 2403 nott.
985 2365 1033 2403 ad
1053 2366 1116 2412 VI,
1138 2365 1191 2406 65
1213 2372 1250 2402 et
1269 2364 1317 2402 ad
1336 2367 1452 2403 verba
1475 2360 1528 2404 ου’

865 2425 996 2469 καλῶς
1034 2421 1184 2462 ποιέειν
1224 2417 1527 2473 α’παρνεύμενον

864 2478 1002 2517 Matth.
1026 2480 1092 2516 Gr.
1113 2480 1179 2516 Gr.
1199 2491 1289 2529 pag.
1313 2481 1434 2519 1087.
1486 2506 1492 2510 -

923 2535 1048 2587 ἔμαθε
1065 2533 1119 2581 ὥς
1138 2538 1256 2574 θεῖον
1281 2534 1341 2585 εἴη
1365 2532 1409 2574 τό
1423 2536 1526 2585 πρῆ-

865 2594 972 2644 γμα]
1012 2592 1040 2628 i.
1072 2605 1107 2628 e.
1141 2591 1316 2629 intellexit
1355 2591 1526 2627 divinitus

865 2648 951 2698 quid
979 2647 1160 2685 accidisse.
1219 2647 1329 2684 Conf.
1349 2648 1396 2693 II,
1420 2649 1487 2687 66.

921 2703 962 2743 οἱ
979 2703 1169 2754 στέφανοι
1181 2700 1390 2754 ἐφάνησαν
1400 2698 1526 2747 ἐόντες

865 2758 908 2797 ἐκ
928 2762 1002 2798 τοῦ
1018 2758 1172 2811 ἦρωΐου
1193 2774 1229 2797 κ.
1256 2773 1289 2797 τ.
1312 2759 1372 2806 L]
1406 2757 1525 2793 Simi-

865 2816 950 2852 liter
968 2817 1008 2852 iu
1027 2828 1168 2866 pompa
1179 2816 1278 2851 lovis
1299 2821 1336 2851 et
1355 2813 1524 2850 Alexan-

1144 2867 1246 2910 21*
