<?xml version="1.0" encoding="UTF-8"?>
<!DOCTYPE html PUBLIC "-//W3C//DTD XHTML 1.0 Transitional//EN"
    "http://www.w3.org/TR/xhtml1/DTD/xhtml1-transitional.dtd">
<html xmlns="http://www.w3.org/1999/xhtml" xml:lang="en" lang="en">
 <head>
  <title>
</title>
<meta http-equiv="Content-Type" content="text/html;charset=utf-8" />
  <meta name='ocr-system' content='tesseract 3.04.00' />
  <meta name='ocr-capabilities' content='ocr_page ocr_carea ocr_par ocr_line ocrx_word'/>
</head>
<body>
  <div class='ocr_page' id='page_1' title='image "./musaeher03hero_0772.png"; bbox 0 0 1897 3340; ppageno 0'>
   <div class='ocr_carea' id='block_1_1' title="bbox 294 401 567 447">
    <p class='ocr_par' dir='ltr' id='par_1_1' title="bbox 294 401 567 447">
     <span class='ocr_line' id='line_1_1' title="bbox 294 401 567 447; baseline -0.007 -1"><span class='ocrx_word' id='word_1_1' title='bbox 294 401 394 447; x_wconf 74' lang='grc'><strong><em>208</em></strong></span> <span class='ocrx_word' id='word_1_2' title='bbox 450 407 567 444; x_wconf 77' lang='grc' dir='ltr'><strong><em>σθαι.</em></strong></span> 
     </span>
    </p>
   </div>
   <div class='ocr_carea' id='block_1_2' title="bbox 127 465 400 660">
    <p class='ocr_par' dir='ltr' id='par_1_2' title="bbox 127 465 386 660">
     <span class='ocr_line' id='line_1_2' title="bbox 131 465 351 500; baseline 0 -8"><span class='ocrx_word' id='word_1_3' title='bbox 131 465 314 500; x_wconf 67' lang='lat' dir='ltr'><strong>§peculator</strong></span> <span class='ocrx_word' id='word_1_4' title='bbox 333 474 351 492; x_wconf 79' lang='lat' dir='ltr'>a</span> 
     </span>
     <span class='ocr_line' id='line_1_3' title="bbox 131 499 400 527; baseline 0.008 -2.032"><span class='ocrx_word' id='word_1_5' title='bbox 131 500 173 525; x_wconf 67' lang='grc' dir='ltr'><strong><em>λι</em></strong></span> <span class='ocrx_word' id='word_1_6' title='bbox 159 507 209 525; x_wconf 74' lang='lat' dir='ltr'><strong><em>exn·</em></strong></span> <span class='ocrx_word' id='word_1_7' title='bbox 196 508 229 525; x_wconf 67' lang='lat' dir='ltr'><strong><em>xv</em></strong></span> <span class='ocrx_word' id='word_1_8' title='bbox 247 499 283 525; x_wconf 80' lang='lat' dir='ltr'><strong><em>nd</em></strong></span> <span class='ocrx_word' id='word_1_9' title='bbox 304 499 400 527; x_wconf 78' lang='lat' dir='ltr'><strong>Grac-</strong></span> 
     </span>
     <span class='ocr_line' id='line_1_4' title="bbox 130 536 347 559; baseline 0.005 -1"><span class='ocrx_word' id='word_1_10' title='bbox 130 540 173 558; x_wconf 90' lang='lat' dir='ltr'><strong><em>co.</em></strong></span> <span class='ocrx_word' id='word_1_11' title='bbox 176 541 228 559; x_wconf 81' lang='lat' dir='ltr'>·1un</span> <span class='ocrx_word' id='word_1_12' title='bbox 248 536 347 559; x_wconf 79' lang='lat' dir='ltr'><strong>caetra</strong></span> 
     </span>
     <span class='ocr_line' id='line_1_5' title="bbox 130 565 399 600; baseline 0.008 -9"><span class='ocrx_word' id='word_1_13' title='bbox 130 566 250 599; x_wconf 74' lang='lat' dir='ltr'><strong><em>uni-sus,</em></strong></span> <span class='ocrx_word' id='word_1_14' title='bbox 270 565 399 600; x_wconf 65' lang='lat' dir='ltr'>quami-</span> 
     </span>
     <span class='ocr_line' id='line_1_6' title="bbox 129 599 350 638; baseline 0.009 -13"><span class='ocrx_word' id='word_1_15' title='bbox 129 599 206 625; x_wconf 78' lang='lat' dir='ltr'><strong>derit</strong></span> <span class='ocrx_word' id='word_1_16' title='bbox 226 608 254 626; x_wconf 70' lang='lat' dir='ltr'><strong><em>rt</em></strong></span> <span class='ocrx_word' id='word_1_17' title='bbox 254 601 350 638; x_wconf 76' lang='lat' dir='ltr'><strong>gique</strong></span> 
     </span>
     <span class='ocr_line' id='line_1_7' title="bbox 127 632 312 660; baseline 0.005 -1"><span class='ocrx_word' id='word_1_18' title='bbox 127 632 312 660; x_wconf 74' lang='grc' dir='ltr'><strong><em>ιιωιῑίῑινιῐίῑ</em></strong></span> 
     </span>
    </p>
   </div>
   <div class='ocr_carea' id='block_1_3' title="bbox 452 225 537 265">
    <p class='ocr_par' dir='ltr' id='par_1_3' title="bbox 452 225 537 265">
     <span class='ocr_line' id='line_1_8' title="bbox 452 225 537 265; baseline 0 -1"><span class='ocrx_word' id='word_1_19' title='bbox 452 225 537 265; x_wconf 75' lang='grc'><strong><em>758</em></strong></span> 
     </span>
    </p>
   </div>
   <div class='ocr_carea' id='block_1_4' title="bbox 863 224 1321 263">
    <p class='ocr_par' dir='ltr' id='par_1_4' title="bbox 863 224 1321 263">
     <span class='ocr_line' id='line_1_9' title="bbox 863 224 1321 263; baseline 0 -1"><span class='ocrx_word' id='word_1_20' title='bbox 863 224 1321 263; x_wconf 84' lang='lat' dir='ltr'>HERODOTI</span> 
     </span>
    </p>
   </div>
   <div class='ocr_carea' id='block_1_5' title="bbox 453 329 1701 388">
    <p class='ocr_par' dir='ltr' id='par_1_5' title="bbox 453 329 1701 388">
     <span class='ocr_line' id='line_1_10' title="bbox 453 329 1701 388; baseline 0 -12"><span class='ocrx_word' id='word_1_21' title='bbox 453 331 593 376; x_wconf 89' lang='grc' dir='ltr'><strong><em>όντων</em></strong></span> <span class='ocrx_word' id='word_1_22' title='bbox 624 329 769 376; x_wconf 76' lang='grc' dir='ltr'><strong><em>αὐτῶν</em></strong></span> <span class='ocrx_word' id='word_1_23' title='bbox 809 330 968 387; x_wconf 82' lang='grc' dir='ltr'><em>ὀλίγων</em></span> <span class='ocrx_word' id='word_1_24' title='bbox 1008 331 1194 387; x_wconf 82' lang='grc' dir='ltr'><strong><em>στρατόν</em></strong></span> <span class='ocrx_word' id='word_1_25' title='bbox 1222 335 1307 375; x_wconf 81' lang='grc' dir='ltr'><strong><em>τῶν</em></strong></span> <span class='ocrx_word' id='word_1_26' title='bbox 1350 331 1523 388; x_wconf 79' lang='grc' dir='ltr'><em>Μήδων</em></span> <span class='ocrx_word' id='word_1_27' title='bbox 1553 330 1701 384; x_wconf 82' lang='grc' dir='ltr'><strong><em>ἀλέξα-</em></strong></span> 
     </span>
    </p>
   </div>
   <div class='ocr_carea' id='block_1_6' title="bbox 632 399 1702 456">
    <p class='ocr_par' dir='ltr' id='par_1_6' title="bbox 632 399 1702 456">
     <span class='ocr_line' id='line_1_11' title="bbox 632 399 1702 456; baseline 0 -14"><span class='ocrx_word' id='word_1_28' title='bbox 632 404 777 444; x_wconf 86' lang='grc' dir='ltr'><strong><em>Ταῦτα</em></strong></span> <span class='ocrx_word' id='word_1_29' title='bbox 806 401 1134 456; x_wconf 80' lang='grc' dir='ltr'><em>βουλευομένων</em></span> <span class='ocrx_word' id='word_1_30' title='bbox 1164 399 1323 454; x_wconf 86' lang='grc' dir='ltr'><em>σφέων,</em></span> <span class='ocrx_word' id='word_1_31' title='bbox 1356 400 1512 455; x_wconf 76' lang='grc' dir='ltr'><strong><em>ἔπεμπε</em></strong></span> <span class='ocrx_word' id='word_1_32' title='bbox 1541 399 1702 456; x_wconf 78' lang='grc' dir='ltr'><strong><em>Ξέρξης</em></strong></span> 
     </span>
    </p>
   </div>
   <div class='ocr_carea' id='block_1_7' title="bbox 456 465 1702 518">
    <p class='ocr_par' dir='ltr' id='par_1_7' title="bbox 456 465 1702 518">
     <span class='ocr_line' id='line_1_12' title="bbox 456 465 1702 518; baseline -0.001 -7"><span class='ocrx_word' id='word_1_33' title='bbox 456 469 731 512; x_wconf 75' lang='grc' dir='ltr'><strong><em>κατάσκοπον</em></strong></span> <span class='ocrx_word' id='word_1_34' title='bbox 761 467 904 518; x_wconf 76' lang='grc' dir='ltr'><strong><em>ἱππέα,</em></strong></span> <span class='ocrx_word' id='word_1_35' title='bbox 935 467 1106 510; x_wconf 82' lang='grc' dir='ltr'><em>ἰδέσθαι</em></span> <span class='ocrx_word' id='word_1_36' title='bbox 1137 465 1289 510; x_wconf 87' lang='grc' dir='ltr'><strong><em>ὁκόσοι</em></strong></span> <span class='ocrx_word' id='word_1_37' title='bbox 1317 467 1361 510; x_wconf 88' lang='grc' dir='ltr'><strong><em>τέ</em></strong></span> <span class='ocrx_word' id='word_1_38' title='bbox 1386 468 1476 518; x_wconf 81' lang='grc' dir='ltr'><strong><em>εἰσι,</em></strong></span> <span class='ocrx_word' id='word_1_39' title='bbox 1505 468 1577 511; x_wconf 85' lang='grc' dir='ltr'><strong><em>καὶ</em></strong></span> <span class='ocrx_word' id='word_1_40' title='bbox 1607 467 1632 511; x_wconf 80' lang='grc' dir='ltr'>ὅ</span> <span class='ocrx_word' id='word_1_41' title='bbox 1660 483 1702 510; x_wconf 82' lang='grc' dir='ltr'><strong><em>τι</em></strong></span> 
     </span>
    </p>
   </div>
   <div class='ocr_carea' id='block_1_8' title="bbox 432 537 661 580">
    <p class='ocr_par' dir='ltr' id='par_1_8' title="bbox 432 537 661 580">
     <span class='ocr_line' id='line_1_13' title="bbox 432 537 661 580; baseline -0.017 1"><span class='ocrx_word' id='word_1_42' title='bbox 432 537 661 580; x_wconf 74' lang='grc' dir='ltr'><strong><em>Ξποιέοιεν.</em></strong></span> 
     </span>
    </p>
   </div>
   <div class='ocr_carea' id='block_1_9' title="bbox 721 532 1702 591">
    <p class='ocr_par' dir='ltr' id='par_1_9' title="bbox 721 532 1702 591">
     <span class='ocr_line' id='line_1_14' title="bbox 721 532 1702 591; baseline 0 -14"><span class='ocrx_word' id='word_1_43' title='bbox 721 533 898 590; x_wconf 79' lang='grc' dir='ltr'><strong><em>ἀκηκόεε</em></strong></span> <span class='ocrx_word' id='word_1_44' title='bbox 929 533 973 576; x_wconf 78' lang='grc' dir='ltr'><strong><em>δὲ</em></strong></span> <span class='ocrx_word' id='word_1_45' title='bbox 1004 534 1064 577; x_wconf 76' lang='grc' dir='ltr'><strong><em>ἔτι</em></strong></span> <span class='ocrx_word' id='word_1_46' title='bbox 1093 533 1177 578; x_wconf 74' lang='grc' dir='ltr'><strong><em>ἐών</em></strong></span> <span class='ocrx_word' id='word_1_47' title='bbox 1206 534 1251 577; x_wconf 89' lang='grc' dir='ltr'><strong><em>έν</em></strong></span> <span class='ocrx_word' id='word_1_48' title='bbox 1269 536 1494 591; x_wconf 73' lang='grc' dir='ltr'><em>Θεσσαλίῃ,</em></span> <span class='ocrx_word' id='word_1_49' title='bbox 1524 533 1583 585; x_wconf 74' lang='grc' dir='ltr'><strong><em>ὥς</em></strong></span> <span class='ocrx_word' id='word_1_50' title='bbox 1615 532 1702 577; x_wconf 84' lang='grc' dir='ltr'><strong><em>ἆλι-</em></strong></span> 
     </span>
    </p>
   </div>
   <div class='ocr_carea' id='block_1_10' title="bbox 454 599 1757 728">
    <p class='ocr_par' dir='ltr' id='par_1_10' title="bbox 454 599 1757 728">
     <span class='ocr_line' id='line_1_15' title="bbox 457 599 1701 659; baseline -0.001 -13"><span class='ocrx_word' id='word_1_51' title='bbox 457 603 586 659; x_wconf 86' lang='grc' dir='ltr'><strong><em>σμένη</em></strong></span> <span class='ocrx_word' id='word_1_52' title='bbox 616 603 680 658; x_wconf 79' lang='grc' dir='ltr'><strong><em>εἴη</em></strong></span> <span class='ocrx_word' id='word_1_53' title='bbox 709 600 843 658; x_wconf 81' lang='grc' dir='ltr'><strong><em>ταύτῃ</em></strong></span> <span class='ocrx_word' id='word_1_54' title='bbox 874 599 1048 656; x_wconf 81' lang='grc' dir='ltr'><strong><em>στρατιή</em></strong></span> <span class='ocrx_word' id='word_1_55' title='bbox 1081 599 1214 656; x_wconf 80' lang='grc' dir='ltr'><em>ὀλίγη,</em></span> <span class='ocrx_word' id='word_1_56' title='bbox 1243 602 1316 644; x_wconf 81' lang='grc' dir='ltr'><strong><em>καὶ</em></strong></span> <span class='ocrx_word' id='word_1_57' title='bbox 1341 602 1444 652; x_wconf 81' lang='grc' dir='ltr'><strong><em>τούς</em></strong></span> <span class='ocrx_word' id='word_1_58' title='bbox 1473 600 1701 658; x_wconf 81' lang='grc' dir='ltr'><strong><em>ἡγεμόνας,</em></strong></span> 
     </span>
     <span class='ocr_line' id='line_1_16' title="bbox 454 666 1757 728; baseline -0.003 -15"><span class='ocrx_word' id='word_1_59' title='bbox 454 670 512 721; x_wconf 80' lang='grc' dir='ltr'><strong><em>ὠς</em></strong></span> <span class='ocrx_word' id='word_1_60' title='bbox 542 671 692 723; x_wconf 74' lang='grc' dir='ltr'><strong><em>εἴησαν</em></strong></span> <span class='ocrx_word' id='word_1_61' title='bbox 721 666 1060 723; x_wconf 85' lang='grc' dir='ltr'><strong><em>Λακεδαιμόνιοί</em></strong></span> <span class='ocrx_word' id='word_1_62' title='bbox 1087 683 1130 709; x_wconf 87' lang='grc' dir='ltr'><strong><em>τε</em></strong></span> <span class='ocrx_word' id='word_1_63' title='bbox 1160 669 1233 711; x_wconf 89' lang='grc' dir='ltr'><strong><em>καὶ</em></strong></span> <span class='ocrx_word' id='word_1_64' title='bbox 1260 671 1500 725; x_wconf 75' lang='grc' dir='ltr'><em>Λεωνίδης,</em></span> <span class='ocrx_word' id='word_1_65' title='bbox 1533 668 1616 712; x_wconf 76' lang='grc' dir='ltr'><strong><em>ἐών</em></strong></span> <span class='ocrx_word' id='word_1_66' title='bbox 1640 669 1757 728; x_wconf 80' lang='grc' dir='ltr'><strong><em>γέ-65</em></strong></span> 
     </span>
    </p>
   </div>
   <div class='ocr_carea' id='block_1_11' title="bbox 422 735 859 791">
    <p class='ocr_par' dir='ltr' id='par_1_11' title="bbox 422 735 859 791">
     <span class='ocr_line' id='line_1_17' title="bbox 422 735 859 791; baseline -0.002 -13"><span class='ocrx_word' id='word_1_67' title='bbox 422 745 444 778; x_wconf 82' lang='lat'><strong>3</strong></span> <span class='ocrx_word' id='word_1_68' title='bbox 455 753 530 788; x_wconf 87' lang='grc' dir='ltr'><strong><em>νος</em></strong></span> <span class='ocrx_word' id='word_1_69' title='bbox 560 735 859 791; x_wconf 68' lang='grc' dir='ltr'><strong><em>ἹΙρακληΐδης.</em></strong></span> 
     </span>
    </p>
   </div>
   <div class='ocr_carea' id='block_1_12' title="bbox 919 733 1703 790">
    <p class='ocr_par' dir='ltr' id='par_1_12' title="bbox 919 733 1703 790">
     <span class='ocr_line' id='line_1_18' title="bbox 919 733 1703 790; baseline 0.001 -12"><span class='ocrx_word' id='word_1_70' title='bbox 919 733 976 785; x_wconf 77' lang='grc' dir='ltr'><strong><em>ὦς</em></strong></span> <span class='ocrx_word' id='word_1_71' title='bbox 1005 734 1050 777; x_wconf 80' lang='grc' dir='ltr'><strong><em>δὲ</em></strong></span> <span class='ocrx_word' id='word_1_72' title='bbox 1078 733 1313 789; x_wconf 82' lang='grc' dir='ltr'><strong><em>προσέλασε</em></strong></span> <span class='ocrx_word' id='word_1_73' title='bbox 1355 735 1378 779; x_wconf 90' lang='grc' dir='ltr'>ὁ</span> <span class='ocrx_word' id='word_1_74' title='bbox 1410 737 1562 786; x_wconf 78' lang='grc' dir='ltr'><strong><em>ἱππεύς</em></strong></span> <span class='ocrx_word' id='word_1_75' title='bbox 1593 735 1703 790; x_wconf 82' lang='grc' dir='ltr'><strong><em>πρὸς</em></strong></span> 
     </span>
    </p>
   </div>
   <div class='ocr_carea' id='block_1_13' title="bbox 451 800 1705 994">
    <p class='ocr_par' dir='ltr' id='par_1_13' title="bbox 451 800 1705 994">
     <span class='ocr_line' id='line_1_19' title="bbox 451 800 1704 859; baseline -0.001 -12"><span class='ocrx_word' id='word_1_76' title='bbox 451 804 499 847; x_wconf 86' lang='grc' dir='ltr'><strong><em>τὸ</em></strong></span> <span class='ocrx_word' id='word_1_77' title='bbox 541 802 852 857; x_wconf 77' lang='grc' dir='ltr'><strong><em>στρατόπεδον,</em></strong></span> <span class='ocrx_word' id='word_1_78' title='bbox 900 800 1068 858; x_wconf 77' lang='grc' dir='ltr'><strong><em>ἐθηεῖτό</em></strong></span> <span class='ocrx_word' id='word_1_79' title='bbox 1110 817 1176 852; x_wconf 86' lang='grc' dir='ltr'><strong><em>τε,</em></strong></span> <span class='ocrx_word' id='word_1_80' title='bbox 1205 802 1279 844; x_wconf 88' lang='grc' dir='ltr'><strong><em>καὶ</em></strong></span> <span class='ocrx_word' id='word_1_81' title='bbox 1307 802 1481 856; x_wconf 76' lang='grc' dir='ltr'><strong><em>κατώρα</em></strong></span> <span class='ocrx_word' id='word_1_82' title='bbox 1510 807 1596 846; x_wconf 84' lang='grc' dir='ltr'><strong><em>πᾶν</em></strong></span> <span class='ocrx_word' id='word_1_83' title='bbox 1626 804 1704 859; x_wconf 76' lang='grc' dir='ltr'><strong><em>μὲν</em></strong></span> 
     </span>
     <span class='ocr_line' id='line_1_20' title="bbox 453 867 1705 924; baseline -0.002 -10"><span class='ocrx_word' id='word_1_84' title='bbox 453 870 507 914; x_wconf 90' lang='grc' dir='ltr'><strong><em>ου’</em></strong></span> <span class='ocrx_word' id='word_1_85' title='bbox 535 870 583 914; x_wconf 81' lang='grc' dir='ltr'><strong><em>τό</em></strong></span> <span class='ocrx_word' id='word_1_86' title='bbox 615 869 924 924; x_wconf 79' lang='grc' dir='ltr'><strong><em>στρατόπεδον·</em></strong></span> <span class='ocrx_word' id='word_1_87' title='bbox 955 869 1059 921; x_wconf 82' lang='grc' dir='ltr'><strong><em>τούς</em></strong></span> <span class='ocrx_word' id='word_1_88' title='bbox 1086 867 1171 924; x_wconf 73' lang='grc' dir='ltr'><strong><em>γαρ</em></strong></span> <span class='ocrx_word' id='word_1_89' title='bbox 1204 869 1285 912; x_wconf 75' lang='grc' dir='ltr'><strong><em>ἔσω</em></strong></span> <span class='ocrx_word' id='word_1_90' title='bbox 1314 871 1598 924; x_wconf 75' lang='grc' dir='ltr'><strong><em>τεταγμένους</em></strong></span> <span class='ocrx_word' id='word_1_91' title='bbox 1621 874 1705 913; x_wconf 73' lang='grc' dir='ltr'><strong><em>τοῦ</em></strong></span> 
     </span>
     <span class='ocr_line' id='line_1_21' title="bbox 451 932 1705 994; baseline -0.002 -13"><span class='ocrx_word' id='word_1_92' title='bbox 451 940 622 994; x_wconf 81' lang='grc' dir='ltr'><strong><em>τείχεος,</em></strong></span> <span class='ocrx_word' id='word_1_93' title='bbox 651 937 700 982; x_wconf 81' lang='grc' dir='ltr'><strong><em>τὸ</em></strong></span> <span class='ocrx_word' id='word_1_94' title='bbox 731 936 1064 991; x_wconf 76' lang='grc' dir='ltr'><strong><em>ἀνορθώσαντες</em></strong></span> <span class='ocrx_word' id='word_1_95' title='bbox 1093 932 1209 992; x_wconf 81' lang='grc' dir='ltr'><strong><em>εἶχον</em></strong></span> <span class='ocrx_word' id='word_1_96' title='bbox 1241 936 1286 979; x_wconf 84' lang='grc' dir='ltr'><strong><em>έν</em></strong></span> <span class='ocrx_word' id='word_1_97' title='bbox 1316 940 1502 993; x_wconf 84' lang='grc' dir='ltr'><strong><em>φυλακῇ,</em></strong></span> <span class='ocrx_word' id='word_1_98' title='bbox 1532 935 1613 980; x_wconf 80' lang='grc' dir='ltr'><strong><em>οὐκ</em></strong></span> <span class='ocrx_word' id='word_1_99' title='bbox 1634 934 1705 981; x_wconf 80' lang='grc' dir='ltr'><strong><em>οἶά</em></strong></span> 
     </span>
    </p>
   </div>
   <div class='ocr_carea' id='block_1_14' title="bbox 451 1001 892 1061">
    <p class='ocr_par' dir='ltr' id='par_1_14' title="bbox 451 1001 892 1061">
     <span class='ocr_line' id='line_1_22' title="bbox 451 1001 892 1061; baseline -0.002 -13"><span class='ocrx_word' id='word_1_100' title='bbox 451 1022 494 1048; x_wconf 89' lang='grc' dir='ltr'><strong><em>τε</em></strong></span> <span class='ocrx_word' id='word_1_101' title='bbox 523 1001 579 1061; x_wconf 77' lang='grc' dir='ltr'><strong><em>ἦν</em></strong></span> <span class='ocrx_word' id='word_1_102' title='bbox 618 1004 869 1048; x_wconf 77' lang='grc' dir='ltr'><strong><em>κατιδέσθαι</em></strong></span> <span class='ocrx_word' id='word_1_103' title='bbox 881 1017 892 1029; x_wconf 89' lang='grc'><em>·</em></span> 
     </span>
    </p>
   </div>
   <div class='ocr_carea' id='block_1_15' title="bbox 423 1002 1762 1128">
    <p class='ocr_par' dir='ltr' id='par_1_15' title="bbox 423 1002 1762 1128">
     <span class='ocr_line' id='line_1_23' title="bbox 941 1002 1762 1057; baseline -0.004 -10"><span class='ocrx_word' id='word_1_104' title='bbox 941 1003 964 1047; x_wconf 89' lang='grc' dir='ltr'>ὁ</span> <span class='ocrx_word' id='word_1_105' title='bbox 1011 1005 1056 1048; x_wconf 79' lang='grc' dir='ltr'><strong><em>δὲ</em></strong></span> <span class='ocrx_word' id='word_1_106' title='bbox 1085 1003 1189 1054; x_wconf 80' lang='grc' dir='ltr'><strong><em>τούς</em></strong></span> <span class='ocrx_word' id='word_1_107' title='bbox 1228 1002 1305 1055; x_wconf 76' lang='grc' dir='ltr'><strong><em>ἔξω</em></strong></span> <span class='ocrx_word' id='word_1_108' title='bbox 1337 1002 1565 1057; x_wconf 78' lang='grc' dir='ltr'><strong><em>ἐμάνθανε,</em></strong></span> <span class='ocrx_word' id='word_1_109' title='bbox 1594 1009 1704 1048; x_wconf 86' lang='grc' dir='ltr'><strong><em>τοῖσι</em></strong></span> <span class='ocrx_word' id='word_1_110' title='bbox 1717 1012 1762 1045; x_wconf 86' lang='grc'><strong><em>70</em></strong></span> 
     </span>
     <span class='ocr_line' id='line_1_24' title="bbox 423 1070 1248 1128; baseline 0.001 -16"><span class='ocrx_word' id='word_1_111' title='bbox 423 1073 540 1126; x_wconf 62' lang='lat' dir='ltr'><strong><em>[mma</em></strong></span> <span class='ocrx_word' id='word_1_112' title='bbox 570 1076 652 1115; x_wconf 82' lang='grc' dir='ltr'><strong><em>τοῦ</em></strong></span> <span class='ocrx_word' id='word_1_113' title='bbox 681 1072 837 1128; x_wconf 83' lang='grc' dir='ltr'><strong><em>τείχεος</em></strong></span> <span class='ocrx_word' id='word_1_114' title='bbox 865 1072 917 1114; x_wconf 81' lang='grc' dir='ltr'><strong><em>τοὶ</em></strong></span> <span class='ocrx_word' id='word_1_115' title='bbox 948 1071 1059 1115; x_wconf 84' lang='grc' dir='ltr'><strong><em>ὅπλα</em></strong></span> <span class='ocrx_word' id='word_1_116' title='bbox 1100 1070 1248 1114; x_wconf 74' lang='grc' dir='ltr'><strong><em>ἔκειτο.</em></strong></span> 
     </span>
    </p>
   </div>
   <div class='ocr_carea' id='block_1_16' title="bbox 1306 1069 1707 1125">
    <p class='ocr_par' dir='ltr' id='par_1_16' title="bbox 1306 1069 1707 1125">
     <span class='ocr_line' id='line_1_25' title="bbox 1306 1069 1707 1125; baseline 0.005 -13"><span class='ocrx_word' id='word_1_117' title='bbox 1306 1069 1457 1125; x_wconf 70' lang='grc' dir='ltr'><strong><em>ἔτυχον</em></strong></span> <span class='ocrx_word' id='word_1_118' title='bbox 1477 1072 1523 1114; x_wconf 83' lang='grc' dir='ltr'><strong><em>δὲ</em></strong></span> <span class='ocrx_word' id='word_1_119' title='bbox 1549 1075 1707 1114; x_wconf 84' lang='grc' dir='ltr'><strong><em>τοῦτον</em></strong></span> 
     </span>
    </p>
   </div>
   <div class='ocr_carea' id='block_1_17' title="bbox 451 1137 1708 1330">
    <p class='ocr_par' dir='ltr' id='par_1_17' title="bbox 451 1137 1708 1330">
     <span class='ocr_line' id='line_1_26' title="bbox 451 1137 1708 1194; baseline 0 -12"><span class='ocrx_word' id='word_1_120' title='bbox 451 1139 529 1182; x_wconf 89' lang='grc' dir='ltr'><strong><em>τὸν</em></strong></span> <span class='ocrx_word' id='word_1_121' title='bbox 556 1138 716 1194; x_wconf 73' lang='grc' dir='ltr'><strong><em>χρόνον</em></strong></span> <span class='ocrx_word' id='word_1_122' title='bbox 745 1138 1081 1194; x_wconf 85' lang='grc' dir='ltr'><strong><em>Λακεδαιμόνιοι</em></strong></span> <span class='ocrx_word' id='word_1_123' title='bbox 1111 1138 1188 1189; x_wconf 74' lang='grc' dir='ltr'><strong><em>ἔξω</em></strong></span> <span class='ocrx_word' id='word_1_124' title='bbox 1217 1139 1476 1192; x_wconf 82' lang='grc' dir='ltr'><strong><em>τεταγμένοι.</em></strong></span> <span class='ocrx_word' id='word_1_125' title='bbox 1506 1137 1611 1188; x_wconf 84' lang='grc' dir='ltr'><strong><em>τούς</em></strong></span> <span class='ocrx_word' id='word_1_126' title='bbox 1631 1138 1708 1193; x_wconf 75' lang='grc' dir='ltr'><strong><em>μὲν</em></strong></span> 
     </span>
     <span class='ocr_line' id='line_1_27' title="bbox 454 1204 1708 1261; baseline 0 -13"><span class='ocrx_word' id='word_1_127' title='bbox 454 1206 506 1261; x_wconf 67' lang='grc' dir='ltr'><strong><em>δή</em></strong></span> <span class='ocrx_word' id='word_1_128' title='bbox 547 1205 640 1259; x_wconf 78' lang='grc' dir='ltr'><strong><em>ὥρα</em></strong></span> <span class='ocrx_word' id='word_1_129' title='bbox 678 1207 1032 1261; x_wconf 73' lang='grc' dir='ltr'><strong><em>γυμναζομένους</em></strong></span> <span class='ocrx_word' id='word_1_130' title='bbox 1069 1208 1156 1248; x_wconf 75' lang='grc' dir='ltr'><strong><em>τῶν</em></strong></span> <span class='ocrx_word' id='word_1_131' title='bbox 1195 1204 1390 1259; x_wconf 73' lang='grc' dir='ltr'><strong><em>ἀνδρῶν,</em></strong></span> <span class='ocrx_word' id='word_1_132' title='bbox 1427 1205 1529 1255; x_wconf 87' lang='grc' dir='ltr'><strong><em>τούς</em></strong></span> <span class='ocrx_word' id='word_1_133' title='bbox 1559 1206 1605 1248; x_wconf 83' lang='grc' dir='ltr'><strong><em>δὲ</em></strong></span> <span class='ocrx_word' id='word_1_134' title='bbox 1632 1204 1708 1256; x_wconf 79' lang='grc' dir='ltr'><strong><em>τὰς</em></strong></span> 
     </span>
     <span class='ocr_line' id='line_1_28' title="bbox 455 1270 1707 1330; baseline 0.001 -15"><span class='ocrx_word' id='word_1_135' title='bbox 455 1272 590 1328; x_wconf 89' lang='grc' dir='ltr'><strong><em>κόμας</em></strong></span> <span class='ocrx_word' id='word_1_136' title='bbox 620 1275 952 1330; x_wconf 82' lang='grc' dir='ltr'><strong><em>κτενιζομένους.</em></strong></span> <span class='ocrx_word' id='word_1_137' title='bbox 982 1276 1117 1318; x_wconf 82' lang='grc' dir='ltr'><strong><em>ταῦτα</em></strong></span> <span class='ocrx_word' id='word_1_138' title='bbox 1147 1271 1197 1328; x_wconf 81' lang='grc' dir='ltr'><strong><em>δὴ</em></strong></span> <span class='ocrx_word' id='word_1_139' title='bbox 1222 1270 1440 1327; x_wconf 74' lang='grc' dir='ltr'><strong><em>θεώμενος</em></strong></span> <span class='ocrx_word' id='word_1_140' title='bbox 1469 1270 1707 1328; x_wconf 79' lang='grc' dir='ltr'><strong><em>έθωύμαζε,</em></strong></span> 
     </span>
    </p>
   </div>
   <div class='ocr_carea' id='block_1_18' title="bbox 405 1395 672 1401">
    <p class='ocr_par' dir='ltr' id='par_1_18' title="bbox 405 1395 672 1401">
     <span class='ocr_line' id='line_1_29' title="bbox 405 1395 672 1401; baseline 0 0"><span class='ocrx_word' id='word_1_141' title='bbox 405 1395 672 1401; x_wconf 95' lang='lat' dir='ltr'><strong><em> </em></strong></span> 
     </span>
    </p>
   </div>
   <div class='ocr_carea' id='block_1_19' title="bbox 398 1465 1055 1687">
    <p class='ocr_par' dir='ltr' id='par_1_19' title="bbox 398 1465 1055 1687">
     <span class='ocr_line' id='line_1_30' title="bbox 398 1465 1055 1534; baseline 0.009 -30"><span class='ocrx_word' id='word_1_142' title='bbox 398 1468 526 1519; x_wconf 80' lang='lat' dir='ltr'>ibique</span> <span class='ocrx_word' id='word_1_143' title='bbox 546 1468 666 1534; x_wconf 57' lang='grc' dir='ltr'><strong><em>ᾶίἰξιῐᾶ</em></strong></span> <span class='ocrx_word' id='word_1_144' title='bbox 726 1470 801 1505; x_wconf 84' lang='grc' dir='ltr'><strong><em>Ριο</em></strong></span> <span class='ocrx_word' id='word_1_145' title='bbox 823 1465 974 1508; x_wconf 72' lang='grc' dir='ltr'><strong><em>αὕτὲων</em></strong></span> <span class='ocrx_word' id='word_1_146' title='bbox 993 1482 1055 1505; x_wconf 79' lang='grc' dir='ltr'><strong>ΓΘ·-</strong></span> 
     </span>
     <span class='ocr_line' id='line_1_31' title="bbox 399 1518 1054 1576; baseline 0.006 -15"><span class='ocrx_word' id='word_1_147' title='bbox 399 1524 531 1574; x_wconf 67' lang='grc' dir='ltr'>50ιίρεί</span> <span class='ocrx_word' id='word_1_148' title='bbox 554 1518 704 1564; x_wconf 72' lang='grc' dir='ltr'><strong><em>αὐτων.</em></strong></span> <span class='ocrx_word' id='word_1_149' title='bbox 751 1525 955 1576; x_wconf 81' lang='lat' dir='ltr'><strong>Vulgatam</strong></span> <span class='ocrx_word' id='word_1_150' title='bbox 974 1527 1054 1565; x_wconf 74' lang='grc' dir='ltr'><strong><em>τῶν</em></strong></span> 
     </span>
     <span class='ocr_line' id='line_1_32' title="bbox 402 1576 1054 1630; baseline -0.002 -11.992"><span class='ocrx_word' id='word_1_151' title='bbox 402 1576 561 1630; x_wconf 76' lang='grc' dir='ltr'><em>Μήδων</em></span> <span class='ocrx_word' id='word_1_152' title='bbox 592 1580 792 1619; x_wconf 81' lang='lat' dir='ltr'><strong>Bekkerus</strong></span> <span class='ocrx_word' id='word_1_153' title='bbox 828 1583 989 1620; x_wconf 81' lang='lat' dir='ltr'><strong>mutavit</strong></span> <span class='ocrx_word' id='word_1_154' title='bbox 1014 1583 1054 1618; x_wconf 88' lang='lat' dir='ltr'><strong><em>in</em></strong></span> 
     </span>
     <span class='ocr_line' id='line_1_33' title="bbox 400 1631 678 1687; baseline -0.004 -13"><span class='ocrx_word' id='word_1_155' title='bbox 400 1633 470 1675; x_wconf 79' lang='grc' dir='ltr'><strong><em>τόν</em></strong></span> <span class='ocrx_word' id='word_1_156' title='bbox 505 1631 678 1687; x_wconf 80' lang='grc' dir='ltr'><strong><em>Μήδων.</em></strong></span> 
     </span>
    </p>
   </div>
   <div class='ocr_carea' id='block_1_20' title="bbox 589 1725 866 1777">
    <p class='ocr_par' dir='ltr' id='par_1_20' title="bbox 589 1725 866 1777">
     <span class='ocr_line' id='line_1_34' title="bbox 589 1725 866 1777; baseline 0.007 -16"><span class='ocrx_word' id='word_1_157' title='bbox 589 1725 681 1777; x_wconf 75' lang='lat' dir='ltr'><strong>cap.</strong></span> <span class='ocrx_word' id='word_1_158' title='bbox 704 1726 866 1764; x_wconf 84' lang='lat' dir='ltr'><strong>covm.</strong></span> 
     </span>
    </p>
   </div>
   <div class='ocr_carea' id='block_1_21' title="bbox 402 1798 1058 2863">
    <p class='ocr_par' dir='ltr' id='par_1_21' title="bbox 402 1798 1058 2749">
     <span class='ocr_line' id='line_1_35' title="bbox 456 1798 1055 1844; baseline 0.002 -1"><span class='ocrx_word' id='word_1_159' title='bbox 456 1798 594 1843; x_wconf 85' lang='grc' dir='ltr'><strong><em>ὁκόσοι</em></strong></span> <span class='ocrx_word' id='word_1_160' title='bbox 620 1803 660 1844; x_wconf 82' lang='grc' dir='ltr'><em>τὲ</em></span> <span class='ocrx_word' id='word_1_161' title='bbox 677 1804 752 1844; x_wconf 86' lang='grc' dir='ltr'><strong><em>εἶσι</em></strong></span> <span class='ocrx_word' id='word_1_162' title='bbox 771 1803 839 1843; x_wconf 87' lang='grc' dir='ltr'><strong><em>καὶ</em></strong></span> <span class='ocrx_word' id='word_1_163' title='bbox 858 1801 929 1844; x_wconf 71' lang='grc' dir='ltr'><strong><em>ὅτι</em></strong></span> <span class='ocrx_word' id='word_1_164' title='bbox 945 1802 1055 1844; x_wconf 81' lang='grc' dir='ltr'><strong><em>ποιέ-</em></strong></span> 
     </span>
     <span class='ocr_line' id='line_1_36' title="bbox 403 1858 1056 1909; baseline 0 -11"><span class='ocrx_word' id='word_1_165' title='bbox 403 1860 504 1907; x_wconf 80' lang='grc' dir='ltr'><strong><em>οιεν]</em></strong></span> <span class='ocrx_word' id='word_1_166' title='bbox 527 1858 633 1896; x_wconf 71' lang='lat' dir='ltr'>Idem</span> <span class='ocrx_word' id='word_1_167' title='bbox 646 1860 849 1898; x_wconf 83' lang='lat' dir='ltr'><strong>modorum</strong></span> <span class='ocrx_word' id='word_1_168' title='bbox 869 1862 1056 1909; x_wconf 78' lang='lat' dir='ltr'><strong>transitus,</strong></span> 
     </span>
     <span class='ocr_line' id='line_1_37' title="bbox 404 1916 1056 1968; baseline 0.003 -15"><span class='ocrx_word' id='word_1_169' title='bbox 404 1917 470 1967; x_wconf 82' lang='lat' dir='ltr'><strong><em>qui</em></strong></span> <span class='ocrx_word' id='word_1_170' title='bbox 498 1916 578 1963; x_wconf 68' lang='lat' dir='ltr'>vll,</span> <span class='ocrx_word' id='word_1_171' title='bbox 601 1919 693 1957; x_wconf 78' lang='lat'><strong>203.</strong></span> <span class='ocrx_word' id='word_1_172' title='bbox 716 1916 776 1954; x_wconf 86' lang='lat' dir='ltr'><strong><em>Ad</em></strong></span> <span class='ocrx_word' id='word_1_173' title='bbox 795 1916 982 1968; x_wconf 74' lang='grc' dir='ltr'><strong><em>ἁλισμένη</em></strong></span> <span class='ocrx_word' id='word_1_174' title='bbox 995 1917 1056 1968; x_wconf 78' lang='grc' dir='ltr'><strong><em>εἴη</em></strong></span> 
     </span>
     <span class='ocr_line' id='line_1_38' title="bbox 402 1971 1055 2024; baseline 0.006 -16"><span class='ocrx_word' id='word_1_175' title='bbox 402 1971 479 2009; x_wconf 70' lang='lat' dir='ltr'><strong>vid.</strong></span> <span class='ocrx_word' id='word_1_176' title='bbox 507 1971 641 2012; x_wconf 77' lang='lat' dir='ltr'><strong>Mauh.</strong></span> <span class='ocrx_word' id='word_1_177' title='bbox 674 1975 740 2011; x_wconf 89' lang='lat' dir='ltr'><strong>Gr.</strong></span> <span class='ocrx_word' id='word_1_178' title='bbox 774 1975 839 2011; x_wconf 90' lang='lat' dir='ltr'><strong>Gr.</strong></span> <span class='ocrx_word' id='word_1_179' title='bbox 857 1975 893 2020; x_wconf 54' lang='grc' dir='ltr'><strong><em>ᾗ.</em></strong></span> <span class='ocrx_word' id='word_1_180' title='bbox 915 1975 995 2016; x_wconf 89' lang='grc'><strong><em>500</em></strong></span> <span class='ocrx_word' id='word_1_181' title='bbox 1016 1988 1055 2024; x_wconf 89' lang='lat' dir='ltr'><strong><em>p.</em></strong></span> 
     </span>
     <span class='ocr_line' id='line_1_39' title="bbox 402 2027 1056 2078; baseline 0.006 -15"><span class='ocrx_word' id='word_1_182' title='bbox 402 2027 497 2068; x_wconf 80' lang='lat'><strong>946.</strong></span> <span class='ocrx_word' id='word_1_183' title='bbox 525 2029 660 2078; x_wconf 67' lang='lat' dir='ltr'><strong>Auigit</strong></span> <span class='ocrx_word' id='word_1_184' title='bbox 678 2031 819 2067; x_wconf 70' lang='lat' dir='ltr'><strong>Jacobs.</strong></span> <span class='ocrx_word' id='word_1_185' title='bbox 841 2029 888 2067; x_wconf 82' lang='lat' dir='ltr'><strong><em>ad</em></strong></span> <span class='ocrx_word' id='word_1_186' title='bbox 908 2031 1056 2067; x_wconf 80' lang='lat' dir='ltr'><strong>Aelian.</strong></span> 
     </span>
     <span class='ocr_line' id='line_1_40' title="bbox 402 2083 1056 2132; baseline 0.006 -13"><span class='ocrx_word' id='word_1_187' title='bbox 402 2085 449 2120; x_wconf 92' lang='lat' dir='ltr'><strong><em>N.</em></strong></span> <span class='ocrx_word' id='word_1_188' title='bbox 469 2085 518 2120; x_wconf 92' lang='lat' dir='ltr'><strong><em>A.</em></strong></span> <span class='ocrx_word' id='word_1_189' title='bbox 549 2086 638 2132; x_wconf 80' lang='lat' dir='ltr'>xll,</span> <span class='ocrx_word' id='word_1_190' title='bbox 671 2083 722 2125; x_wconf 82' lang='lat'><strong><em>43</em></strong></span> <span class='ocrx_word' id='word_1_191' title='bbox 745 2088 830 2124; x_wconf 76' lang='lat' dir='ltr'><strong>coll.</strong></span> <span class='ocrx_word' id='word_1_192' title='bbox 873 2086 1009 2124; x_wconf 77' lang='lat' dir='ltr'>suidas</span> <span class='ocrx_word' id='word_1_193' title='bbox 1029 2100 1056 2123; x_wconf 89' lang='lat' dir='ltr'><strong>s.</strong></span> 
     </span>
     <span class='ocr_line' id='line_1_41' title="bbox 402 2138 1058 2192; baseline 0.009 -16"><span class='ocrx_word' id='word_1_194' title='bbox 402 2152 438 2177; x_wconf 77' lang='lat' dir='ltr'><strong>v.</strong></span> <span class='ocrx_word' id='word_1_195' title='bbox 461 2138 662 2190; x_wconf 71' lang='grc' dir='ltr'><strong><em>ἁλισμένοι</em></strong></span> <span class='ocrx_word' id='word_1_196' title='bbox 690 2142 734 2191; x_wconf 93' lang='grc' dir='ltr'><strong><em>(Ι</em></strong></span> <span class='ocrx_word' id='word_1_197' title='bbox 755 2156 840 2192; x_wconf 78' lang='lat' dir='ltr'><strong>pag.</strong></span> <span class='ocrx_word' id='word_1_198' title='bbox 865 2142 958 2187; x_wconf 79' lang='lat'>114)</span> <span class='ocrx_word' id='word_1_199' title='bbox 980 2158 1058 2181; x_wconf 84' lang='grc' dir='ltr'><strong><em>πα-</em></strong></span> 
     </span>
     <span class='ocr_line' id='line_1_42' title="bbox 404 2192 1057 2250; baseline 0.006 -18"><span class='ocrx_word' id='word_1_200' title='bbox 404 2192 453 2245; x_wconf 71' lang='grc' dir='ltr'><em>ρᾶ</em></span> <span class='ocrx_word' id='word_1_201' title='bbox 473 2193 680 2250; x_wconf 69' lang='grc' dir='ltr'><strong><em>ἽῘροὸότῳ</em></strong></span> <span class='ocrx_word' id='word_1_202' title='bbox 694 2211 702 2218; x_wconf 91' lang='grc'><em>·</em></span> <span class='ocrx_word' id='word_1_203' title='bbox 733 2195 821 2237; x_wconf 84' lang='grc' dir='ltr'><strong><em>α’ντὶ</em></strong></span> <span class='ocrx_word' id='word_1_204' title='bbox 842 2201 915 2237; x_wconf 81' lang='grc' dir='ltr'><strong><em>τοῦ</em></strong></span> <span class='ocrx_word' id='word_1_205' title='bbox 939 2210 1057 2248; x_wconf 80' lang='grc' dir='ltr'><strong><em>συνη-</em></strong></span> 
     </span>
     <span class='ocr_line' id='line_1_43' title="bbox 403 2250 1058 2303; baseline 0.005 -17"><span class='ocrx_word' id='word_1_206' title='bbox 403 2250 649 2300; x_wconf 68' lang='grc' dir='ltr'><strong><em>ὐοοισιιένοι.</em></strong></span> <span class='ocrx_word' id='word_1_207' title='bbox 707 2255 799 2290; x_wconf 86' lang='lat' dir='ltr'><strong><em>Mox</em></strong></span> <span class='ocrx_word' id='word_1_208' title='bbox 829 2255 913 2290; x_wconf 82' lang='lat' dir='ltr'><strong>libri</strong></span> <span class='ocrx_word' id='word_1_209' title='bbox 942 2255 1058 2303; x_wconf 84' lang='lat' dir='ltr'><strong>pleri-</strong></span> 
     </span>
     <span class='ocr_line' id='line_1_44' title="bbox 406 2305 1055 2358; baseline 0.011 -18"><span class='ocrx_word' id='word_1_210' title='bbox 406 2318 479 2355; x_wconf 80' lang='lat' dir='ltr'><strong><em>que</em></strong></span> <span class='ocrx_word' id='word_1_211' title='bbox 511 2323 538 2343; x_wconf 85' lang='grc' dir='ltr'><em>π</em></span> <span class='ocrx_word' id='word_1_212' title='bbox 549 2322 637 2355; x_wconf 81' lang='grc' dir='ltr'><strong><em>οος</em></strong></span> <span class='ocrx_word' id='word_1_213' title='bbox 685 2305 735 2346; x_wconf 84' lang='grc' dir='ltr'><strong><em>τὸ</em></strong></span> <span class='ocrx_word' id='word_1_214' title='bbox 780 2306 1055 2358; x_wconf 77' lang='grc' dir='ltr'><strong><em>στρατόπεδον,</em></strong></span> 
     </span>
     <span class='ocr_line' id='line_1_45' title="bbox 404 2361 1058 2415; baseline 0.009 -19"><span class='ocrx_word' id='word_1_215' title='bbox 404 2361 471 2396; x_wconf 74' lang='lat' dir='ltr'><strong><em>ubi</em></strong></span> <span class='ocrx_word' id='word_1_216' title='bbox 491 2362 626 2397; x_wconf 80' lang='lat' dir='ltr'>Aldina</span> <span class='ocrx_word' id='word_1_217' title='bbox 657 2376 828 2415; x_wconf 79' lang='lat' dir='ltr'><strong>unusque</strong></span> <span class='ocrx_word' id='word_1_218' title='bbox 856 2363 978 2400; x_wconf 75' lang='lat' dir='ltr'><strong>codex</strong></span> <span class='ocrx_word' id='word_1_219' title='bbox 1007 2363 1058 2410; x_wconf 78' lang='grc' dir='ltr'><strong><em>ἒς</em></strong></span> 
     </span>
     <span class='ocr_line' id='line_1_46' title="bbox 405 2413 1058 2471; baseline 0 -16"><span class='ocrx_word' id='word_1_220' title='bbox 405 2413 457 2456; x_wconf 86' lang='grc' dir='ltr'><strong><em>τὸ</em></strong></span> <span class='ocrx_word' id='word_1_221' title='bbox 479 2414 756 2469; x_wconf 80' lang='grc' dir='ltr'><strong><em>στοατότεὸον,</em></strong></span> <span class='ocrx_word' id='word_1_222' title='bbox 788 2419 833 2455; x_wconf 77' lang='lat' dir='ltr'><strong><em>de</em></strong></span> <span class='ocrx_word' id='word_1_223' title='bbox 862 2433 935 2471; x_wconf 81' lang='lat' dir='ltr'><strong><em>qua</em></strong></span> <span class='ocrx_word' id='word_1_224' title='bbox 963 2433 1058 2457; x_wconf 89' lang='lat' dir='ltr'><strong>con-</strong></span> 
     </span>
     <span class='ocr_line' id='line_1_47' title="bbox 406 2473 1057 2526; baseline 0.006 -18"><span class='ocrx_word' id='word_1_225' title='bbox 406 2473 764 2511; x_wconf 80' lang='lat' dir='ltr'><strong>fusionemonens</strong></span> <span class='ocrx_word' id='word_1_226' title='bbox 769 2475 926 2512; x_wconf 47' lang='lat' dir='ltr'><strong>knlcken.</strong></span> <span class='ocrx_word' id='word_1_227' title='bbox 958 2478 1057 2526; x_wconf 83' lang='lat' dir='ltr'><strong>opti-</strong></span> 
     </span>
     <span class='ocr_line' id='line_1_48' title="bbox 407 2527 1057 2583; baseline 0.008 -19"><span class='ocrx_word' id='word_1_228' title='bbox 407 2542 470 2565; x_wconf 81' lang='lat' dir='ltr'><strong><em>me</em></strong></span> <span class='ocrx_word' id='word_1_229' title='bbox 489 2537 614 2566; x_wconf 73' lang='lat' dir='ltr'><strong>tuetur</strong></span> <span class='ocrx_word' id='word_1_230' title='bbox 632 2527 737 2582; x_wconf 74' lang='grc' dir='ltr'><strong><em>πρὸς,</em></strong></span> <span class='ocrx_word' id='word_1_231' title='bbox 759 2533 874 2568; x_wconf 81' lang='lat' dir='ltr'><strong>citans</strong></span> <span class='ocrx_word' id='word_1_232' title='bbox 896 2534 931 2569; x_wconf 89' lang='lat' dir='ltr'>T</span> <span class='ocrx_word' id='word_1_233' title='bbox 935 2531 1057 2583; x_wconf 67' lang='lat' dir='ltr'><strong>hucy—</strong></span> 
     </span>
     <span class='ocr_line' id='line_1_49' title="bbox 408 2584 1055 2640; baseline 0.008 -20"><span class='ocrx_word' id='word_1_234' title='bbox 408 2584 485 2621; x_wconf 79' lang='lat' dir='ltr'><strong>did.</strong></span> <span class='ocrx_word' id='word_1_235' title='bbox 515 2587 558 2634; x_wconf 65' lang='lat' dir='ltr'><strong><em>V,</em></strong></span> <span class='ocrx_word' id='word_1_236' title='bbox 576 2585 648 2634; x_wconf 76' lang='lat'><strong><em>(353</em></strong></span> <span class='ocrx_word' id='word_1_237' title='bbox 678 2600 753 2638; x_wconf 89' lang='lat' dir='ltr'><strong><em>quo</em></strong></span> <span class='ocrx_word' id='word_1_238' title='bbox 773 2602 821 2624; x_wconf 74' lang='lat' dir='ltr'><strong><em>ox</em></strong></span> <span class='ocrx_word' id='word_1_239' title='bbox 850 2590 933 2625; x_wconf 87' lang='lat' dir='ltr'><strong>loco</strong></span> <span class='ocrx_word' id='word_1_240' title='bbox 964 2588 1055 2640; x_wconf 80' lang='lat' dir='ltr'>quid</span> 
     </span>
     <span class='ocr_line' id='line_1_50' title="bbox 407 2644 1056 2693; baseline 0.008 -16"><span class='ocrx_word' id='word_1_241' title='bbox 407 2649 566 2693; x_wconf 64' lang='lat' dir='ltr'><strong>utraque</strong></span> <span class='ocrx_word' id='word_1_242' title='bbox 587 2645 808 2693; x_wconf 76' lang='lat' dir='ltr'><strong>prnepositio</strong></span> <span class='ocrx_word' id='word_1_243' title='bbox 819 2644 938 2693; x_wconf 76' lang='lat' dir='ltr'><strong>distet</strong></span> <span class='ocrx_word' id='word_1_244' title='bbox 962 2645 1056 2681; x_wconf 79' lang='lat' dir='ltr'><strong>bene</strong></span> 
     </span>
     <span class='ocr_line' id='line_1_51' title="bbox 412 2700 721 2749; baseline 0.007 -16"><span class='ocrx_word' id='word_1_245' title='bbox 412 2700 567 2748; x_wconf 69' lang='lat' dir='ltr'><strong>intelligi</strong></span> <span class='ocrx_word' id='word_1_246' title='bbox 596 2701 721 2749; x_wconf 80' lang='lat' dir='ltr'><strong>possit.</strong></span> 
     </span>
    </p>

    <p class='ocr_par' dir='ltr' id='par_1_22' title="bbox 406 2757 1058 2863">
     <span class='ocr_line' id='line_1_52' title="bbox 463 2757 1056 2807; baseline 0.005 -15"><span class='ocrx_word' id='word_1_247' title='bbox 463 2751 620 2805; x_wconf 72' lang='grc' dir='ltr'><strong><em>κατώοα</em></strong></span> <span class='ocrx_word' id='word_1_248' title='bbox 639 2757 719 2793; x_wconf 75' lang='grc' dir='ltr'><strong><em>πᾶν</em></strong></span> <span class='ocrx_word' id='word_1_249' title='bbox 731 2770 802 2806; x_wconf 71' lang='grc' dir='ltr'><strong><em>μετ’</em></strong></span> <span class='ocrx_word' id='word_1_250' title='bbox 818 2770 865 2793; x_wconf 89' lang='grc' dir='ltr'><strong><em>ου</em></strong></span> <span class='ocrx_word' id='word_1_251' title='bbox 883 2770 925 2794; x_wconf 78' lang='grc' dir='ltr'><strong><em>τυ</em></strong></span> <span class='ocrx_word' id='word_1_252' title='bbox 941 2767 1056 2807; x_wconf 80' lang='grc' dir='ltr'><strong><em>στρα-</em></strong></span> 
     </span>
     <span class='ocr_line' id='line_1_53' title="bbox 406 2806 1058 2863; baseline 0.011 -17"><span class='ocrx_word' id='word_1_253' title='bbox 406 2806 602 2859; x_wconf 75' lang='grc' dir='ltr'><strong><em>τόπεδον]</em></strong></span> <span class='ocrx_word' id='word_1_254' title='bbox 634 2812 753 2849; x_wconf 85' lang='lat' dir='ltr'><strong>voces</strong></span> <span class='ocrx_word' id='word_1_255' title='bbox 781 2826 824 2851; x_wconf 88' lang='grc' dir='ltr'><strong><em>το</em></strong></span> <span class='ocrx_word' id='word_1_256' title='bbox 848 2809 1058 2863; x_wconf 80' lang='grc' dir='ltr'><strong><em>στρατόπε-</em></strong></span> 
     </span>
    </p>
   </div>
   <div class='ocr_carea' id='block_1_22' title="bbox 1110 1465 1767 2865">
    <p class='ocr_par' dir='ltr' id='par_1_23' title="bbox 1110 1465 1767 2080">
     <span class='ocr_line' id='line_1_54' title="bbox 1110 1465 1766 1515; baseline -0.002 -8"><span class='ocrx_word' id='word_1_257' title='bbox 1110 1467 1181 1507; x_wconf 83' lang='grc' dir='ltr'><strong><em>δον</em></strong></span> <span class='ocrx_word' id='word_1_258' title='bbox 1200 1467 1328 1503; x_wconf 85' lang='lat' dir='ltr'><strong>abesse</strong></span> <span class='ocrx_word' id='word_1_259' title='bbox 1347 1466 1429 1503; x_wconf 87' lang='lat' dir='ltr'><strong>vult</strong></span> <span class='ocrx_word' id='word_1_260' title='bbox 1447 1465 1643 1515; x_wconf 68' lang='lat' dir='ltr'><strong>Valcken„</strong></span> <span class='ocrx_word' id='word_1_261' title='bbox 1662 1468 1714 1505; x_wconf 86' lang='lat' dir='ltr'><strong><em>ita</em></strong></span> <span class='ocrx_word' id='word_1_262' title='bbox 1722 1476 1766 1506; x_wconf 87' lang='lat' dir='ltr'><strong><em>ut</em></strong></span> 
     </span>
     <span class='ocr_line' id='line_1_55' title="bbox 1110 1521 1765 1575; baseline 0.009 -17"><span class='ocrx_word' id='word_1_263' title='bbox 1110 1521 1286 1574; x_wconf 84' lang='lat' dir='ltr'><strong>periodus</strong></span> <span class='ocrx_word' id='word_1_264' title='bbox 1310 1521 1506 1559; x_wconf 74' lang='lat' dir='ltr'>claudatur</span> <span class='ocrx_word' id='word_1_265' title='bbox 1524 1525 1679 1562; x_wconf 87' lang='lat' dir='ltr'><strong>vocibus</strong></span> <span class='ocrx_word' id='word_1_266' title='bbox 1693 1522 1765 1575; x_wconf 79' lang='grc' dir='ltr'><strong><em>μὲν</em></strong></span> 
     </span>
     <span class='ocr_line' id='line_1_56' title="bbox 1113 1577 1765 1630; baseline 0.002 -13"><span class='ocrx_word' id='word_1_267' title='bbox 1113 1577 1176 1627; x_wconf 86' lang='grc' dir='ltr'><strong><em>ου’,</em></strong></span> <span class='ocrx_word' id='word_1_268' title='bbox 1204 1585 1386 1630; x_wconf 86' lang='lat' dir='ltr'><strong>sequente</strong></span> <span class='ocrx_word' id='word_1_269' title='bbox 1401 1580 1535 1617; x_wconf 79' lang='lat' dir='ltr'><strong>vocula</strong></span> <span class='ocrx_word' id='word_1_270' title='bbox 1551 1579 1606 1619; x_wconf 85' lang='grc' dir='ltr'><strong><em>δέ.</em></strong></span> <span class='ocrx_word' id='word_1_271' title='bbox 1641 1581 1765 1625; x_wconf 79' lang='lat' dir='ltr'><strong>Quam</strong></span> 
     </span>
     <span class='ocr_line' id='line_1_57' title="bbox 1111 1636 1765 1687; baseline 0.003 -15"><span class='ocrx_word' id='word_1_272' title='bbox 1111 1637 1152 1672; x_wconf 83' lang='lat' dir='ltr'><strong><em>in</em></strong></span> <span class='ocrx_word' id='word_1_273' title='bbox 1193 1648 1277 1671; x_wconf 86' lang='lat' dir='ltr'><strong><em>rem</em></strong></span> <span class='ocrx_word' id='word_1_274' title='bbox 1332 1636 1471 1672; x_wconf 82' lang='lat' dir='ltr'><strong>excitat</strong></span> <span class='ocrx_word' id='word_1_275' title='bbox 1515 1636 1765 1687; x_wconf 78' lang='lat' dir='ltr'><strong>Xenophont.</strong></span> 
     </span>
     <span class='ocr_line' id='line_1_58' title="bbox 1113 1692 1763 1743; baseline 0.003 -14"><span class='ocrx_word' id='word_1_276' title='bbox 1113 1692 1291 1743; x_wconf 74' lang='lat' dir='ltr'><strong>Sympos.</strong></span> <span class='ocrx_word' id='word_1_277' title='bbox 1310 1692 1358 1739; x_wconf 92' lang='lat' dir='ltr'><strong><em>II,</em></strong></span> <span class='ocrx_word' id='word_1_278' title='bbox 1378 1693 1441 1731; x_wconf 85' lang='lat'><strong>19.</strong></span> <span class='ocrx_word' id='word_1_279' title='bbox 1461 1692 1584 1730; x_wconf 83' lang='lat' dir='ltr'><strong>Anah.</strong></span> <span class='ocrx_word' id='word_1_280' title='bbox 1604 1694 1667 1741; x_wconf 78' lang='lat' dir='ltr'><strong><em>IV,</em></strong></span> <span class='ocrx_word' id='word_1_281' title='bbox 1690 1696 1714 1734; x_wconf 88' lang='lat'><em>8</em></span> <span class='ocrx_word' id='word_1_282' title='bbox 1727 1695 1763 1739; x_wconf 84' lang='lat'><strong>§.</strong></span> 
     </span>
     <span class='ocr_line' id='line_1_59' title="bbox 1111 1746 1765 1802; baseline 0 -16"><span class='ocrx_word' id='word_1_283' title='bbox 1111 1751 1150 1789; x_wconf 82' lang='grc'><strong><em>2.</em></strong></span> <span class='ocrx_word' id='word_1_284' title='bbox 1172 1749 1236 1794; x_wconf 87' lang='lat' dir='ltr'><strong><em>IV,</em></strong></span> <span class='ocrx_word' id='word_1_285' title='bbox 1258 1746 1283 1786; x_wconf 82' lang='grc'>4</span> <span class='ocrx_word' id='word_1_286' title='bbox 1305 1749 1341 1792; x_wconf 81' lang='lat'><strong>§.</strong></span> <span class='ocrx_word' id='word_1_287' title='bbox 1360 1749 1402 1794; x_wconf 73' lang='lat'><strong><em>3,</em></strong></span> <span class='ocrx_word' id='word_1_288' title='bbox 1431 1748 1515 1785; x_wconf 85' lang='lat' dir='ltr'><strong>alia.</strong></span> <span class='ocrx_word' id='word_1_289' title='bbox 1572 1749 1765 1802; x_wconf 83' lang='lat' dir='ltr'><strong>Equidem</strong></span> 
     </span>
     <span class='ocr_line' id='line_1_60' title="bbox 1111 1804 1765 1843; baseline 0.003 -2"><span class='ocrx_word' id='word_1_290' title='bbox 1111 1805 1213 1841; x_wconf 84' lang='lat' dir='ltr'><strong>libris</strong></span> <span class='ocrx_word' id='word_1_291' title='bbox 1233 1804 1358 1840; x_wconf 76' lang='lat' dir='ltr'><strong>invitis</strong></span> <span class='ocrx_word' id='word_1_292' title='bbox 1379 1804 1467 1841; x_wconf 80' lang='lat' dir='ltr'><strong>talia</strong></span> <span class='ocrx_word' id='word_1_293' title='bbox 1494 1812 1642 1842; x_wconf 85' lang='lat' dir='ltr'><strong>mutare</strong></span> <span class='ocrx_word' id='word_1_294' title='bbox 1661 1805 1765 1843; x_wconf 83' lang='lat' dir='ltr'><strong>haud</strong></span> 
     </span>
     <span class='ocr_line' id='line_1_61' title="bbox 1111 1860 1767 1913; baseline 0.003 -16"><span class='ocrx_word' id='word_1_295' title='bbox 1111 1874 1196 1897; x_wconf 87' lang='lat' dir='ltr'><strong><em>sum</em></strong></span> <span class='ocrx_word' id='word_1_296' title='bbox 1217 1873 1341 1897; x_wconf 82' lang='lat' dir='ltr'><strong>ausuS.</strong></span> <span class='ocrx_word' id='word_1_297' title='bbox 1387 1860 1449 1897; x_wconf 93' lang='lat' dir='ltr'><strong><em>Ad</em></strong></span> <span class='ocrx_word' id='word_1_298' title='bbox 1468 1874 1580 1898; x_wconf 89' lang='lat' dir='ltr'><strong>usum</strong></span> <span class='ocrx_word' id='word_1_299' title='bbox 1599 1864 1767 1913; x_wconf 77' lang='lat' dir='ltr'><strong>particu-</strong></span> 
     </span>
     <span class='ocr_line' id='line_1_62' title="bbox 1112 1914 1764 1965; baseline 0.008 -12"><span class='ocrx_word' id='word_1_300' title='bbox 1112 1918 1170 1953; x_wconf 80' lang='lat' dir='ltr'><strong><em>lae</em></strong></span> <span class='ocrx_word' id='word_1_301' title='bbox 1192 1914 1235 1956; x_wconf 78' lang='grc' dir='ltr'><strong><em>δὲ</em></strong></span> <span class='ocrx_word' id='word_1_302' title='bbox 1263 1917 1302 1952; x_wconf 86' lang='lat' dir='ltr'><strong><em>iu</em></strong></span> <span class='ocrx_word' id='word_1_303' title='bbox 1323 1917 1444 1954; x_wconf 82' lang='lat' dir='ltr'><strong>verbis</strong></span> <span class='ocrx_word' id='word_1_304' title='bbox 1466 1915 1486 1956; x_wconf 84' lang='grc' dir='ltr'>ὅ</span> <span class='ocrx_word' id='word_1_305' title='bbox 1503 1915 1545 1957; x_wconf 81' lang='grc' dir='ltr'><strong><em>δὲ</em></strong></span> <span class='ocrx_word' id='word_1_306' title='bbox 1570 1915 1664 1964; x_wconf 70' lang='grc' dir='ltr'><strong><em>τούς</em></strong></span> <span class='ocrx_word' id='word_1_307' title='bbox 1693 1918 1764 1965; x_wconf 72' lang='grc' dir='ltr'><strong><em>ἕξω</em></strong></span> 
     </span>
     <span class='ocr_line' id='line_1_63' title="bbox 1112 1972 1764 2023; baseline 0 -11"><span class='ocrx_word' id='word_1_308' title='bbox 1112 1972 1316 2023; x_wconf 73' lang='grc' dir='ltr'><strong><em>ἐμάνθανε</em></strong></span> <span class='ocrx_word' id='word_1_309' title='bbox 1336 1974 1437 2010; x_wconf 88' lang='lat' dir='ltr'><strong>conf.</strong></span> <span class='ocrx_word' id='word_1_310' title='bbox 1465 1973 1599 2012; x_wconf 83' lang='lat' dir='ltr'><strong>Matth.</strong></span> <span class='ocrx_word' id='word_1_311' title='bbox 1621 1976 1685 2012; x_wconf 86' lang='lat' dir='ltr'><strong>Gr.</strong></span> <span class='ocrx_word' id='word_1_312' title='bbox 1699 1975 1764 2011; x_wconf 86' lang='lat' dir='ltr'><strong>Gr.</strong></span> 
     </span>
     <span class='ocr_line' id='line_1_64' title="bbox 1113 2030 1582 2080; baseline -0.002 -13"><span class='ocrx_word' id='word_1_313' title='bbox 1113 2031 1149 2075; x_wconf 57' lang='grc' dir='ltr'><strong><em>ᾧ.</em></strong></span> <span class='ocrx_word' id='word_1_314' title='bbox 1170 2031 1251 2070; x_wconf 77' lang='grc'><strong><em>289</em></strong></span> <span class='ocrx_word' id='word_1_315' title='bbox 1272 2035 1351 2067; x_wconf 88' lang='lat' dir='ltr'><strong>not.</strong></span> <span class='ocrx_word' id='word_1_316' title='bbox 1382 2030 1407 2068; x_wconf 85' lang='lat'><strong>9</strong></span> <span class='ocrx_word' id='word_1_317' title='bbox 1427 2044 1466 2080; x_wconf 90' lang='lat' dir='ltr'><strong><em>p.</em></strong></span> <span class='ocrx_word' id='word_1_318' title='bbox 1487 2030 1582 2071; x_wconf 81' lang='lat'><strong>582.</strong></span> 
     </span>
    </p>

    <p class='ocr_par' dir='ltr' id='par_1_24' title="bbox 1111 2080 1766 2865">
     <span class='ocr_line' id='line_1_65' title="bbox 1168 2080 1761 2135; baseline 0 -11"><span class='ocrx_word' id='word_1_319' title='bbox 1168 2082 1238 2131; x_wconf 76' lang='grc' dir='ltr'><strong><em>τοὶς</em></strong></span> <span class='ocrx_word' id='word_1_320' title='bbox 1276 2080 1402 2135; x_wconf 82' lang='grc' dir='ltr'><strong><em>κόμας</em></strong></span> <span class='ocrx_word' id='word_1_321' title='bbox 1441 2083 1761 2134; x_wconf 83' lang='grc' dir='ltr'><strong><em>κτενιζομένους]</em></strong></span> 
     </span>
     <span class='ocr_line' id='line_1_66' title="bbox 1113 2140 1764 2191; baseline 0.002 -13"><span class='ocrx_word' id='word_1_322' title='bbox 1113 2142 1139 2178; x_wconf 86' lang='lat' dir='ltr'><strong>i.</strong></span> <span class='ocrx_word' id='word_1_323' title='bbox 1159 2155 1193 2178; x_wconf 79' lang='lat' dir='ltr'><strong>e..</strong></span> <span class='ocrx_word' id='word_1_324' title='bbox 1213 2141 1302 2177; x_wconf 80' lang='lat' dir='ltr'><em>alios</em></span> <span class='ocrx_word' id='word_1_325' title='bbox 1323 2152 1449 2176; x_wconf 86' lang='lat' dir='ltr'><strong>comam</strong></span> <span class='ocrx_word' id='word_1_326' title='bbox 1463 2140 1607 2191; x_wconf 82' lang='lat' dir='ltr'>(suam)</span> <span class='ocrx_word' id='word_1_327' title='bbox 1624 2145 1764 2191; x_wconf 81' lang='lat' dir='ltr'><strong>pecten—</strong></span> 
     </span>
     <span class='ocr_line' id='line_1_67' title="bbox 1113 2194 1766 2247; baseline 0.005 -15"><span class='ocrx_word' id='word_1_328' title='bbox 1113 2200 1176 2232; x_wconf 75' lang='lat' dir='ltr'><strong>tes.</strong></span> <span class='ocrx_word' id='word_1_329' title='bbox 1234 2194 1343 2240; x_wconf 80' lang='lat' dir='ltr'><strong>Quod</strong></span> <span class='ocrx_word' id='word_1_330' title='bbox 1360 2209 1380 2231; x_wconf 82' lang='lat' dir='ltr'>e</span> <span class='ocrx_word' id='word_1_331' title='bbox 1397 2202 1522 2232; x_wconf 71' lang='lat' dir='ltr'><strong>vetere</strong></span> <span class='ocrx_word' id='word_1_332' title='bbox 1543 2197 1638 2247; x_wconf 73' lang='lat' dir='ltr'>lege,</span> <span class='ocrx_word' id='word_1_333' title='bbox 1660 2199 1766 2235; x_wconf 80' lang='lat' dir='ltr'><strong>cuius</strong></span> 
     </span>
     <span class='ocr_line' id='line_1_68' title="bbox 1112 2252 1765 2301; baseline 0.003 -13"><span class='ocrx_word' id='word_1_334' title='bbox 1112 2252 1286 2288; x_wconf 78' lang='lat' dir='ltr'>meminit</span> <span class='ocrx_word' id='word_1_335' title='bbox 1315 2252 1537 2288; x_wconf 78' lang='lat' dir='ltr'>Demaratus</span> <span class='ocrx_word' id='word_1_336' title='bbox 1568 2255 1650 2301; x_wconf 74' lang='lat' dir='ltr'>vll,</span> <span class='ocrx_word' id='word_1_337' title='bbox 1683 2257 1765 2295; x_wconf 80' lang='grc'><strong><em>209</em></strong></span> 
     </span>
     <span class='ocr_line' id='line_1_69' title="bbox 1114 2308 1766 2357; baseline 0.003 -14"><span class='ocrx_word' id='word_1_338' title='bbox 1114 2308 1219 2355; x_wconf 82' lang='lat' dir='ltr'><strong>(coll.</strong></span> <span class='ocrx_word' id='word_1_339' title='bbox 1242 2308 1353 2357; x_wconf 74' lang='lat' dir='ltr'><strong>Crng.</strong></span> <span class='ocrx_word' id='word_1_340' title='bbox 1382 2309 1439 2343; x_wconf 87' lang='lat' dir='ltr'><strong><em>De</em></strong></span> <span class='ocrx_word' id='word_1_341' title='bbox 1468 2321 1546 2357; x_wconf 86' lang='lat' dir='ltr'><strong>rep.</strong></span> <span class='ocrx_word' id='word_1_342' title='bbox 1576 2311 1666 2346; x_wconf 79' lang='lat' dir='ltr'><strong>Lac.</strong></span> <span class='ocrx_word' id='word_1_343' title='bbox 1699 2311 1766 2357; x_wconf 88' lang='lat'>111,</span> 
     </span>
     <span class='ocr_line' id='line_1_70' title="bbox 1113 2363 1765 2414; baseline 0.006 -16"><span class='ocrx_word' id='word_1_344' title='bbox 1113 2363 1151 2404; x_wconf 84' lang='lat'><strong>4.</strong></span> <span class='ocrx_word' id='word_1_345' title='bbox 1176 2364 1314 2401; x_wconf 73' lang='lat' dir='ltr'><strong>Mem-s.</strong></span> <span class='ocrx_word' id='word_1_346' title='bbox 1336 2364 1490 2403; x_wconf 82' lang='lat' dir='ltr'><strong>Miscell.</strong></span> <span class='ocrx_word' id='word_1_347' title='bbox 1512 2366 1542 2410; x_wconf 87' lang='grc' dir='ltr'><strong><em>Ι,</em></strong></span> <span class='ocrx_word' id='word_1_348' title='bbox 1575 2365 1651 2414; x_wconf 86' lang='grc'><strong><em>16)</em></strong></span> <span class='ocrx_word' id='word_1_349' title='bbox 1684 2364 1765 2402; x_wconf 87' lang='lat' dir='ltr'><strong>fieri</strong></span> 
     </span>
     <span class='ocr_line' id='line_1_71' title="bbox 1112 2420 1765 2470; baseline 0.003 -14"><span class='ocrx_word' id='word_1_350' title='bbox 1112 2426 1246 2456; x_wconf 85' lang='lat' dir='ltr'><strong>notant</strong></span> <span class='ocrx_word' id='word_1_351' title='bbox 1265 2420 1496 2470; x_wconf 80' lang='lat' dir='ltr'><strong>interpretes.</strong></span> <span class='ocrx_word' id='word_1_352' title='bbox 1526 2422 1608 2466; x_wconf 78' lang='lat' dir='ltr'><strong><em>Quo</em></strong></span> <span class='ocrx_word' id='word_1_353' title='bbox 1629 2420 1765 2458; x_wconf 81' lang='lat' dir='ltr'><strong>eodem</strong></span> 
     </span>
     <span class='ocr_line' id='line_1_72' title="bbox 1112 2477 1764 2528; baseline 0.003 -16"><span class='ocrx_word' id='word_1_354' title='bbox 1112 2483 1266 2526; x_wconf 83' lang='lat' dir='ltr'><strong>spectat,</strong></span> <span class='ocrx_word' id='word_1_355' title='bbox 1279 2477 1499 2514; x_wconf 77' lang='lat' dir='ltr'><strong>observante</strong></span> <span class='ocrx_word' id='word_1_356' title='bbox 1509 2478 1764 2528; x_wconf 77' lang='lat' dir='ltr'><strong>VVesselingio</strong></span> 
     </span>
     <span class='ocr_line' id='line_1_73' title="bbox 1113 2533 1764 2584; baseline 0.002 -14"><span class='ocrx_word' id='word_1_357' title='bbox 1113 2533 1239 2572; x_wconf 76' lang='lat' dir='ltr'><strong>strab.</strong></span> <span class='ocrx_word' id='word_1_358' title='bbox 1266 2534 1305 2568; x_wconf 90' lang='lat' dir='ltr'>X</span> <span class='ocrx_word' id='word_1_359' title='bbox 1334 2545 1420 2584; x_wconf 80' lang='lat' dir='ltr'><strong>pag.</strong></span> <span class='ocrx_word' id='word_1_360' title='bbox 1451 2536 1531 2574; x_wconf 87' lang='lat'><strong><em>716</em></strong></span> <span class='ocrx_word' id='word_1_361' title='bbox 1551 2534 1599 2571; x_wconf 91' lang='lat' dir='ltr'><strong>A.</strong></span> <span class='ocrx_word' id='word_1_362' title='bbox 1619 2547 1647 2572; x_wconf 92' lang='lat' dir='ltr'><strong>s.</strong></span> <span class='ocrx_word' id='word_1_363' title='bbox 1670 2533 1764 2574; x_wconf 84' lang='lat'><strong>467.</strong></span> 
     </span>
     <span class='ocr_line' id='line_1_74' title="bbox 1111 2587 1764 2640; baseline 0.005 -16"><span class='ocrx_word' id='word_1_364' title='bbox 1111 2590 1183 2625; x_wconf 75' lang='lat' dir='ltr'><strong><em>Dio</em></strong></span> <span class='ocrx_word' id='word_1_365' title='bbox 1205 2587 1395 2639; x_wconf 74' lang='lat' dir='ltr'><strong>chrysost.</strong></span> <span class='ocrx_word' id='word_1_366' title='bbox 1425 2589 1464 2625; x_wconf 83' lang='lat' dir='ltr'><strong><em>in</em></strong></span> <span class='ocrx_word' id='word_1_367' title='bbox 1498 2590 1596 2629; x_wconf 77' lang='lat' dir='ltr'><strong>Orat.</strong></span> <span class='ocrx_word' id='word_1_368' title='bbox 1629 2591 1764 2640; x_wconf 57' lang='lat' dir='ltr'><strong>Sjwles.</strong></span> 
     </span>
     <span class='ocr_line' id='line_1_75' title="bbox 1112 2644 1761 2696; baseline 0.002 -15"><span class='ocrx_word' id='word_1_369' title='bbox 1112 2647 1168 2681; x_wconf 87' lang='lat' dir='ltr'><strong><em>De</em></strong></span> <span class='ocrx_word' id='word_1_370' title='bbox 1178 2645 1310 2681; x_wconf 78' lang='lat' dir='ltr'><strong>Calvit.</strong></span> <span class='ocrx_word' id='word_1_371' title='bbox 1326 2659 1364 2696; x_wconf 88' lang='lat' dir='ltr'><strong>p.</strong></span> <span class='ocrx_word' id='word_1_372' title='bbox 1383 2644 1435 2686; x_wconf 84' lang='lat'><strong><em>65</em></strong></span> <span class='ocrx_word' id='word_1_373' title='bbox 1447 2647 1491 2682; x_wconf 89' lang='lat' dir='ltr'><strong>B.</strong></span> <span class='ocrx_word' id='word_1_374' title='bbox 1513 2646 1646 2684; x_wconf 75' lang='lat' dir='ltr'><strong>Libau.</strong></span> <span class='ocrx_word' id='word_1_375' title='bbox 1659 2646 1761 2686; x_wconf 75' lang='lat' dir='ltr'><strong>Orat.</strong></span> 
     </span>
     <span class='ocr_line' id='line_1_76' title="bbox 1112 2700 1762 2752; baseline 0 -14"><span class='ocrx_word' id='word_1_376' title='bbox 1112 2714 1180 2752; x_wconf 88' lang='lat' dir='ltr'><strong>pro</strong></span> <span class='ocrx_word' id='word_1_377' title='bbox 1201 2702 1294 2738; x_wconf 80' lang='lat' dir='ltr'><strong>Salt.</strong></span> <span class='ocrx_word' id='word_1_378' title='bbox 1316 2716 1351 2752; x_wconf 89' lang='lat' dir='ltr'><strong>p.</strong></span> <span class='ocrx_word' id='word_1_379' title='bbox 1365 2700 1445 2742; x_wconf 81' lang='grc'><strong><em>489</em></strong></span> <span class='ocrx_word' id='word_1_380' title='bbox 1466 2703 1511 2740; x_wconf 90' lang='grc' dir='ltr'><strong><em>Ε.</em></strong></span> <span class='ocrx_word' id='word_1_381' title='bbox 1540 2702 1652 2738; x_wconf 84' lang='lat' dir='ltr'><strong>Plura</strong></span> <span class='ocrx_word' id='word_1_382' title='bbox 1667 2714 1762 2752; x_wconf 89' lang='lat' dir='ltr'><strong>quo-</strong></span> 
     </span>
     <span class='ocr_line' id='line_1_77' title="bbox 1113 2757 1765 2809; baseline 0 -15"><span class='ocrx_word' id='word_1_383' title='bbox 1113 2771 1187 2809; x_wconf 86' lang='lat' dir='ltr'><strong><em>que</em></strong></span> <span class='ocrx_word' id='word_1_384' title='bbox 1208 2757 1314 2794; x_wconf 80' lang='lat' dir='ltr'><strong>affert</strong></span> <span class='ocrx_word' id='word_1_385' title='bbox 1336 2759 1378 2794; x_wconf 86' lang='lat' dir='ltr'><strong>C.</strong></span> <span class='ocrx_word' id='word_1_386' title='bbox 1397 2758 1441 2793; x_wconf 88' lang='grc' dir='ltr'><strong><em>Ο.</em></strong></span> <span class='ocrx_word' id='word_1_387' title='bbox 1461 2758 1607 2794; x_wconf 79' lang='lat' dir='ltr'><strong>Miiller.</strong></span> <span class='ocrx_word' id='word_1_388' title='bbox 1627 2759 1765 2794; x_wconf 88' lang='lat' dir='ltr'><strong>Dor.11</strong></span> 
     </span>
     <span class='ocr_line' id='line_1_78' title="bbox 1113 2813 1762 2865; baseline 0 -15"><span class='ocrx_word' id='word_1_389' title='bbox 1113 2827 1147 2864; x_wconf 89' lang='lat' dir='ltr'><strong><em>p.</em></strong></span> <span class='ocrx_word' id='word_1_390' title='bbox 1159 2813 1235 2854; x_wconf 82' lang='lat'><strong><em>251</em></strong></span> <span class='ocrx_word' id='word_1_391' title='bbox 1251 2826 1328 2865; x_wconf 86' lang='lat' dir='ltr'><strong>seq.</strong></span> <span class='ocrx_word' id='word_1_392' title='bbox 1346 2815 1426 2855; x_wconf 79' lang='lat'><strong><em>269</em></strong></span> <span class='ocrx_word' id='word_1_393' title='bbox 1435 2826 1514 2865; x_wconf 86' lang='lat' dir='ltr'><strong>seq.</strong></span> <span class='ocrx_word' id='word_1_394' title='bbox 1533 2814 1647 2851; x_wconf 84' lang='lat' dir='ltr'><strong>Moris</strong></span> <span class='ocrx_word' id='word_1_395' title='bbox 1659 2813 1762 2850; x_wconf 83' lang='lat' dir='ltr'><strong>enim</strong></span> 
     </span>
    </p>
   </div>
  </div>
 </body>
</html>
