1897 3340
423 217 1082 256 TERPSICHORE.
1142 222 1186 258 V.
1351 226 1434 264 185

170 341 270 377 „tog
311 326 356 370 δὲ
395 325 557 369 τούτου
597 324 664 368 ἐπὶ
708 325 947 382 τριήκοντα
983 327 1101 378 ἔτεα,
1147 328 1221 371 καὶ
1259 329 1431 373 διαπλέ-
1490 343 1730 394 ‘.'¹!³⁸·¹0‚c⁰÷1‹·¹·⁸

169 395 359 446 ,,ξαντος·
387 393 467 436 τόν
496 394 598 448 βίον
626 387 697 444 εὖ,
736 392 942 449 διάδοχός
980 396 1024 437 οἷ
1051 398 1127 451 τῆς
1168 377 1763 449 vvoavvcaog65¹[fl1'f'13‘na'q‘fss‘ss{lil‘e'f

112 461 221 514 23,,ὁ
252 467 353 513 παῖς
376 462 650 515 Περίανδρος
669 463 844 516 γίνεται.
898 460 949 505 ‘0
978 464 1130 506 τοίνυν
1153 465 1433 520 Περίανδρος
1491 445 1744 514 ὲ’ί1ᾏ“ιῖι“ζῖιῑῦἶῗῖιι.

167 528 291 595 ζ,κατ’
320 526 454 584 ἀρχὰς
474 528 553 584 μὲν
581 524 638 585 ἦν
666 528 906 585 ἠπιώτερος
939 534 1022 574 τοῦ
1051 530 1228 586 πατρός.
1269 531 1360 575 ἐπεί
1388 549 1432 576 τε

166 597 241 650 ,,δὲ
270 596 453 653 ὡμίλησε
483 596 544 641 δι’
578 595 771 653 ἀγγέλων
804 598 1108 656 Θρασυβούλῳ
1137 602 1199 658 τῷ
1228 599 1433 656 Μιλήτου

164 662 416 722 ,,τυράννῳ,
464 669 615 723 πολλῷ
653 665 715 709 ἔτι
744 665 910 722 ἐγένετο
940 666 1149 718 Κυψέλου
1187 667 1433 725 μιαιφονώ-

106 849 155 888 ad
181 864 379 889 sinmnum
418 851 500 894 589
529 865 564 889 a.
597 851 688 890 Chr.
726 866 767 890 n.

106 907 209 945 diem
235 909 329 946 obiit
353 922 589 960 supremum.

135 964 231 1022 ακαὶ
263 964 542 1013 διαπλέξαντος
575 963 647 1005 τόν
675 966 767 1018 βίον

103 1023 174 1071 εὐ]
196 1023 222 1058 i.
233 1035 266 1059 e.
288 1035 432 1073 cumque
447 1025 543 1060 vitae
556 1036 692 1061 cursum
711 1025 767 1061 be-

102 1091 145 1116 ne
157 1081 351 1129 peregisset
365 1110 374 1127 ‚
398 1093 565 1130 prospera
585 1093 670 1118 usus
683 1080 766 1131 for-

101 1139 203 1173 tuna.
241 1137 384 1187 Optimi
405 1138 546 1189 quique
568 1136 680 1174 codd.
703 1136 765 1175 hic

101 1191 267 1230 afferunt
278 1193 664 1241 διαπλέξαντος,οωη
673 1196 765 1232 olim

102 1256 198 1286 esset
208 1245 529 1297 διαπλεύσαντος,
550 1251 654 1302 quod
665 1259 766 1288 certe

100 1308 242 1343 Ionmn
270 1320 319 1343 ex
340 1305 491 1343 dicendi
510 1309 656 1344 ratione
675 1322 766 1345 mu-

102 1364 174 1400 tari
203 1361 364 1400 debebat
384 1364 425 1399 in
457 1361 763 1412 διαπλώσαντες.

101 1420 162 1456 At·
172 1426 274 1456 recte
294 1418 354 1457 hic
376 1419 511 1457 dicitur
524 1420 762 1470 διαπλέκειν,

102 1483 145 1513 ut
164 1477 240 1512 iam
260 1478 480 1514 monuimus
502 1476 551 1514 ad
579 1479 643 1523 IV,
665 1478 761 1519 205.

101 1532 263 1570 Addunt
291 1533 434 1570 Herod.
466 1535 547 1582 VII,
581 1533 634 1574 46
667 1534 762 1583 (ubi

99 1602 168 1640 pro
197 1586 348 1641 γλυκῦν
379 1586 568 1642 γεύσας
597 1587 665 1629 τὸν
698 1591 760 1630 αἰ-

99 1648 185 1684 ῶνα
196 1647 258 1682 alii
278 1644 454 1696 πλέξας).
484 1646 627 1684 Athen.
650 1649 705 1684 XI
719 1663 759 1699 p.

99 1700 181 1744 458
212 1704 258 1740 B.
286 1704 403 1740 Plura
430 1704 583 1741 Cattier.
610 1705 651 1741 in
681 1707 762 1742 Ga-

98 1758 252 1811 zophyl.
281 1773 369 1810 pag.
398 1763 452 1801 76
484 1768 522 1799 et
549 1762 615 1813 qui
650 1774 672 1798 a
692 1762 762 1802 Cr.

98 1817 236 1854 citatur
255 1818 386 1868 Toup.
407 1816 456 1854 ad
483 1818 658 1855 Snidam.
683 1821 702 1855 I
721 1834 761 1870 p.

98 1875 167 1913 20.
181 1896 230 1900 —
255 1874 314 1910 De
333 1875 469 1911 vocula
491 1869 536 1914 εὖ
554 1878 763 1926 postposita

98 1930 199 1967 conf.
219 1937 315 1968 nott.
337 1930 386 1968 ad
404 1933 470 1979 ΠΙ,
493 1932 546 1972 55
569 1939 606 1970 et
626 1933 671 1980 V,
693 1936 762 1974 27.

98 1987 143 2022 Iu
163 2000 269 2040 seqq.
291 1986 339 2024 ad
354 1989 436 2026 κατ’
459 1983 583 2041 α’ρχοές
601 1990 702 2026 conf.
714 1991 760 2039 V,

98 2045 154 2084 62
175 2051 212 2081 et
232 2043 280 2081 ad
300 2046 527 2096 particulam
547 2045 603 2086 ἔτι
621 2044 759 2085 Matth.

98 2101 165 2137 Gr.
186 2102 253 2138 Gr.
274 2114 363 2152 pag.
385 2102 481 2143 852.

152 2155 196 2196 ‘O
215 2159 355 2198 τοίνυν
393 2158 645 2211 Περίανδρος
663 2175 700 2199 κ.
721 2176 755 2200 τ.

97 2212 150 2261 λ.]
174 2213 330 2265 Spectat
349 2213 425 2252 huc
447 2229 564 2267 quam
586 2219 756 2255 maxime

97 2270 294 2308 Parthenii
314 2274 478 2309 narratio
507 2275 673 2311 Eroticc.
696 2278 760 2324 17,

98 2327 163 2363 ubi
176 2329 283 2365 initio
304 2327 399 2366 haec
418 2330 622 2380 leguntur:
654 2330 760 2383 λέγε-

97 2397 161 2422 ται
183 2382 225 2423 δὲ
246 2384 313 2424 καὶ
335 2387 587 2439 Περίανδρον
598 2384 664 2427 τὸν
682 2391 760 2428 Κο-

99 2439 260 2487 ρίνθιον
279 2438 354 2493 τήν
377 2440 448 2493 μὲν
474 2439 602 2495 ἀρχήν
635 2443 759 2484 ἐπιει-

97 2509 148 2546 κη
178 2511 219 2536 τε
251 2497 318 2537 καὶ
336 2501 468 2553 πρᾷον
497 2497 612 2548 εἶναι,
642 2497 758 2541 ὕστε-

99 2565 170 2602 ρον
192 2551 234 2593 δὲ
261 2552 532 2608 φονικώτερον
566 2556 758 2607 γενέσθαι

99 2602 148 2646 δι’
173 2608 304 2661 αἰτίην
324 2607 459 2661 τήνδε.
492 2613 664 2662 [Quibus
687 2615 756 2654 Cr.

99 2662 203 2702 addit
231 2666 377 2718 Ephori
402 2669 583 2720 fragmin.
614 2684 652 2721 p.
674 2674 754 2712 211

97 2720 240 2770 Marx]
285 2724 468 2776 Sequitur
504 2728 669 2764 narratio
710 2727 758 2764 de

98 2775 248 2814 funesto
266 2782 482 2830 ,concubitu
495 2812 504 2830 ‚
526 2796 644 2836 quam
662 2784 757 2822 Ovi-

98 2831 233 2870 dianae
272 2835 423 2875 fabulae
462 2837 510 2876 de
538 2840 680 2893 Cinyra
719 2847 757 2878 et

823 850 979 903 Myrrha
999 851 1255 905 Metamorph.
1271 855 1414 900 X‚298
1435 856 1489 892 si-

823 910 1025 946 millimam
1036 908 1112 946 huc
1132 912 1397 948 transscribere
1406 925 1487 949 non

823 973 946 1004 vacat.
993 968 1131 1004 Postea
1159 980 1250 1005 vero
1279 968 1488 1006 Periander

822 1031 996 1060 mentem
1029 1037 1163 1060 sanam
1193 1025 1245 1061 ita
1277 1024 1486 1076 perdidisse

823 1080 943 1117 fertur
969 1087 1013 1117 ut
1042 1093 1200 1117 omnem
1219 1081 1486 1120 crudelitatem

820 1137 860 1173 in
882 1138 981 1175 cives
997 1151 1083 1175 suos
1102 1146 1308 1176 exerceret.
1338 1141 1382 1175 In
1396 1142 1485 1176 uni-

821 1207 975 1231 versum
996 1202 1125 1231 autem
1145 1209 1240 1232 num
1254 1196 1415 1233 Sosicles
1437 1196 1486 1234 de

822 1250 1030 1288 Periandro
1039 1259 1151 1298 ‘recte
1163 1252 1397 1300 iudicaverit,
1412 1253 1486 1291 hoc

823 1309 1032 1344 accuratius
1063 1321 1131 1358 per
1157 1310 1306 1359 singula
1339 1309 1485 1362 disqui-

822 1365 869 1401 rit
890 1365 933 1401 C.
953 1366 1142 1414 Wagner.
1162 1367 1201 1401 in
1223 1367 1426 1416 scriptione
1438 1366 1486 1404 de

818 1420 1016 1458 Periandr.
1042 1434 1132 1472 pag.
1164 1425 1215 1462 13
1248 1436 1355 1475 seqq.
1395 1425 1482 1462 coll.

820 1478 862 1514 C.
886 1478 930 1515 Ο.
951 1478 1101 1515 Mifller.
1123 1479 1216 1516 Dor.
1236 1481 1255 1515 I
1287 1492 1375 1530 pag.
1400 1481 1481 1522 165

820 1547 927 1586 seqq.
987 1535 1070 1579 Quo
1110 1534 1237 1571 iudice
1276 1536 1485 1573 Periander

816 1604 908 1628 sane
929 1603 973 1627 ea
988 1592 1168 1639 instituit,
1201 1605 1299 1643 quae
1319 1607 1485 1644 regnum

817 1649 912 1685 mite
948 1654 984 1684 et
1005 1649 1288 1699 sapientissimis
1318 1651 1482 1688 consiliis

819 1703 1126 1742 administratum
1145 1705 1324 1756 produnt,
1336 1708 1482 1744 immu-

817 1762 980 1799 nitatem
1009 1761 1094 1799 dico
1126 1764 1357 1800 tributorum
1386 1765 1481 1801 civi-

818 1819 888 1855 bus
909 1831 1141 1865 concessam,
1162 1820 1356 1857 luxuriam
1367 1820 1482 1858 ditio-

818 1888 905 1912 rum
922 1875 1052 1915 edictis
1068 1877 1284 1924 coercitam,
1297 1876 1481 1915 desidiam

818 1931 1025 1969 cohibitam
1037 1962 1047 1980 ‚
1068 1934 1141 1969 alia
1160 1932 1200 1970 id
1220 1946 1340 1984 genus
1363 1934 1411 1971 ad
1424 1937 1480 1972 ci-

816 1990 941 2027 vitatis
979 1989 1115 2026 florem
1153 2003 1271 2041 quam
1309 1993 1480 2028 maxime

814 2047 1067 2096 pertinentia:
1108 2046 1212 2084 uude
1231 2048 1397 2096 factum,
1438 2056 1481 2086 ut

814 2104 880 2140 illo
902 2110 1088 2153 regnante
1109 2102 1158 2140 ad
1187 2117 1387 2141 summum
1406 2105 1480 2143 fio-

813 2160 863 2197 ris
892 2161 1090 2211 fastigium
1111 2160 1285 2198 Corinthi
1310 2176 1368 2199 res
1388 2176 1479 2213 per—

811 2218 959 2255 venisse
978 2216 1170 2268 putandae
1180 2219 1268 2255 sint.
1291 2219 1364 2265 Qui
1374 2219 1480 2256 idem

816 2280 946 2311 tamen
986 2287 1064 2326 quo
1102 2288 1162 2312 res
1199 2288 1284 2312 suas
1310 2283 1480 2313 tueretur

816 2330 1141 2383 tyrannidemque
1160 2340 1338 2381 servaret,
1361 2334 1407 2370 ab
1421 2335 1476 2370 in-

813 2388 911 2424 iuria
940 2389 1198 2440 violentiaque
1225 2403 1305 2426 nou
1325 2403 1477 2441 prorsus

814 2443 1051 2483 abhorruisse
1090 2445 1241 2483 videtur
1272 2453 1308 2483 et
1357 2460 1477 2499 quum

815 2501 1003 2554 quidquid
1045 2503 1116 2539 sibi
1144 2503 1333 2552 libuisset,
1363 2517 1476 2555 pera—

813 2566 942 2609 geret,
973 2560 1197 2611 praesertim
1228 2561 1276 2597 ab
1308 2574 1353 2597 eo
1386 2560 1476 2597 inde
1504 2557 1508 2562 ’

813 2622 1007 2667 tempore,
1039 2629 1114 2668 quo
1137 2615 1352 2654 domesticis
1373 2618 1476 2654 cala-

814 2674 1007 2710 mitatibus
1022 2686 1171 2725 pressus
1193 2680 1269 2722 est,
1292 2673 1476 2710 crudelis-

813 2729 929 2766 simus
964 2743 1060 2766 mox
1098 2731 1240 2766 exstitit
1278 2737 1474 2780 tyrannus,

813 2787 880 2837 qui
899 2788 1008 2836 regni
1022 2787 1189 2837 speciem
1208 2787 1249 2821 iu
1273 2786 1474 2822 terribilem

812 2844 999 2880 convertit
1018 2841 1228 2894 tyrannidis
1248 2842 1426 2878 formam.
