1897 3340
537 175 986 217 POLYMNI'A
1043 177 1145 213 VII.

1383 183 1463 222 681

206 285 404 345 κεόμενοι
435 288 478 340 ἐς
508 285 746 344 ὁμολογίην
772 282 1136 341 προσεχώρησαν,
1164 282 1271 334 τούς
1298 285 1375 340 μὲν
1396 288 1522 331 αὕ-75

205 360 293 400 τῶν
308 355 465 412 παχέας
482 355 765 412 ἀειραμένους
786 369 830 397 τε
850 352 1040 408 πόλεμον
1063 350 1196 408 αὐτῷ,
1226 352 1300 395 καὶ
1328 366 1468 407 προσ-

207 425 440 475 δοκέοντας
469 424 733 468 ἀπολέεσθαι
764 423 835 465 διὰ
864 425 1022 473 τοῦτο,
1054 419 1174 476 ἄγων
1204 419 1246 471 ἐς
1275 419 1354 471 τοές
1383 425 1470 464 Συ-

206 490 439 548 ρηκούσας,
468 490 676 546 πολιήτας
696 491 891 546 ἐποίησε·
921 489 1001 533 τὸν
1026 489 1072 532 δὲ
1107 490 1249 544 δῆμον
1265 490 1352 531 τῶν
1381 491 1471 531 Με-

205 558 398 615 γαρέων,
429 558 511 603 οὐκ
538 557 667 602 ἐόντα
695 561 915 614 μεταίτιον
957 561 1037 601 τοῦ
1064 556 1260 611 πολέμου
1293 554 1471 606 τούτου,

207 625 324 671 οὐδὲ
353 625 705 682 προσδεκόμενον
741 625 880 670 κακόν
920 624 1051 670 οὐδὲν
1079 627 1328 676 πείσεσθαι,
1370 622 1469 680 ἆγα-
1483 632 1527 665 80

205 694 298 750 γῶν
336 696 410 737 καὶ
448 694 632 746 τούτους
661 694 704 745 ἐς
734 694 810 745 τὰς
838 692 1145 750 Συρηκούσας,
1189 691 1376 737 ἀπέδοτο
1408 692 1469 737 ἐπ’

178 763 403 820 4έξαγωγῇ
432 763 480 806 ἐκ
508 764 724 819 Σικελίης.
753 759 893 806 τώυτό
927 762 972 805 δὲ
1001 765 1133 805 τοῦτο
1163 762 1237 805 καὶ
1267 759 1471 817 Εὐβοέας

206 830 310 881 τούς
338 830 386 874 ἐν
414 833 592 889 Σικελίῃ
622 831 809 886 ἐποίησε,
839 830 1079 884 διακρίνας.
1138 828 1275 873 ἐποίεε
1297 830 1341 874 δὲ
1370 834 1470 873 ταῦ-

205 914 260 942 τα
279 898 464 950 τούτους
495 897 783 954 ἀμφοτέρους,
812 899 995 954 νομίσας
1016 900 1155 954 δῆμον
1185 895 1297 940 εἶναι
1326 901 1472 940 συνοί-

205 981 324 1022 κημα
351 966 685 1022 ἀχαριτώτατον.

206 1034 398 1090 ἐγεγόνεε
427 1034 559 1092 μέγας
588 1035 613 1079 ὁ
643 1036 805 1079 Γέλων.

148 1208 275 1261 cydid.
297 1209 362 1257 VI,
383 1213 451 1252 62.
471 1211 557 1250 coll.
580 1208 646 1253 94.
674 1212 809 1262 Poppo

147 1267 178 1314 1,
197 1270 220 1307 2
236 1280 323 1317 pag.
345 1266 426 1308 524
438 1281 532 1319 seq.,
545 1281 661 1320 quem
680 1270 810 1320 sequi—

148 1329 212 1360 tur
233 1324 272 1360 C.
294 1326 355 1360 Fr.
377 1325 588 1362 Hermann.
608 1326 634 1362 l.
651 1326 676 1365 l.
691 1326 727 1371 ξ.
741 1323 807 1373 84,

151 1382 190 1420 3.
211 1381 400 1417 Mannert.
421 1383 490 1429 IX,
513 1384 539 1421 2
560 1396 595 1433 p.
610 1381 699 1422 -304
728 1395 808 1433 seq.

149 1437 295 1474 Urbem
332 1450 354 1474 a
385 1439 552 1486 Gelone,
587 1439 652 1491 qui
683 1440 808 1475 statim

148 1501 353 1546 postquam
397 1495 592 1545 Syracusis
649 1496 811 1532 obtinuit

148 1551 376 1602 imperium,
413 1552 697 1601 Megarensibus
726 1553 812 1588 bel-

149 1607 233 1644 lum
258 1609 426 1645 intulisse
453 1608 624 1655 videtur,
661 1616 812 1660 captam

149 1665 259 1715 ponit
286 1665 328 1702 C.
351 1666 393 1702 Ο.
414 1666 561 1703 Miiller.
593 1665 710 1715 (Dor.
735 1667 753 1701 I
770 1680 810 1717 p.

151 1720 246 1772 122)
268 1723 367 1758 circa
388 1722 542 1774 Olymp.
563 1721 629 1770 74,
654 1726 693 1769 2,
708 1724 811 1774 Gry—

150 1790 222 1816 sar.
240 1780 298 1814 De
313 1780 502 1817 Dorienss.
519 1779 704 1816 Comoed.
720 1792 808 1830 pag.

154 1833 247 1882 147,
262 1835 414 1886 Olymp.
427 1834 494 1883 74,
508 1843 544 1875 1.
556 1857 612 1862 --
631 1837 674 1871 In
687 1849 811 1888 seqq„

152 1891 219 1927 ubi
259 1890 347 1928 dedi
378 1886 512 1930 αὐτῶν
543 1904 612 1942 pro
643 1888 808 1940 αὐτέων,

152 1946 202 1984 ad
221 1945 316 1995 τούς
347 1946 495 1998 παχέας
524 1949 624 1986 conf.
646 1955 739 1985 nott.
762 1949 811 1986 ad

151 2004 198 2052 V,
239 2008 306 2045 30.
374 2005 517 2051 Quibus
566 2006 810 2056 optimatibus

154 2063 359 2112 opponitur
393 2060 416 2101 ὁ
436 2062 562 2112 δῆμος
584 2076 613 2099 s.
627 2062 738 2111 plebs,
769 2069 813 2099 ut

152 2116 236 2166 Vll,
261 2118 354 2159 155.
396 2118 459 2156 Ad
485 2119 600 2156 verba
629 2114 812 2170 ἀειραμέ-

153 2189 250 2220 νους
277 2171 453 2228 πόλεμον
491 2176 593 2212 conf.
627 2183 724 2213 nott.
764 2175 812 2213 ad

154 2231 235 2277 VII,
260 2232 353 2270 132,

212 2282 373 2339 οἷγαγών
399 2285 466 2326 καὶ
490 2284 685 2338 τούτους]
716 2286 812 2329 τού-

154 2358 248 2390 τους
279 2341 328 2379 ad
348 2343 478 2393 δῆμον
498 2346 682 2393 pertinet,
709 2353 810 2383 stru-

156 2407 261 2436 ctura
281 2397 383 2436 haud
413 2400 573 2436 insolita.
602 2401 664 2437 Ad
694 2404 809 2440 verba

156 2452 324 2496 οἷπέδοτο
380 2453 429 2509 (i.
481 2469 515 2492 e.
555 2457 729 2506 vendidit)
753 2455 810 2497 ἐπ’

156 2512 334 2567 ἐξαγωγῇ
362 2513 462 2552 conf.
503 2519 598 2550 nott.
621 2512 670 2549 ad
690 2514 734 2561 V,
753 2514 810 2554 6.’·

214 2565 399 2621 Εὐβοέας
430 2565 523 2615 τούς
553 2568 596 2607 ἔν
629 2570 808 2623 Σικελίῃ]

156 2628 260 2664 Haec
291 2628 418 2664 civitas
440 2640 461 2662 a
492 2627 686 2662 Leontinis
716 2639 812 2662 cou-

158 2682 360 2720 ditarintm
395 2683 701 2734 promontorium
734 2684 811 2718 Pa-

157 2738 327 2792 chynum
349 2753 392 2776 ac
411 2741 651 2791 Lilybaeum,
680 2740 719 2774 in
729 2740 814 2775 bel-

156 2796 202 2834 lis
236 2795 606 2847 Carthagiifiensium
637 2808 680 2832 ac
701 2795 812 2833 Sicu-

749 964 943 1025 Τοιούτῳ
971 965 1051 1023 μὲν
1078 963 1226 1022 τρόπῳ
1256 964 1470 1021 τύραννος
1483 970 1526 1005 85

866 1211 993 1248 lorum
1029 1210 1213 1248 interiisse
1241 1208 1413 1258 videtur,
1435 1222 1525 1246 cum

866 1269 972 1305 nulla
993 1269 1070 1304 eius
1102 1267 1304 1318 postmodo
1327 1266 1391 1303 fiat
1411 1280 1526 1303 men-

865 1326 932 1362 tio.
989 1325 1075 1363 Vid.
1099 1325 1224 1361 strab.
1246 1324 1298 1362 VI
1324 1337 1412 1374 pag.
1443 1326 1526 1364 272

865 1395 895 1419 s.
915 1396 954 1433 p.
974 1381 1056 1422 418
1077 1382 1120 1418 C.
1142 1388 1178 1418 et
1198 1380 1280 1422 419
1301 1382 1348 1417 A.
1376 1381 1526 1431 διακρί-

865 1453 939 1485 νας
972 1445 1047 1475 est:
1089 1439 1248 1475 discretis
1289 1437 1526 1488 optimatibus,

868 1497 934 1547 qui
961 1496 1040 1532 scil.
1071 1496 1111 1531 in
1150 1496 1343 1531 civitatem
1372 1493 1526 1538 iisdem,

867 1553 1004 1604 quibus
1022 1559 1110 1588 ante
1130 1552 1365 1599 fruebantur,
1382 1552 1526 1587 iuribus

868 1622 912 1646 ac
941 1609 1146 1660 privilegiis
1173 1609 1464 1659 recipiebantur,
1505 1620 1527 1643 a

864 1666 982 1718 plebe,
1014 1679 1131 1718 quam
1163 1665 1280 1703 vendi
1310 1666 1373 1702 ille
1402 1666 1522 1701 iussit.

924 1723 1147 1774 συνοίκημα
1167 1717 1477 1774 ἄχαριτώτατον]
1499 1722 1525 1758 i.

867 1793 900 1818 e.
923 1781 1126 1817 existimans
1143 1793 1214 1816 una
1238 1791 1314 1815 cum
1334 1779 1433 1828 plebe
1457 1778 1527 1814 Ita—

867 1837 980 1873 bz'tare
1004 1849 1074 1873 rem
1095 1849 1164 1872 esse
1188 1837 1336 1872 omnium
1375 1837 1526 1872 maxime

865 1895 1047 1941 ingratam
1075 1896 1107 1929 et
1131 1892 1383 1937 ιἠιίιειιηᾰαηι,
1423 1891 1526 1928 mole-

866 1951 1054 1986 stissimam
1086 1951 1203 1997 igitur
1240 1962 1282 1985 ac
1308 1949 1526 1985 taediosissi—

865 2018 966 2042 mam.
1024 2006 1185 2042 Plebem
1215 2012 1344 2042 autem
1374 2007 1426 2041 ita
1455 2017 1526 2042 vo-

869 2068 941 2110 cat,
973 2063 1061 2113 quia
1081 2063 1250 2113 tyrannis
1269 2063 1375 2112 plebs
1396 2063 1526 2098 insua-

866 2120 922 2156 vis
963 2126 1018 2155 est
1055 2120 1291 2170 minimeque
1339 2117 1526 2162 iucunda,

869 2176 1012 2228 quippe
1033 2176 1108 2227 quii
1141 2172 1261 2215 οὐδὲν
1287 2170 1527 2222 ἀξυνετώτε-

868 2248 940 2284 ρον
969 2229 1062 2271 ούδὲ
1092 2227 1371 2284 ’ὑβριστότερον
1401 2246 1421 2268 e
1441 2233 1527 2268 Me-

865 2290 1001 2339 gabazi
1028 2290 1214 2326 sententia
1250 2290 1316 2336 III,
1347 2291 1414 2330 81.
1470 2290 1526 2325 Ita

865 2348 1023 2397 exponit
1042 2346 1333 2396 Wesselingius.
1391 2347 1527 2397 Neque

866 2404 969 2439 enim
1008 2401 1084 2440 huc
1123 2403 1312 2454 pertinere
1358 2401 1524 2449 credam,

866 2458 970 2510 quod
998 2460 1044 2507 V,
1076 2461 1120 2499 91
1159 2460 1337 2510 Spartani
1355 2460 1526 2496 Atticum

865 2516 1052 2565 populum
1082 2516 1130 2551 ob
1161 2517 1323 2567 gratiam
1356 2517 1426 2552 sibi
1445 2527 1524 2550 nou

867 2572 1025 2607 relatam
1052 2580 1191 2609 vocant
1228 2573 1357 2622 δῆμον
1387 2567 1525 2620 οἷχοὶρι-

869 2638 975 2666 στον.
1033 2627 1111 2665 Sed
1145 2641 1349 2679 agnoscere
1380 2628 1419 2662 in
1439 2627 1526 2662 tali-

868 2683 938 2720 bus
995 2683 1090 2720 mihi
1142 2685 1277 2724 videor
1336 2683 1524 2732 scriptoris

869 2741 1042 2776 animum
1062 2753 1084 2778 a
1103 2743 1209 2778 nulla
1229 2753 1268 2776 re
1287 2739 1407 2788 magis
1431 2739 1524 2774 alie-

870 2809 977 2845 num,
999 2810 1117 2849 quam
1136 2811 1158 2835 a
1178 2794 1377 2848 tyrannide
1398 2807 1440 2832 ac
1460 2801 1524 2846 ty—
