1897 3340
617 226 650 261 E
679 225 713 261 R
739 222 775 259 A
805 221 844 260 T
873 221 919 259 Ο.
976 221 1049 258 Vl.
1384 226 1470 266 385

206 333 343 391 νόμος
379 332 476 378 τότε
516 331 598 389 εἶχε
635 330 750 375 οὕτω
790 334 904 374 τοῖσι
940 327 1234 385 Ἀθηναίοισι,
1285 329 1365 373 τὸν
1391 344 1471 374 πο·

178 403 431 458 Ξλέμαρχον
460 401 569 456 ἔχειν
598 400 727 452 κέρας
755 396 804 441 τὰ
836 396 988 450 δεξιόν.
1029 395 1272 453 ἡγεομένου
1303 398 1349 440 δὲ
1378 396 1528 441 τού-45

206 487 310 521 του,
342 469 584 520 ἐξεδέκοντο
616 465 673 516 ὡς
701 463 970 520 ἀριθμέοντο
1001 465 1048 508 αἱ
1077 465 1239 521 φυλαὶ,
1274 463 1474 521 ἐχόμεναι

205 535 443 592 ἀλληλέων·
475 539 712 578 τελευταῖοι
742 534 788 576 δὲ
816 532 1064 583 ἐτάσσοντο,
1093 531 1265 588 ἔχοντες
1287 531 1336 576 τό
1368 530 1474 576 εὐώ-

174 611 350 659 3νυμον
377 602 526 654 κέρας,
559 601 808 652 Πλαταιέες.

183 671 357 728 μάχης,
403 670 564 719 θυσίας
598 666 845 726 Ἀθηναίων
882 666 1137 724 ἀναγόντων
1174 668 1248 712 καὶ
1275 666 1468 723 πανηγύ-
1523 667 1602 711 491

203 754 300 792 Ωιας
341 735 418 797 τὰς
460 735 508 779 ἐν
543 739 644 793 τῇσι
685 738 956 794 πεντετηρίσι
994 735 1246 792 γινομένας,
1275 735 1529 792 κατεύχε-ὅο

864 599 963 645 'Ano‘
993 597 1152 656 zofqug
1180 598 1264 655 γάρ
1295 610 1374 655 σφι
1398 603 1474 656 τῆς

199 821 272 848 ται
311 803 335 848 ὁ
365 803 504 860 κήρυξ
545 802 568 847 ὁ
598 803 827 860 Ἀθηναῖος
870 803 988 859 ,,ἅμα
1016 820 1060 847 τε
1088 802 1375 859 Ἀθηναίοισι,
1407 804 1471 848 λέ-

172 874 568 928 4,,γων,γι’νεσθαι
596 872 650 916 τοὶ
682 871 828 928 ἀγαθοὶ
868 873 941 916 καὶ
982 875 1261 915 Πλαταιεῦσι.
1275 876 1299 895 “
1363 871 1474 916 Τότε

201 941 273 992 δὲ,
305 939 585 996 τασσομένων
626 945 716 984 τῶν
754 940 998 997 Ἀθηναίων
1026 939 1074 982 ἐν
1109 943 1170 997 τῷ
1200 943 1469 994 Μαραθῶνι,

173 1009 370 1064 δέγίνετο
400 1007 568 1052 τοιόνδε
597 1025 649 1051 τι.
693 1008 742 1053 τὸ
775 1007 1071 1064 στρατόπεδον
1101 1005 1378 1063 ἐξισούμενον
1406 1011 1468 1065 τῷ

198 1079 391 1134 Μηδικῷ
425 1076 726 1134 στρατοπέδῳ,
767 1076 815 1120 τὸ
854 1076 933 1132 μὲν
967 1073 1105 1119 αὐτοῦ
1135 1075 1269 1130 μέσον
1299 1076 1461 1131 ἐγίνετο
1478 1079 1524 1118 55

200 1145 270 1190 ἐπὶ
310 1144 456 1197 τάξιας
496 1144 664 1201 ὀλίγας,
711 1143 950 1200 καὶταύτῃ
989 1138 1045 1200 ἦν
1075 1142 1389 1186 ἀσθενέστατον
1417 1142 1467 1186 τὰ

201 1212 518 1270 στρατόπεδον·
567 1211 617 1256 τὰ
661 1212 708 1256 δὲ
748 1212 875 1268 κέρας
905 1210 1110 1267 ἑκάτερον
1147 1211 1312 1267 ἒρῤωτο
1350 1210 1466 1268 πλή-

143 1429 203 1459 cte
222 1421 373 1459 monuit
390 1417 575 1457 Matthiae
594 1420 661 1457 Gr.
682 1418 749 1457 Gr.
764 1434 803 1471 p.

142 1481 237 1527 871,
261 1479 326 1531 qui
345 1477 449 1515 idem
467 1490 559 1528 pag.
573 1480 651 1519 187
665 1476 712 1514 de
722 1477 805 1514 for-

141 1548 206 1572 ma
226 1534 373 1587 κέρεος.

197 1589 265 1631 τόν
285 1589 533 1642 πολέμαρχον
556 1588 657 1641 ἔχειν
687 1587 804 1642 κέρας

140 1645 186 1688 τό
209 1643 374 1696 δεξιον]
408 1649 537 1694 Quum
564 1648 745 1683 olIm'rex
764 1648 805 1682 in

141 1703 276 1742 dextro
306 1717 425 1742 cornu
454 1704 658 1755 imperaret
681 1703 803 1752 (conf.

139 1760 312 1813 Euripid.
344 1762 479 1813 Suppl.
515 1761 627 1810 657),
657 1767 804 1797 mutata

138 1820 195 1856 rei
214 1819 388 1869 publicae
416 1819 542 1854 forma
566 1819 634 1853 iste
666 1815 801 1864 honos,

141 1875 246 1927 quod
273 1876 371 1912 bene
395 1874 490 1912 vidit
509 1874 801 1923 VVesselingius,

138 1930 385 1982 polemarcho
415 1931 561 1980 obtigit.
621 1931 686 1967 Tu
707 1943 803 1967 con-—

138 1988 208 2025 fer.
237 1986 432 2025 Plutarch.
463 1988 642 2038 Sympos.
671 1987 710 2034 I,
736 1989 800 2026 10.

140 2045 246 2091 Quae
267 2045 369 2095 apud
381 2043 619 2081 Herodotum
629 2056 802 2095 sequun-

138 2108 224 2139 tur:
256 2100 476 2149 ἐξεδέκοντο
492 2099 546 2147 ὥς
558 2096 799 2152 οἷριθμέοντο

141 2157 186 2197 αἱ
205 2157 355 2208 φυλαὶ,
386 2154 568 2208 ἐχόμεναι
599 2152 798 2206 α’λληλέων

141 2213 360 2265 Schweigh.
388 2216 440 2251 ita
460 2213 603 2251 reddit:
635 2214 706 2261 „ab
736 2213 798 2250 lwc

139 2273 255 2321 igilur
269 2266 444 2323 principio
465 2270 589 2309 deinde
609 2271 798 2308 collocatae

140 2331 241 2365 erant
275 2330 434 2366 continuo
474 2332 590 2365 tenore
631 2327 798 2376 singulae

139 2385 255 2422 tribus
283 2385 546 2422 Atheniensium
570 2396 634 2434 pro
673 2386 796 2421 cuias-

141 2452 207 2491 (με
237 2442 418 2479 numero.“
475 2442 630 2490 Lange,
658 2453 799 2477 verna-

141 2497 248 2534 culus
275 2498 471 2546 interpres,
504 2498 617 2547 paulo
645 2498 798 2534 liberius

141 2554 215 2590 sic:
266 2582 290 2601 ‚,
310 2552 421 2589 Unter
469 2552 586 2589 <Iessea
621 2552 659 2589 F
660 2553 798 2602 ilhrung

135 2608 277 2658 folgten
295 2623 366 2646 mm
385 2609 440 2645 ‹lz'e
461 2609 608 2656 iibrigen
638 2608 795 2646 Stiimme

142 2667 181 2701 in
202 2666 294 2702 ihrer
314 2665 498 2714 Ordnung,
519 2667 610 2701 einer
621 2665 796 2702 naclndem

139 2719 306 2758 andern.“

200 2771 280 2815 οἷπό
319 2773 464 2826 ταύτης
501 2771 576 2828 γοῖρ
615 2787 688 2824 σφι
723 2778 796 2827 τῆς

143 2826 297 2883 μάχης]
329 2834 355 2869 i.
376 2846 409 2869 e.
422 2832 505 2869 iude
523 2833 567 2869 ab
588 2832 654 2870 hac
667 2844 797 2883 pugna

199 2890 420 2926 Hssnonor.
439 2889 507 2926 111.

860 1431 890 1456 s.
902 1421 981 1470 post
998 1430 1161 1469 pugnam
1175 1417 1289 1466 lzcznc3
1317 1430 1409 1454 nam
1420 1423 1523 1455 tem-

859 1478 962 1527 poris
1008 1477 1207 1512 notionem
1256 1473 1320 1511 hic
1365 1476 1522 1513 assumit

860 1533 1101 1583 praepositio.
1158 1533 1204 1568 In
1232 1532 1417 1582 particula
1444 1529 1522 1584 γεέρ

859 1591 939 1627 vim
960 1587 1155 1641 quandam
1174 1590 1296 1625 inesse
1326 1589 1426 1625 bene
1458 1590 1522 1626 vi-

862 1645 919 1683 dit
938 1646 1083 1682 Iacobs.
1126 1646 1250 1690 Quam
1270 1645 1321 1681 sic
1342 1645 1420 1681 sere
1432 1644 1523 1682 red-

861 1702 926 1740 das
948 1703 1062 1739 licet:
1109 1700 1273 1752 Namque
1309 1715 1363 1738 eos
1401 1714 1523 1740 revera

859 1761 899 1796 iu
920 1758 991 1796 hac
1006 1771 1137 1810 pugna
1147 1771 1333 1809 magnam
1344 1757 1521 1796 habuisse

857 1824 1028 1867 partem,
1049 1815 1138 1852 iude
1157 1817 1391 1865 intelligitur,
1415 1814 1520 1867 quod

859 1874 905 1909 ab
936 1886 980 1910 eo
1011 1871 1102 1909 inde
1131 1879 1305 1922 tempore
1344 1879 1414 1908 etc.
1447 1878 1521 1908 etc.

855 1928 920 1966 Ad
947 1929 1109 1967 verbum
1140 1924 1305 1980 οἷνοὲγειν
1342 1928 1444 1966 conf.
1473 1928 1519 1977 V,

859 1988 939 2026 119
968 1986 1098 2037 ibique
1126 1992 1224 2022 nott.
1244 2006 1301 2012 —
1338 1986 1382 2021 In
1409 1998 1515 2037 seqq.

857 2049 945 2079 ante
984 2038 1120 2094 οἷγαθοὲ
1156 2042 1298 2078 inserui
1335 2055 1425 2078 cum
1455 2055 1519 2078 re·-

856 2106 972 2138 centt.
1025 2112 1047 2135 e
1085 2099 1307 2135 Florentino
1357 2105 1395 2136 et
1435 2099 1517 2135 aliis

855 2155 969 2194 codd.
990 2150 1052 2194 τά.

910 2209 956 2252 τό
995 2205 1262 2264 στρατόπεδον
1286 2232 1344 2238 —
1362 2207 1407 2250 τὸ
1441 2207 1516 2262 μὲν

855 2264 1017 2309 αὐτοῦ
1047 2284 1085 2307 κε
1111 2283 1143 2307 τ.
1167 2268 1219 2316 λ.]
1252 2269 1310 2303 De
1329 2269 1404 2304 loci
1419 2274 1517 2304 stru-

853 2325 959 2363 cturst
979 2326 1198 2363 consulatur
1211 2323 1346 2361 Matth.
1369 2326 1434 2361 Gr.
1448 2326 1516 2362 Gr.

850 2396 940 2434 pag.
963 2385 1058 2424 627.
1114 2384 1214 2419 Nam
1235 2380 1329 2418 haec
1350 2382 1445 2429 loci,
1483 2383 1515 2418 si

856 2439 949 2492 quid
985 2439 1119 2486 video,
1151 2440 1360 2475 sententia:
1413 2440 1513 2475 Cum

855 2498 952 2533 acies
972 2497 1024 2532 ita
1043 2497 1224 2532 instructa
1238 2502 1345 2542 esset,
1365 2502 1407 2531 ut
1416 2497 1514 2531 Per-

853 2555 952 2590 sicae
983 2553 1096 2603 plaue
1137 2559 1299 2604 aequata
1339 2559 1433 2588 esset
1460 2547 1511 2604 (S.

853 2623 921 2660 par
931 2608 1199 2659 longitudine),
1214 2607 1360 2655 accidit,
1374 2615 1415 2644 ut
1425 2621 1488 2643 me
1501 2631 1512 2636 -

852 2665 914 2701 dia
934 2667 1031 2702 acies
1056 2667 1182 2702 minus
1203 2664 1360 2701 haberet
1381 2665 1511 2700 altitu-

852 2720 948 2759 dinis
970 2723 1103 2771 (igitur
1121 2723 1316 2772 pauciores
1336 2721 1510 2757 contine-

851 2785 909 2814 ret
931 2778 1112 2828 milites),
1143 2790 1285 2814 cornua
1306 2789 1396 2813 vero
1422 2788 1509 2811 ma-

851 2835 923 2872 iori
941 2835 1106 2871 militum
1124 2846 1286 2870 numero
1303 2838 1426 2869 essent
1444 2831 1510 2866 fir-

1180 2888 1234 2930 25

1884 1025 1897 1066 ,ι
1884 718 1897 976 amun·-

1886 1745 1887 1748 „
1881 1602 1897 1698 ⁴44„
