1897 3340
35 831 135 877 204

506 197 976 237 POLYMNIA.
1035 197 1139 236 VII.

1373 205 1455 246 753

196 306 539 364 ,,φρουρεομένη,
570 308 643 352 καὶ
661 306 938 363 Αἰγινητέων,
970 304 1151 348 καὶτῶν
1179 304 1221 356 ές
1249 305 1327 350 τόν
1355 328 1454 355 ναυ-

169 375 352 427 3,,τικο“ν
383 375 568 431 στρατὸν
597 374 854 430 ταχθέντων.
912 373 986 416 καί
1009 382 1090 428 σφι
1120 374 1184 428 εἴη
1216 374 1360 417 δεινόν
1391 377 1461 420 οὐ-

198 441 322 495 ,,δέν·
354 441 408 486 οὐ
444 443 526 498 γὰρ
555 440 663 484 θεὸν
692 438 802 484 εἶναι
836 439 913 483 τὸν
942 439 1120 484 ἐπιόντα
1163 440 1231 484 ἐπὶ
1267 441 1349 497 τὴν
1372 441 1462 487 Ἑλ-

197 510 362 563 ζ,λάδα,
404 508 492 553 ἀλλ’
535 509 792 563 ἄνθρωπον·
835 506 948 551 εἶναι
995 507 1042 551 δὲ
1082 507 1251 564 θνητὸν
1282 508 1489 559 οὐδένα,5

199 576 338 630 ,,οὕδὲ
353 577 539 628 ἔσεσθαι,
573 579 633 632 τῷ
654 575 792 619 κακὸν
813 575 855 627 ἐξ
884 573 1016 631 ἀρχῆς
1043 576 1257 633 γινομένῳ
1278 575 1331 621 οὐ
1362 588 1461 621 συν-

169 646 403 701 4,,εμίχθη’
427 649 544 688 τοῖσι
573 643 619 686 δὲ
649 644 887 699 μεγίστοισι
918 642 1078 696 αὐτῶν,
1110 643 1300 700 μέγιστα.
1344 643 1461 700 ὀφεί

200 716 318 765 ,,λειν
357 714 420 755 ὠν
461 711 535 754 καὶ
575 727 654 754 τον
693 711 1007 764 ἐπελαύνοντα,
1039 710 1097 761 ὥς
1127 710 1253 755 ἐόντα
1278 712 1460 768 θνητὸν,

201 778 316 833 „davd
346 782 422 835 τῆς
451 778 578 835 δόξης
606 777 773 822 πεσέειν
803 794 867 822 αν
873 782 897 803 “
958 779 1013 821 Οἱ
1041 778 1098 831 δὲ,
1131 783 1268 823 ταῦτα
1287 785 1464 823 πυνθα-

200 847 391 904 νόμενοι,
420 846 633 904 ἐβοήθεον
662 846 704 899 ἐς
731 846 810 903 τὴν
842 849 1048 903 Τρηχῖνα.

143 1044 212 1081 sibi
234 1056 338 1081 curae
375 1056 457 1081 esse.
514 1043 624 1081 Conf.
663 1044 799 1081 similia

144 1113 242 1152 quae
270 1107 418 1137 exstant
443 1101 530 1148 VII,
561 1103 658 1142 207.
698 1100 798 1149 VIII,

142 1159 211 1197 25-
233 1155 279 1203 V,
299 1159 367 1197 77·
387 1158 416 1205 Ῑ,
441 1159 536 1198 160.
593 1156 656 1194 Ad
686 1158 801 1195 verba

141 1215 221 1251 τῶν
251 1211 290 1259 ἐς
316 1209 384 1252 τὸν
419 1209 603 1252 ναυτικὸν
634 1211 801 1264 στρατὸν

141 1267 369 1319 ταχθέντων
397 1270 497 1307 conf.
530 1276 626 1307 nott.
648 1269 697 1307 ad
716 1272 797 1319 VII,

143 1327 193 1365 21
239 1332 277 1362 et
314 1325 362 1362 ad
392 1339 504 1363 voces
538 1323 610 1365 τόν
636 1324 800 1366 ἐπιόντα

143 1380 209 1421 ἐπὶ
230 1378 304 1434 τήν
318 1378 493 1422 “Ελλα’δα
512 1383 624 1420 allata
649 1382 698 1420 ad
717 1384 798 1434 VII,

202 1501 251 1546 ου’
268 1503 344 1559 γάρ
367 1502 468 1545 θεον
489 1502 593 1546 εἶναι
621 1504 688 1547 τὸν
715 1506 802 1548 ἔπι-

144 1558 242 1603 όντα
257 1578 294 1602 κ.
311 1577 345 1602 τ.
367 1564 400 1600 λ.
402 1563 420 1611 ]
437 1564 572 1600 Merito
591 1561 692 1601 hanc
711 1566 802 1602 scri-

142 1620 258 1670 ptoris
278 1620 516 1668 sententiam,
540 1620 646 1658 cuius
662 1622 802 1660 similes

144 1677 261 1713 etiam
280 1690 348 1727 per
367 1675 436 1713 hos
462 1677 659 1714 Musarum
690 1691 803 1729 repe-

143 1734 293 1770 riuntur
311 1734 426 1770 libros
437 1746 598 1784 sparsae,
612 1735 802 1779 collaudat

143 1789 400 1830 Hoffmeister.
422 1803 461 1840 p.
484 1792 562 1831 102
584 1791 669 1827 coll.
683 1805 721 1842 p.
735 1794 803 1831 27.

143 1846 269 1882 Verba
308 1842 408 1891 εἶναι
445 1843 488 1884 δὲ
523 1849 690 1896 θνητῶν
730 1843 804 1887 ου’-

147 1900 241 1941 δένα
260 1917 294 1941 κ.
317 1917 350 1940 τ.
370 1905 404 1941 λ.
435 1901 551 1954 (quae
572 1902 682 1940 affert
711 1903 804 1941 Sto-

143 1959 261 1995 baeus
287 1959 457 2006 XCVIII,
484 1957 537 1998 74
566 1958 631 1996 fin.
661 1973 700 2010 p.
723 1959 804 2000 536

142 2028 173 2052 s.
193 2027 283 2066 pag.
303 2017 384 2055 299
405 2016 521 2052 T.111
537 2015 677 2066 Gaisfi)
711 2016 805 2053 Val-

144 2069 258 2108 cken.
298 2084 452 2123 quoque
472 2073 684 2109 contulerat
714 2081 805 2109 cum

143 2127 334 2194 Euripidis
353 2128 490 2179 fragm.
502 2141 551 2164 ex
561 2129 705 2165 Aeolo:
728 2124 805 2168 ου’κ.

150 2179 202 2223 ἂν
236 2183 388 2251 γένοιτο
421 2199 541 2237 χωρις
583 2181 708 2224 goffia*
736 2184 805 2224 καὶ

149 2237 272 2284 κακοὶ,
294 2236 376 2278 αλλ’
400 2239 475 2279 ε’στι
498 2255 556 2287 τις
575 2237 804 2294 σύγκρασις,

153 2291 243 2335 ὥστ’
266 2294 368 2346 ἔχειν
390 2298 521 2343 καλως
546 2303 582 2334 et
603 2297 803 2349 Chrysipp.

152 2351 254 2404 apud
296 2351 394 2388 Gell.
437 2353 485 2389 N.
532 2353 610 2392 Att.
656 2354 723 2401 VI
766 2357 805 2394 1.

150 2409 353 2446 Declarant
370 2408 434 2443 illa
454 2407 639 2445 Herodoti
652 2416 807 2446 senten-

151 2467 245 2502 tiam
266 2464 313 2502 de
333 2465 443 2501 rebus
462 2462 639 2501 humanis
669 2478 808 2515 perpe.-

152 2529 217 2560 tua
236 2522 316 2558 fere
335 2520 589 2559 vicissitudine
602 2522 654 2557 ita
673 2521 810 2557 fluctu-

154 2579 316 2626 antibus,
337 2585 379 2614 ut
389 2578 490 2613 mala
501 2578 621 2625 bonis,
642 2576 810 2614 secunda

153 2634 318 2673 adversis
327 2641 586 2684 temperentur
594 2646 710 2685 seque
719 2646 811 2669 mu-

153 2698 221 2729 tuo
235 2693 439 2742 excipiant,
460 2703 536 2743 quo
555 2691 670 2727 iustus
683 2690 811 2726 omni-

155 2761 224 2784 um
243 2754 412 2785 servetur
429 2746 566 2784 modus
582 2753 694 2798 atque
703 2744 809 2794 ordo,

156 2817 274 2857 quem
307 2805 454 2841 nemini
483 2802 694 2854 transgredi
721 2803 811 2840 licet

210 2863 435 2899 HERono'r.
462 2862 531 2898 III.

1111 846 1317 891 Τούτοισι
1345 842 1459 904 ἦσαν
1471 842 1529 900 10¹

855 1042 1015 1093 homini,
1031 1044 1101 1081 nisi
1121 1043 1287 1081 numinis
1307 1042 1517 1082 vindictam

854 1102 895 1138 in
917 1115 957 1139 se
981 1114 1188 1153 provocare
1208 1102 1311 1139 velit.

915 1157 954 1206 ἐξ
992 1154 1116 1209 ἄρχῆς
1153 1157 1378 1211 γινομένῳ]
1425 1160 1450 1194 i.
1482 1171 1517 1196 e.

857 1217 976 1252 statim
998 1216 1043 1252 ab
1070 1216 1196 1264 initio,
1228 1216 1272 1252 ab
1302 1227 1339 1251 eo
1361 1228 1425 1264 quo
1446 1227 1517 1252 ηα-

856 1275 914 1309 tus
932 1275 983 1309 est
1007 1276 1167 1322 tempore.
1200 1271 1263 1308 Ad
1275 1272 1391 1309 verba
1409 1284 1518 1323 seqq.

855 1330 959 1367 τοῖσι
977 1325 1019 1367 δὲ
1043 1327 1257 1379 μεγίστοισι
1280 1323 1414 1367 αὐτῶν
1437 1328 1518 1377 (sic

859 1384 946 1421 dedi
975 1397 1044 1436 pro
1083 1380 1246 1435 αὐτῶν)
1278 1383 1438 1436 μέγιστα
1467 1384 1516 1422 cf.

856 1440 993 1480 Matth.
1014 1443 1081 1479 Gr.
1103 1442 1169 1479 Gr.
1191 1442 1229 1487 ξ.
1250 1440 1331 1482 462
1351 1455 1388 1492 p.
1419 1443 1517 1483 861-

1062 1564 1154 1616 C'ap.
1181 1564 1308 1603 CCIV

921 1671 1103 1715 Τούτοισι
1127 1670 1234 1726 ἦσαν
1250 1674 1320 1728 μέν
1337 1690 1412 1715 νυν
1435 1690 1470 1715 κ.
1483 1692 1517 1715 τ,

860 1733 913 1782 λ.]
943 1726 1048 1784 ἦσαν
1069 1731 1157 1769 dedi
1184 1746 1253 1784 pro
1283 1732 1389 1772 {Qaav
1456 1732 1520 1769 Ad

860 1788 932 1841 μέν
960 1803 1046 1838 νυν,
1081 1788 1185 1841 quod
1212 1787 1274 1825 hic
1304 1789 1404 1826 valet
1431 1792 1517 1837 tum,

859 1845 935 1883 vid.
948 1844 1085 1882 Matth.
1106 1847 1170 1884 Gr.
1192 1847 1258 1882 Gr.
1281 1846 1317 1890 ξ.
1335 1847 1417 1886 289
1436 1852 1519 1883 not.

863 1904 913 1942 10
933 1915 1018 1953 pag.
1041 1900 1136 1942 582.
1193 1903 1251 1938 De
1271 1901 1521 1951 Eurycratz'cld

859 1957 938 1996 vid.
968 1955 1162 1994 Plutarch.
1191 1956 1389 2009 Apophth.
1406 1959 1519 1995 Laoc.

859 2028 898 2065 p.
924 2017 1002 2055 221
1021 2015 1068 2053 A.
1090 2015 1220 2067 ibique
1240 2013 1518 2066 Wyttenbach.

860 2072 1014 2121 p.1171
1037 2084 1141 2122 seqq.
1165 2084 1186 2107 a
1208 2070 1276 2108 Cr.
1299 2071 1519 2111 excitatum.

860 2128 904 2163 In
936 2140 1041 2179 seqq.
1073 2128 1159 2164 libri
1189 2125 1398 2164 Herodotei
1416 2134 1520 2164 recte

862 2182 953 2220 daut
973 2180 1185 2236 Δορύσσου
1206 2197 1277 2221 nec
1307 2184 1415 2220 aliter
1443 2182 1520 2221 hoc

860 2252 1004 2277 nomen
1051 2240 1244 2277 invenitur
1287 2239 1389 2291 apud
1429 2241 1522 2278 alios

861 2297 1080 2347 scriptores,
1111 2309 1276 2348 quorum
1305 2297 1522 2334 testimonia

862 2352 972 2390 affert
996 2354 1134 2391 Meurs.
1164 2355 1286 2403 Regu.
1306 2354 1451 2391 Lacon.
1481 2356 1520 2402 9,

863 2416 977 2461 atque
996 2410 1037 2445 in
1049 2410 1292 2460 inscriptione
1302 2411 1522 2447 Fourmon-

862 2466 976 2513 tiana,
1005 2478 1122 2516 quam
1157 2466 1206 2503 ad
1244 2465 1284 2503 h.
1319 2467 1345 2502 l.
1378 2466 1522 2517 profert

864 2522 1098 2571 Wesseling.
1148 2521 1251 2560 Add.
1283 2522 1443 2560 Siebelis
1472 2520 1521 2557 ad

864 2578 1028 2614 Pausan.
1057 2580 1121 2626 111,
1150 2581 1178 2619 2
1212 2580 1249 2625 ξ.
1282 2581 1364 2627 3p.
1388 2580 1425 2624 6,
1454 2577 1521 2627 qui

863 2632 969 2670 idem
989 2632 1037 2670 ad
1058 2635 1094 2679 ξ.
1119 2637 1139 2674 1
1162 2648 1198 2685 p.
1216 2635 1242 2675 5
1272 2633 1394 2683 attigit
1422 2645 1521 2684 quo-

866 2703 966 2741 que
959 2703 1102 2727 nomen
1116 2691 1246 2741 Ἠγιςι
1274 2688 1335 2724 Ad
1339 2663 1519 2725 eformam

864 2744 1078 2798 Ἡρακλέος
1097 2747 1195 2784 conf.
1218 2743 1352 2782 Matth.
1374 2745 1428 2781 Gr
1454 2746 1519 2783 Gr.

866 2804 903 2848 §·
925 2805 978 2844 78
997 2816 1037 2854 p.
1051 2806 1141 2851 176,
1163 2802 1229 2897 (1Ξί
1250 2800 1354 2837 idem
1375 2802 1412 2847 §.
1438 2799 1520 2842 574

1532 842 1630 871 lorum
1649 845 1676 872 ‹1-
1671 853 1755 873 uces:

1517 886 1651 907 summus
1671 878 1738 907 dux
