1897 3340
418 174 1067 212 TERPSIC'HORE.
1128 175 1170 209 V.

1344 180 1426 217 123

165 282 303 327 πάντα
343 284 452 339 πρὸς
487 283 566 337 τὴν
605 280 772 325 ἑωυτοῦ
799 284 961 335 μοῖραν
987 281 1320 349 προσεθήκατο,
1347 283 1421 334 τὰς

107 484 176 522 pro
205 472 310 521 vulg.
355 464 548 520 πρότερον
583 463 766 518 α’πωσμέ-

109 542 197 575 νον,
220 525 305 566 τότε
325 522 487 564 πάντων
506 520 608 575 πρὸς
627 539 701 574 την
729 538 764 561 κ.

106 599 138 621 τ.
160 587 193 622 λ.
198 585 315 634 ,ipse
334 595 550 633 proponens
581 580 767 617 emenda-

105 642 249 677 tionem
292 652 312 675 3
348 637 552 676 Schaefero
594 644 630 674 et
665 638 765 673 Bor-

110 695 249 733 heckio
279 697 318 731 in
358 702 508 732 textum
545 701 763 745 receptam:

107 749 354 803 απωσμένων
373 748 546 799 πάντων,
563 746 646 790 τότε
665 747 764 798 πρὸς

105 807 232 859 τήνκ.
252 823 283 847 τ.
306 811 339 846 λ.
355 809 522 858 populum
549 808 742 853 intelli‘ren
732 820 763 843 s

106 870 211 902 autea
228 866 365 902 iuribus
385 866 541 902 omnihus
561 864 691 902 liberae
713 866 762 901 ci-

104 925 228 960 vitatis
247 922 440 972 depulsum.
471 923 515 958 In
538 935 655 973 quam
672 934 764 957 sen-

104 981 263 1016 tentiam
283 978 323 1015 h.
344 980 370 1016 l.
392 992 545 1031 quoque
566 991 763 1029 expresse-

103 1044 192 1073 runt
222 1042 258 1072 et
286 1037 382 1072 Miot
411 1043 448 1072 et
475 1037 622 1085 Lange.
688 1036 766 1071 Nos

103 1106 192 1130 cum
202 1091 435 1143 Schweigh„
452 1093 568 1129 Gaisf.
583 1100 619 1129 et
629 1091 766 1128 Matth.

103 1150 365 1187 revocavimus
386 1150 577 1187 Sancrofti
596 1149 682 1186 libri
707 1149 764 1185 le-

104 1208 271 1243 ctionem
288 1237 297 1254 ,
366 1207 551 1258 probante
611 1219 764 1257 qumfue

102 1263 282 1300 Werfero
309 1264 347 1299 in
376 1265 477 1300 Actt.
508 1262 654 1313 philon.
676 1263 763 1298 Μο-

102 1332 211 1356 nacc.
240 1321 257 1355 I
283 1333 370 1369 pag.
399 1322 480 1360 228
511 1333 603 1370 seq„
637 1320 697 1355 cui
724 1321 764 1354 in

104 1377 233 1413 Vallae.
262 1377 570 1426 interpretatione
608 1377 765 1426 acquie-

102 1432 288 1470 scendum
319 1446 396 1469 esse
425 1431 594 1469 videtur:
645 1437 765 1482 „post-

106 1502 210 1539 quam
227 1492 315 1527 enim
335 1489 502 1538 populum
521 1489 762 1527 Atheniensem

102 1550 208 1583 antea
243 1546 439 1582 alienatum
478 1547 519 1594 (a
557 1546 636 1593 se),
677 1549 762 1584 tunc

102 1615 231 1639 omnem
276 1602 326 1639 ad
372 1615 472 1639 suam
517 1604 762 1641 auctoritatem

101 1659 276 1708 redegit.“
307 1660 556 1710 participium
579 1654 759 1709 οἷπωσμέ-

101 1731 174 1755 ’νον
193 1717 225 1753 51
241 1729 261 1752 3
272 1716 388 1753 verbo
402 1711 674 1762 οἷπωθεῖσθαι,
687 1719 712 1753 1.
725 1730 758 1753 e.

100 1775 289 1823 aspernari
314 1772 437 1824 (quod
464 1772 592 1809 addito
623 1774 761 1810 obiecti

100 1831 315 1867 accusativo
335 1832 388 1866 sic
417 1831 603 1880 reperitur
631 1831 660 1877 1,
693 1830 761 1871 95.

104 1887 182 1927 152
209 1887 315 1936 alibi)
345 1893 511 1937 repetas,
550 1888 761 1924 subintelli-

101 1942 272 1993 gendum
292 1956 382 1980 cum
396 1944 576 1980 Werfero
598 1941 760 1992 ἑωυτόν,

100 2006 143 2036 ut
157 2002 186 2048 1,
212 2003 311 2048 1993
341 2002 398 2037 sin
420 2001 468 2040 ab
490 1996 676 2040 ἅπωθεῖν
698 2001 761 2037 ab-

100 2057 254 2094 alienare
283 2058 344 2106 (ut
363 2056 465 2107 apud
490 2059 644 2102 Isocrat.
700 2059 759 2094 De

100 2120 302 2164 permutat.
334 2115 406 2163 29)
444 2113 612 2161 derives,
666 2128 760 2165 sup-

98 2169 284 2221 plendum
314 2170 452 2207 eodem
480 2172 660 2208 Werfero
690 2185 761 2208 au-

100 2234 204 2263 ctore
235 2226 400 2266 ἒωυτοῦ.
478 2230 528 2264 Et
567 2226 642 2265 hoc
669 2241 761 2265 sane

100 2291 324 2334 praestaret,
346 2286 498 2335 opinor,
518 2284 636 2322 modo
666 2286 761 2324 alius

98 2348 337 2378 succurreret
358 2341 542 2379 Herodoti
560 2343 687 2389 locus,
719 2344 759 2378 111

101 2410 177 2448 quo
216 2392 399 2436 οἷπωθεῖν
439 2413 468 2435 5.
501 2394 761 2437 α’πωθεῐσθαι

102 2452 175 2491 hoc
191 2455 425 2491 inveniretur
444 2469 568 2492 sensu.
628 2458 761 2507 Itaque

96 2511 264 2560 populum
302 2512 474 2562 intelligo
509 2519 619 2548 antea
654 2526 762 2549 remo-

104 2569 176 2603 tum
205 2580 234 2604 s.
254 2568 497 2605 abalienatum
526 2582 548 2605 a
569 2568 760 2606 Clisthene

103 2623 398 2671 Alcmaeonida3
433 2638 525 2661 nam
553 2626 760 2663 Alcmaeo-

104 2677 280 2717 nidarum
299 2688 455 2731 gentem
474 2683 624 2732 piaculo
653 2696 760 2733 pres-

103 2748 186 2771 sam
235 2743 273 2772 et
311 2739 554 2787 optimatium
592 2740 759 2790 partibus

104 2805 220 2843 quam
257 2795 424 2830 maxime
459 2794 626 2834 deditam
659 2798 759 2833 invi—

824 479 905 503 sam
945 466 1076 503 habuit
1112 467 1276 518 populus
1314 467 1480 520 indeque

823 525 940 560 etiam
977 525 1105 560 animo
1154 537 1272 575 quam
1310 527 1482 561 maxime

823 580 986 617 alienato
1007 581 1078 616 suit
1097 582 1134 616 in
1150 579 1395 629 Clisthenem,
1409 580 1481 619 hac

822 644 935 686 gente
957 644 993 674 et
1013 639 1136 688 ipsum
1158 645 1403 687 prognatum.
1424 641 1481 675 De

822 707 899 745 quo
927 695 1009 731 viro
1029 696 1082 731 sic
1111 693 1292 731 iudicavit
1311 694 1480 732 VVachs—

818 749 944 787 muth.
965 752 1116 787 Hellen.
1144 750 1423 788 Alterthumsk.
1444 754 1480 796 Ι,

823 810 944 858 1pag-
963 810 1067 848 269:
1099 808 1265 855 „Reiner
1294 809 1391 845 Sinn
1419 809 1481 845 fiir

818 865 1059 900 Democratie
1102 866 1150 901 ist
1188 863 1291 911 ihm,
1351 867 1478 901 einem

819 921 1037 971 Spro'ssling
1067 919 1133 957 des
1152 919 1401 971 koniglichen
1421 924 1479 959 A-

823 976 925 1025 dels,
968 976 1193 1014 schwerlich
1230 979 1480 1029 beizulegen3

821 1032 1008 1071 vielmehr
1045 1035 1208 1085 bezeugt
1241 1036 1314 1072 mit
1346 1035 1482 1072 klaren

821 1092 988 1128 Worten
1000 1091 1229 1135 Herodotus,
1251 1091 1334 1129 dass
1354 1095 1392 1129 in
1414 1092 1482 1130 der

820 1147 1070 1198 Partheiung,
1086 1162 1148 1185 wo
1169 1147 1381 1186 Klisthenes
1401 1149 1482 1187 und

820 1205 990 1256 Isagoras
1018 1207 1071 1242 als
1099 1208 1272 1256 Haupter
1299 1206 1482 1244 einander

822 1262 1185 1312 entgegenstanden,
1198 1263 1307 1311 jener
1320 1271 1404 1311 erst,
1427 1265 1480 1301 als

821 1332 862 1354 er
880 1321 919 1354 in
942 1317 1084 1355 Gefahr
1102 1317 1208 1366 kam,
1233 1332 1280 1354 zu
1296 1321 1480 1356 unterlie-

820 1388 918 1425 gen,
961 1375 1026 1413 das
1057 1374 1213 1412 niedere
1255 1375 1358 1413 Volk
1398 1372 1480 1414 sich

823 1431 1068 1469 befreundete
1097 1431 1177 1469 und
1202 1431 1365 1479 hieraus,
1402 1434 1479 1470 also

821 1501 887 1524 aus
900 1490 1027 1524 einem
1040 1489 1215 1536 Streben,
1238 1488 1310 1525 den
1325 1491 1480 1526 Neben—

820 1544 955 1581 buhler
965 1559 1013 1581 zu
1027 1546 1257 1591 iiberbieten,
1275 1546 1359 1582 sind
1376 1548 1481 1583 seine

817 1601 1121 1652 Einrichtungen
1142 1616 1191 1639 zu
1210 1601 1481 1640 beleuchten.“

818 1657 1001 1696 Niebuhr.
1039 1661 1153 1707 (Hist.
1194 1661 1306 1696 Rom.
1337 1662 1356 1696 I
1388 1674 1477 1711 pag.

819 1716 919 1765 507)
949 1718 1088 1752 iniuste
1109 1717 1228 1767 egisse
1249 1718 1377 1753 statuit
1399 1718 1477 1754 Cli-

816 1771 1014 1820 sthenem,
1045 1787 1134 1810 cum
1163 1775 1321 1810 civitatis
1349 1775 1478 1811 classi-

818 1829 886 1866 bus
906 1831 1079 1876 mutatis,
1112 1831 1213 1881 ipsos
1230 1831 1390 1867 civitatis
1412 1844 1476 1868 or-

819 1885 924 1924 dines
952 1887 1143 1924 sustulerit
1164 1900 1327 1938 eamque
1353 1889 1477 1924 intro-

818 1942 970 1980 duxerit
1009 1944 1339 1995 aequabilitatem,
1379 1958 1478 1996 quae

817 1999 866 2036 ad
888 2001 1050 2036 nimiam
1078 2002 1211 2051 populi
1238 2007 1478 2051 potestatem,

817 2056 1092 2094 democratiam
1148 2058 1265 2108 vulgo
1331 2057 1476 2106 dicunt,

816 2127 948 2151 omnes
969 2127 1027 2151 res
1045 2113 1280 2165 perduxerit.

873 2168 1183 2223 προσεθήκατο]
1216 2173 1241 2209 1.
1264 2185 1298 2209 e.
1320 2173 1371 2211 ad
1392 2188 1477 2212 suas

813 2232 935 2278 partes
971 2231 1108 2276 traxit,
1147 2236 1190 2266 ut
1219 2230 1335 2280 paulo
1365 2239 1474 2282 post:

818 2282 885 2324 τὸν
915 2286 1045 2336 δῆμον
1073 2286 1368 2337 προσθέμενος,
1397 2302 1474 2327 cum

810 2343 944 2392 plebem
963 2355 1062 2379 suam
1071 2341 1229 2392 fecisset,
1260 2344 1328 2380 sibi
1344 2345 1474 2382 adiun-

816 2402 947 2443 missen
975 2400 1041 2436 ubi
1062 2399 1167 2450 quod
1178 2400 1368 2437 Sancrofti
1378 2402 1475 2438 liber

818 2455 948 2493 affelt:
979 2459 1032 2510 τῷ
1054 2452 1170 2510 δήμῳ
1195 2457 1473 2509 προσθέμενος

817 2514 1070 2562 significaret:
1101 2527 1179 2550 cum
1192 2515 1319 2564 populi
1340 2529 1375 2551 se
1384 2529 1475 2565 par-
1533 2549 1536 2555 ,

818 2571 912 2607 tibus
953 2570 1172 2608 addidzszset
1213 2570 1254 2608 id
1285 2571 1390 2623 quod
1428 2573 1474 2608 ab

816 2624 890 2663 hoc
926 2627 1011 2664 loco
1043 2620 1212 2664 alienum
1243 2641 1322 2665 esse
1360 2641 1476 2664 nemo

816 2696 893 2720 11011
914 2684 1103 2734 iutelligit.
1144 2685 1270 2722 Simili
1289 2684 1367 2721 fere
1388 2698 1477 2720 sen-

815 2754 859 2776 su
888 2742 1024 2777 Noster
1036 2714 1096 2788 OV,
1130 2744 1207 2781 66:
1240 2737 1306 2779 τὸν
1348 2741 1476 2789 δῆμον

817 2797 1167 2847 προσεταιρίζεταις
1209 2804 1320 2846 atque
1352 2797 1380 2838 1,
1422 2797 1473 2833 53
