1897 3340
298 721 362 767 52
422 719 596 766 ,,σθαι.“

425 268 508 310 526

425 376 638 430 „uastat-ot
676 375 755 431 μέν
790 392 875 418 νυν

916 374 1042 431 γινόμ
1050 391 1139 418 ενοι
1153 409 1162 426 ,

828 266 1285 304 HERODOTI

425 443 555 501 ,,ἡμΐν
583 442 928 499 προσβάλλουσι·
962 443 1227 487 δικαιότατοι
1257 442 1303 486 δὲ
1331 442 1566 498 γινόμενοι,
1598 441 1686 486 οἷοί

428 529 498 565 „ve
513 512 788 568 δηλήσασθαι
816 510 1009 566 μεγάλως
1035 528 1116 567 την
1146 511 1226 566 σην
1244 509 1448 566 στρατιὴν
1476 512 1687 566 γίνονται.

394 588 451 633 5,,
461 579 530 631 Ἐς
559 578 706 634 θυμὸν
739 579 800 621 ὠν
829 581 962 632 βαλεῦ
993 579 1066 621 καὶ
1093 578 1143 621 τὸ
1173 577 1360 621 παλαιὸν
1391 578 1516 629 ε’πος,
1546 575 1606 628 ὥς
1633 579 1682 620 εὐ

426 649 641 702 ,εἷ’ρηται,
696 644 745 687 τὸ
784 644 841 700 μή
872 644 958 700 ἅμα
991 645 1101 702 άρχῇ
1139 649 1228 688 πᾶν
1255 645 1377 696 τέλος
1420 645 1744 700 καταφαίνε-’ἵο

653 711 882 767 Ἀμείβεται
911 712 1020 767 πρὸς
1050 716 1186 756 ταῦτα
1202 711 1362 768 Ξέρξης
1375 728 1385 738 '

1416 711 1685 768 ,,Ἀρτάβανε,

422 784 536 835 ,πῶν
567 778 797 836 άπεφῄναο
827 781 1035 836 γνωμέων
1057 779 1268 836 σφάλλεαι
1296 779 1406 823 κατὰ
1437 779 1602 836 ταύτην
1632 779 1685 835 δή

422 847 655 906 ,,μάλιστα,
686 845 897 897 ὂςἼωνας
927 845 1082 902 φοβέαι
1114 845 1171 902 μὴ
1201 848 1500 903 μεταβάλωσι·
1533 850 1620 890 τῶν
1648 846 1743 890 ἔ-75

423 932 581 972 ,,χομεν
610 919 764 971 γνῶμα
794 915 1017 970 μέγιστον,
1061 917 1151 956 τῶν
1180 913 1234 958 σύ
1267 931 1311 958 τε
1342 916 1507 969 μάρτυς
1535 915 1687 970 γίνεαι,

425 983 525 1036 ,,καὶ
558 984 601 1026 οἱ
633 980 1058 1037 συστρατευσάμενοι
1094 983 1269 1039 Δαρείῳ
1307 981 1431 1027 ἄλλοι
1466 982 1534 1025 ἐπὶ
1563 981 1688 1025 Σκύ-

422 1056 559 1104 ,,θας,
590 1049 656 1093 ὅτι
685 1050 754 1093 ἐπὶ
781 1048 1023 1105 τούτοισιὴ
1054 1048 1373 1105 πᾶσαΠερσική
1404 1049 1578 1105 στρατιή
1600 1048 1687 1105 ἐγέ-

425 1135 563 1172 ,,νετο,
595 1120 850 1173 διαφθεῖραι
875 1116 948 1160 καὶ
977 1120 1277 1172 περιποιῆσαι,
1321 1117 1364 1158 οἱ
1393 1115 1440 1160 δὲ
1469 1114 1688 1160 δικαιοσύ-

425 1203 535 1243 ,,νην
564 1186 637 1229 καὶ
666 1186 899 1241 πιστότητα
926 1183 1164 1235 ἐνέδωκαν,
1198 1183 1325 1239 ἄχαρι
1357 1184 1402 1227 δὲ
1433 1183 1574 1228 οὐδέν.
1609 1182 1688 1227 πά-

395 1256 524 1310 afflet}
554 1253 599 1297 δὲ
627 1253 808 1302 τούτου,
837 1252 885 1296 ἐν
917 1255 970 1308 τῇ
998 1251 1182 1308 ἡμετέρῃ
1213 1251 1530 1303 καταλιπόντας
1558 1251 1687 1295 τέκνα
1699 1259 1743 1292 80

422 1339 492 1377 ,,τε
522 1322 595 1381 καὶ
623 1324 834 1376 γυναῖκας
853 1320 927 1362 καὶ
945 1321 1154 1375 χρήματα,
1186 1317 1278 1362 οὐδ’
1310 1320 1580 1375 ἐπιλέγεσθαι
1606 1318 1686 1376 χρὴ

393 1387 668 1442 3,,νεωτερόν
706 1405 747 1432 τι
785 1386 998 1443 ποιήσειν.

1062 1386 1186 1430 Οὕτω
1226 1387 1334 1443 μηδὲ
1375 1391 1505 1430 τοῦτο
1537 1385 1691 1444 φοβέο,

423 1456 559 1511 „emec
576 1455 725 1513 θυμὸν
758 1456 867 1512 ἔχων
888 1453 1070 1510 ἀγαθὸν,
1102 1458 1207 1508 σῶζε
1237 1452 1361 1499 οἶκόν
1390 1471 1434 1498 τε
1459 1454 1538 1498 τὸν
1567 1453 1687 1511 ἐμόν,

426 1625 545 1670 ου’δὲν
595 1627 736 1681 κέρδος
785 1625 884 1680 μέγα
928 1625 1028 1678 ἡμῖν

366 1682 682 1739 προσβάλλουσι]
700 1685 724 1722 i.
743 1697 776 1719 e.
792 1697 859 1720 non
879 1684 1026 1721 multum

367 1744 507 1781 lucris.
535 1743 705 1779 utilitatis
725 1739 890 1790 adserunt
912 1741 1025 1778 nobis.

368 1801 493 1838 Simili
532 1798 648 1836 modo
678 1798 870 1833 iuvenitur
905 1808 1025 1848 προσ-

368 1853 527 1908 βάλλειν
551 1858 576 1903 Ι,
602 1857 693 1895 136-
715 1854 777 1900 VI,
799 1856 865 1894 70.
914 1852 1025 1899 Quod

367 1914 537 1965 sequitur
566 1911 605 1958 ἐς
634 1906 771 1961 θυμόν
792 1910 924 1961 βαλεῦ,
947 1912 1027 1947 ani-

367 1983 420 2006 mo
456 1971 574 2018 cogzta
600 1980 643 2004 ac
670 1970 780 2004 tecum
800 1969 945 2016 reputa,
977 1979 1025 2003 ex

365 2025 525 2062 Homeri
558 2025 768 2061 imitatione
797 2023 948 2060 fluxisse
968 2024 1027 2060 vi-

366 2081 494 2130 detur,
534 2088 575 2117 ut
596 2080 674 2117 dixi
695 2079 743 2116 ad
762 2081 791 2127 Ι,
813 2077 880 2121 84.
923 2078 1026 2116 Add.

364 2140 463 2185 VIII,
488 2140 540 2178 68
558 2137 622 2174 fin.
637 2134 815 2187 Aeschyl.
831 2135 1025 2172 Prometh.

366 2196 440 2234 731
466 2194 594 2245 ibique
605 2191 819 2229 Blomfield.
841 2206 878 2242 p.
892 2193 958 2233 50.
973 2215 1023 2220 —

365 2250 686 2298 καταφαίνεσθαι
709 2248 895 2299 significat
915 2261 1025 2299 appa-

365 2318 451 2354 rere,
471 2313 513 2342 ut
532 2308 561 2353 1,
585 2304 652 2346 58.

603 2393 695 2444 Cap.
716 2393 795 2430 LII.

424 2469 470 2519 ὃς
509 2469 680 2523 φοβέαι]
713 2469 858 2521 φοβέαι
892 2484 912 2506 e
933 2471 1022 2507 Flo-

364 2536 461 2568 tent.
484 2536 519 2565 et
541 2528 730 2565 Saum-ofti
753 2528 846 2563 libro
863 2540 929 2577 pro
944 2542 1022 2576 φο-

364 2584 483 2637 βέεαι.
543 2586 653 2621 Conf.
673 2585 753 2631 Vll,
777 2584 843 2624 47.
873 2585 933 2619 Ex
955 2596 1022 2620 eo-

365 2641 454 2679 dem
486 2643 705 2678 Florentino
737 2653 890 2691 unoque
912 2641 1020 2676 Pari-

363 2700 446 2736 sino
477 2698 622 2735 editum
669 2693 916 2748 μεταβάλωσι
953 2709 1020 2747 pio

365 2756 469 2806 vulg.
492 2748 773 2806 μεταβάλλωσι,
797 2753 897 2805 qnod
927 2754 1020 2789 Mr-,t

364 2810 464 2849 thiae
484 2813 648 2849 retinnit.
679 2813 816 2862 γνῶμα
845 2824 876 2845 ε
869 2816 898 2845 t
929 2810 1022 2846 i'mlz-

364 2871 475 2915 cium,
525 2869 779 2913 documentum,
821 2867 1021 2917 interprete

1084 1627 1354 1677 VVesselingio,
1377 1627 1442 1679 qui
1462 1624 1743 1678 citatSophocl.

1083 1683 1268 1720 Trachin.
1298 1685 1379 1723 599
1404 1683 1515 1732 [594‚
1545 1684 1611 1720 ubi
1639 1683 1742 1720 conf.

1082 1740 1241 1777 Wakef.
1263 1739 1364 1776 Add.
1385 1738 1566 1777 Abresch.
1594 1738 1642 1776 ad
1661 1740 1742 1775 Ae-

1081 1796 1200 1848 schyl.
1220 1798 1450 1846 Agamemn.
1475 1798 1580 1836 1323
1610 1795 1742 1832 Blom—

1081 1853 1202 1901 field]
1235 1860 1272 1889 et
1291 1850 1505 1890 Aretaeum'
1526 1850 1744 1903 Cappadoc-

1080 1910 1363 1956 Morb.Acut.l‚
1378 1912 1397 1948 1
1421 1909 1487 1945 fin.
1505 1931 1555 1936 —
1578 1910 1623 1944 In
1638 1921 1744 1960 seqq.

1082 1965 1131 2003 ad
1144 1967 1404 2003 locutionem:
1427 1964 1491 2005 ἐπὶ
1511 1960 1744 2004 τούτοισι-

1081 2043 1137 2052 -
1158 2021 1307 2075 ἐγένετο
1340 2022 1441 2059 conf.
1471 2028 1567 2060 nott.
1591 2020 1639 2058 ad
1658 2021 1741 2069 VII,

1085 2082 1135 2120 10
1153 2081 1190 2124 ξ.
1207 2081 1230 2120 3
1244 2086 1279 2116 et
1292 2078 1338 2115 de
1349 2079 1552 2124 infinitivis,
1574 2077 1741 2129 quisub-

1081 2142 1311 2186 sequuntur,
1354 2133 1489 2171 Matth.
1517 2135 1584 2170 Gr.
1614 2134 1680 2170 Gr.
1702 2147 1739 2184 p.

1085 2194 1205 2232 1295.
1227 2192 1268 2227 C.
1291 2189 1481 2228 Eichhoff.
1497 2188 1687 2227 Versuche
1708 2203 1743 2227 z.

1079 2246 1363 2285 wissenschaftl.
1405 2245 1669 2296 Begriindung
1704 2245 1744 2283 d.

1082 2302 1233 2340 Griech.
1275 2304 1437 2354 Syntax.
1471 2304 1501 2351 Ι,
1542 2302 1557 2350 (
1578 2301 1742 2340 Creseld.

1083 2361 1209 2408 1831)
1232 2373 1318 2410 pag.
1349 2363 1415 2400 33.
1445 2358 1644 2399 ἐνέδωκαν
1673 2371 1743 2396 va-

1081 2415 1151 2452 let:
1180 2417 1441 2466 praebuerunt,
1477 2418 1739 2465 praestiterunt.

1078 2473 1135 2507 De
1170 2486 1263 2510 voce
1295 2470 1413 2526 ἄχαρι
1441 2471 1527 2511 vide
1559 2473 1672 2510 citata
1691 2469 1740 2508 ad

1079 2529 1158 2577 VII,
1181 2530 1233 2570 50
1261 2529 1327 2567 fin.

1134 2637 1260 2691 πάρεξ
1280 2639 1322 2680 δὲ
1338 2637 1501 2689 τούτου]
1524 2641 1581 2679 Cf.
1593 2638 1740 2678 Sohae-

1077 2697 1148 2737 ser.
1177 2697 1224 2733 ad
1255 2699 1415 2748 Gregor.
1448 2695 1618 2734 Corinth.
1650 2708 1739 2747 pag.

1078 2757 1145 2794 21.
1204 2755 1371 2791 Verbum
1403 2752 1651 2804 ἐπιλέγεσθαι
1683 2759 1740 2789 at-

1080 2811 1146 2860 tigi
1181 2810 1228 2846 ad
1260 2812 1303 2858 V,
1334 2814 1387 2851 30
1428 2817 1465 2846 et
1504 2810 1738 2846 locutionem

1150 2863 1159 2876 t
1239 2863 1248 2876 1
1434 2862 1443 2874 ι

1079 2881 1273 2918 νεωτερον
1289 2882 1324 2905 τι
1346 2879 1530 2916 ποιησειν
1554 2865 1602 2903 ad
1613 2866 1660 2913 V,
1673 2866 1738 2906 19.

1219 373 1349 418 οὐδὲν
1386 373 1541 431 κέρδος
1576 375 1685 431 μέγα
1742 381 1822 426 535
1862 386 1863 392 ’
