1897 3340
521 271 997 309 POLYMNIA.
1056 271 1158 307 VII.

1385 281 1467 319 657

207 379 385 435 ἔμελλον
395 379 602 433 λάξεσθαι
615 379 803 437 ὀρχηδὸν
815 379 994 429 ἕκαστος
1018 377 1122 421 δέκα
1141 379 1346 435 δραχμάς·
1373 384 1467 428 τότε

151 562 228 601 dita
244 578 337 602 voce
350 563 443 618 ὄρος
464 567 523 603 vel.
543 567 691 603 omissa.
722 564 808 602 vid.

149 621 360 672 interprett.
383 622 431 659 ad
453 622 671 673 Thucydid,
693 621 807 669 11‚55

149 684 188 714 et
205 678 378 716 Boeclxh.
409 681 448 715 in
481 685 726 715 commentat.
760 677 807 714 de

147 735 295 772 Lauriis
316 735 453 772 fodinis
468 737 507 771 in
522 736 808 772 C011nnent.so-

149 792 235 828 ciet.
265 806 344 842 reg.
375 793 607 829 Berolinens.
641 793 746 832 1805
768 805 806 842 p.

147 849 201 887 86
213 862 294 900 sqq.
306 850 392 886 coll.
407 849 617 887 Oeconom.
634 848 804 885 Athenn.

147 905 165 940 Ι
184 918 223 955 p.
246 908 322 945 331
346 918 452 957 seqq.
478 907 598 942 Kruse
610 906 736 941 Helias
758 906 807 953 H,

150 963 167 1000 1
188 974 226 1011 p-
241 964 309 1002 26.
327 964 423 1009 236,
444 963 580 1014 quibus
604 961 806 1000 Cr.addit:

145 1018 272 1069 Nibby
302 1018 445 1069 Saggio
480 1019 518 1056 di
550 1020 810 1056 Osservazioni

145 1086 258 1125 sopra
283 1076 471 1112 Pausania
502 1090 590 1126 pag.
616 1079 664 1117 16
699 1089 806 1127 seqq.

145 1131 295 1168 Atticae
324 1145 434 1169 mous
465 1131 657 1184 hodieque
689 1145 806 1170 voca-

146 1194 208 1224 tur
245 1188 472 1226 Lam-onoros
502 1203 532 1226 s.
570 1188 805 1227 Mavronoros

145 1245 245 1281 inter
275 1244 559 1296 Anaphlystum
587 1259 630 1282 ac
660 1248 697 1282 T
700 1245 807 1282 hori-

146 1314 236 1338 cum
272 1300 376 1351 (sive
395 1315 416 1338 a
437 1310 551 1352 portu
570 1301 711 1353 Raphti
740 1316 807 1339 us-

146 1371 222 1410 que
238 1357 287 1395 ad
306 1360 491 1409 Legrina)
522 1373 590 1410 per
609 1360 807 1410 sexaginta

144 1415 266 1451 ferme
303 1416 425 1452 stadia
461 1423 650 1464 extensus,
690 1419 807 1468 inque

146 1472 312 1509 Sunium
361 1474 669 1523 promontorium
707 1473 809 1510 desi-

144 1541 253 1566 nens.
313 1529 386 1574 Qui
413 1529 612 1566 altitudine
640 1543 719 1567 non
746 1531 809 1566 in-

144 1586 260 1636 signis
280 1587 420 1623 multos
436 1593 564 1623 tamen
578 1585 718 1623 babere
731 1587 810 1624 fer-

145 1649 210 1679 tur
249 1643 362 1679 colles
404 1656 544 1696 eosque
583 1645 808 1694 praecipites

145 1706 259 1751 atque
281 1700 493 1748 continuos,
516 1715 536 1737 e
559 1702 693 1752 quibus
716 1702 808 1738 olim

145 1763 347 1807 argentum
379 1756 632 1806 effodiebant,
681 1756 807 1794 adhuc

145 1814 356 1864 conspicuis
393 1814 613 1851 fodinarum
641 1815 807 1864 vestigiis

145 1876 260 1921 atque
291 1870 474 1921 reliquiis.
545 1873 628 1908 Iam
658 1878 807 1908 mature

144 1924 239 1962 haec
259 1927 413 1963 metalla
429 1929 678 1976 exercebant,
709 1941 806 1979 quae

143 1981 414 2020 Themistoclis
443 1991 564 2020 aetate
598 1984 660 2021 vel
679 1985 807 2021 maxi-

143 2052 208 2076 me
226 2041 443 2090 viguerunt‚
473 2040 540 2077 sed
561 2041 726 2078 Socratis
747 2048 807 2078 at-

145 2109 220 2148 que
257 2095 526 2148 Xenophontis
567 2104 688 2134 aetate
727 2098 806 2134 iam

146 2152 402 2202 decreverant,
435 2154 708 2207 Strabonisque
737 2167 805 2195 ae-

144 2216 220 2247 tate
275 2209 388 2249 valde
447 2210 635 2247 diminuta
683 2218 804 2248 erant.

144 2267 320 2318 Namque
364 2265 636 2305 Themistoclis
683 2274 806 2304 aetate

146 2335 320 2359 annuum
346 2323 512 2361 reditum
533 2326 632 2361 intra
651 2325 806 2374 triginta

147 2386 184 2415 et
217 2378 468 2431 quadraginta
495 2382 637 2418 talenta
663 2382 806 2418 consti-

145 2437 231 2473 tisse
250 2434 500 2476 contendunt.
529 2438 611 2482 Qua
633 2451 682 2473 ex
698 2451 807 2474 sum-

144 2505 210 2529 ma
236 2493 319 2529 iure
340 2504 519 2543 quaeras,
553 2495 618 2543 qui
638 2493 807 2530 ducentas

145 2562 262 2586 naves
293 2549 355 2586 vel
384 2551 518 2585 centum
549 2548 608 2597 (ut
638 2550 700 2584 alii
714 2562 807 2598 pro-

147 2604 261 2653 dunt)
275 2612 467 2642 exstruere
483 2605 676 2655 potuerint
686 2603 806 2641 Athe„

146 2663 319 2711 nienses3
364 2660 467 2713 quod
508 2662 556 2697 ita
578 2662 697 2710 accipi
723 2662 806 2697 vult

147 2717 319 2757 Boeckh.
349 2719 389 2754 in
412 2718 681 2754 Commentatt.
701 2716 804 2753 laud.

148 2787 236 2826 pag.
275 2777 375 2821 119,
416 2782 458 2811 ut
480 2787 559 2810 non
587 2774 698 2810 unius
718 2779 806 2809 tan-

148 2838 229 2868 tum
252 2833 343 2867 anni
362 2830 502 2868 reditus
522 2829 570 2867 ad
585 2842 698 2867 naves
715 2842 806 2865 cou-

148 2886 344 2924 struendas
355 2887 612 2939 impenderint
632 2884 697 2923 sed
718 2886 806 2935 plu-

206 2946 428 2982 Hmzonor.
457 2946 524 2982 111.

865 565 965 601 rium
986 577 1187 613 annorum,
1210 579 1299 602 cum
1320 568 1437 603 semel
1459 567 1526 603 ‹le-

867 629 1013 658 cretum
1035 630 1148 670 esset,
1181 629 1222 659 ut
1251 624 1369 658 annui
1390 625 1525 660 metal-

864 679 990 715 lorum
1011 678 1152 715 reditus
1174 680 1332 716 navibus
1349 688 1526 717 constru-

865 735 971 772 endis
990 736 1315 786 impenderentur.

922 791 1081 842 ἔμελλον
1121 790 1313 840 λάξεσθαι
1351 788 1528 844 ὅρχηδόν

864 847 1027 895 ἕκαστος
1074 848 1168 888 δέκα
1209 846 1413 901 δραχμάς]
1465 849 1529 886 Ad

863 906 1029 941 formam
1044 901 1236 952 λάξεσθαι
1254 905 1421 957 Hesych.
1440 908 1476 942 II
1489 920 1527 957 p.

865 961 970 1003 424:
1030 959 1252 1009 λάξασθαι·
1317 959 1529 1013 κληρώσα-

868 1023 988 1066 σκθειιις
1024 1018 1102 1055 vid.
1131 1017 1268 1056 Matth.
1299 1020 1364 1058 Gr.
1394 1021 1458 1056 Gr.
1489 1033 1528 1071 p.

862 1074 956 1122 471,
988 1076 1054 1126 qui
1082 1075 1185 1112 idem
1208 1077 1244 1122 ξ.
1267 1079 1348 1117 302
1376 1089 1410 1114 a.
1438 1089 1528 1127 pag.

864 1134 946 1172 602
987 1133 1204 1169 consulatur
1235 1132 1282 1169 de
1310 1146 1382 1169 usu
1425 1135 1529 1170 vocis

864 1187 1037 1235 ἕκαστος.
1056 1212 1107 1216 —
1134 1185 1298 1240 ὀρχηδὸν
1329 1196 1529 1240 exponunt

863 1242 1043 1295 ἡβηδόν,
1085 1247 1239 1293 viritim,
1281 1247 1319 1282 in
1342 1248 1456 1290 viros,
1486 1254 1530 1283 ut

864 1301 967 1352 apud
987 1303 1169 1339 Plautum
1191 1309 1245 1339 est
1264 1303 1394 1341 Aulul.
1415 1304 1463 1350 II,
1488 1307 1526 1352 1,

864 1361 931 1399 30.
961 1358 1047 1395 Vid.
1076 1361 1240 1397 Glossar.
1270 1359 1414 1396 Herod.
1437 1360 1530 1397 Sui-

865 1413 930 1452 das
950 1417 986 1451 II
1004 1429 1042 1466 p.
1066 1419 1160 1457 720.
1191 1415 1356 1467 Hesych.
1379 1418 1415 1452 II
1438 1429 1527 1467 pag.

864 1473 959 1512 792.
1010 1472 1135 1509 Decem
1162 1473 1348 1510 drachmae
1369 1475 1531 1511 eWur-

864 1529 934 1563 mii
954 1530 1160 1566 rationibus
1182 1530 1390 1567 conficiunt
1418 1543 1527 1567 sum-

864 1597 971 1621 mam
1013 1585 1179 1623 duorum
1207 1585 1363 1624 thalerr.
1392 1594 1429 1623 et
1457 1586 1529 1623 de-

866 1655 953 1678 cem
990 1655 1108 1693 gross.
1138 1645 1217 1680 sive
1252 1651 1414 1696 quatuor
1454 1644 1530 1681 fio-

864 1712 974 1736 renn.
997 1707 1033 1736 et
1053 1703 1102 1740 21
1129 1702 1298 1750 crucigg.
1356 1702 1419 1736 Ex
1449 1714 1527 1753 quo

863 1757 1109 1806 probabiliter
1129 1756 1279 1794 definiri
1307 1770 1416 1808 posse
1431 1771 1528 1794 cen-

864 1820 920 1849 set
957 1812 1131 1850 Boeckh.
1152 1815 1174 1851 l.
1208 1815 1247 1862 l.,
1271 1815 1337 1865 qui
1366 1815 1525 1850 omnino

862 1869 976 1907 fuerit
997 1883 1146 1906 annuus
1175 1868 1316 1907 horum
1346 1871 1526 1906 metallo-

862 1939 951 1962 rum
990 1925 1131 1963 reditus
1159 1927 1223 1962 illa
1261 1933 1362 1963 certe
1389 1933 1526 1965 aetate.

861 1983 962 2018 Nam
994 1985 1149 2031 triginta
1169 1982 1262 2020 mille
1291 1984 1390 2020 cives
1412 1983 1527 2020 fuisse

862 2040 893 2075 si
912 2040 1120 2086 sumimus,
1164 2040 1245 2090 ipso
1274 2046 1427 2076 auctore
1447 2041 1528 2076 He-

861 2094 996 2133 rodoto
1028 2097 1072 2144 V,
1103 2098 1179 2143 97,
1218 2097 1285 2132 ubi
1307 2095 1385 2134 vid.
1413 2103 1525 2144 nott.,

864 2153 988 2189 existit
1008 2165 1158 2189 summa
1181 2155 1445 2203 quinquaginta
1464 2160 1526 2189 ta-

862 2209 1053 2246 lentorum
1086 2210 1165 2246 sive
1193 2210 1343 2257 68,75Ο
1373 2208 1527 2247 thalerr.

865 2264 1044 2313 (72384
1086 2264 1241 2302 thalerr.
1281 2268 1308 2305 2
1344 2278 1464 2316 gross.
1506 2279 1528 2302 e

861 2323 1034 2359 VVurmii
1052 2323 1237 2372 ratione)3
1267 2323 1403 2372 viginti
1421 2323 1528 2359 mille

863 2379 964 2416 cives
997 2379 1110 2416 fuisse
1140 2380 1171 2416 si
1210 2391 1351 2430 ponas,
1384 2380 1526 2416 talenta

863 2435 1080 2473 efficiuntur
1120 2434 1202 2487 ὅδὲ
1241 2437 1320 2472 sive
1373 2434 1525 2480 4825ss

860 2490 1014 2531 thalerr.
1039 2495 1058 2532 1
1083 2505 1200 2542 gross.
1222 2505 1242 2527 e
1257 2493 1429 2529 WVurmii
1444 2492 1524 2528 cal-

863 2549 969 2585 culis,
1046 2550 1180 2598 Itaque
1218 2549 1414 2599 probabile
1455 2555 1522 2595 est,

861 2617 1034 2640 annuum
1062 2604 1251 2651 reditum,
1281 2613 1324 2642 ut
1344 2604 1521 2649 diximus,

860 2661 958 2695 iutra
985 2661 1138 2709 triginta
1167 2668 1232 2698 ant
1270 2660 1521 2713 quadraginta

863 2717 1071 2753 constitisse
1105 2718 1258 2754 talenta.
1319 2718 1520 2753 Caeterum

861 2770 962 2809 hanc
1000 2775 1251 2822 pecuniarum
1291 2786 1311 2807 e
1360 2771 1520 2807 metallis

861 2831 1169 2879 provenientiun‘l
1218 2828 1520 2864 distributionem

864 2886 1020 2938 antiquo
1061 2900 1110 2922 ex
1149 2898 1255 2921 more
1275 2884 1415 2920 {actam
1441 2895 1520 2919 esse

1193 2940 1246 2979 42
