<?xml version="1.0" encoding="UTF-8"?>
<!DOCTYPE html PUBLIC "-//W3C//DTD XHTML 1.0 Transitional//EN"
    "http://www.w3.org/TR/xhtml1/DTD/xhtml1-transitional.dtd">
<html xmlns="http://www.w3.org/1999/xhtml" xml:lang="en" lang="en">
 <head>
  <title>
</title>
<meta http-equiv="Content-Type" content="text/html;charset=utf-8" />
  <meta name='ocr-system' content='tesseract 3.04.00' />
  <meta name='ocr-capabilities' content='ocr_page ocr_carea ocr_par ocr_line ocrx_word'/>
</head>
<body>
  <div class='ocr_page' id='page_1' title='image "./musaeher03hero/musaeher03hero_0329.png"; bbox 0 0 1897 3340; ppageno 0'>
   <div class='ocr_carea' id='block_1_1' title="bbox 6 2687 14 3247">
    <p class='ocr_par' dir='ltr' id='par_1_1' title="bbox 6 2687 14 3247">
     <span class='ocr_line' id='line_1_1' title="bbox 6 2687 14 3247; textangle 90"><span class='ocrx_word' id='word_1_1' title='bbox 9 3180 13 3247; x_wconf 36' lang='grc' dir='ltr'>μ,-</span> <span class='ocrx_word' id='word_1_2' title='bbox 6 3037 14 3163; x_wconf 55' lang='grc'>,.-4.,,,-</span> <span class='ocrx_word' id='word_1_3' title='bbox 10 2943 13 3024; x_wconf 40' lang='grc' dir='ltr'>-η</span> <span class='ocrx_word' id='word_1_4' title='bbox 10 2687 13 2930; x_wconf 57' lang='grc'>---.“-.-</span> 
     </span>
    </p>
   </div>
   <div class='ocr_carea' id='block_1_2' title="bbox 102 552 169 597">
    <p class='ocr_par' dir='ltr' id='par_1_2' title="bbox 102 552 169 597">
     <span class='ocr_line' id='line_1_2' title="bbox 102 552 169 597; baseline 0 0"><span class='ocrx_word' id='word_1_5' title='bbox 102 552 169 597; x_wconf 84' lang='grc'>66</span> 
     </span>
    </p>
   </div>
   <div class='ocr_carea' id='block_1_3' title="bbox 632 179 1071 223">
    <p class='ocr_par' dir='ltr' id='par_1_3' title="bbox 632 179 1071 223">
     <span class='ocr_line' id='line_1_3' title="bbox 632 179 1071 223; baseline -0.016 0"><span class='ocrx_word' id='word_1_6' title='bbox 632 179 934 223; x_wconf 82' lang='grc' dir='ltr'><strong>ΕΒΑΤΟ.</strong></span> <span class='ocrx_word' id='word_1_7' title='bbox 992 179 1071 216; x_wconf 84' lang='lat' dir='ltr'>vl.</span> 
     </span>
    </p>
   </div>
   <div class='ocr_carea' id='block_1_4' title="bbox 1401 180 1486 220">
    <p class='ocr_par' dir='ltr' id='par_1_4' title="bbox 1401 180 1486 220">
     <span class='ocr_line' id='line_1_4' title="bbox 1401 180 1486 220; baseline 0.012 -1"><span class='ocrx_word' id='word_1_8' title='bbox 1401 180 1486 220; x_wconf 71' lang='lat'>31⁴5</span> 
     </span>
    </p>
   </div>
   <div class='ocr_carea' id='block_1_5' title="bbox 226 284 1517 553">
    <p class='ocr_par' dir='ltr' id='par_1_5' title="bbox 226 284 1517 553">
     <span class='ocr_line' id='line_1_5' title="bbox 226 284 1487 350; baseline -0.013 -8"><span class='ocrx_word' id='word_1_9' title='bbox 226 296 365 341; x_wconf 85' lang='grc' dir='ltr'><strong><em>τεύων</em></strong></span> <span class='ocrx_word' id='word_1_10' title='bbox 391 298 470 340; x_wconf 82' lang='grc' dir='ltr'>τοῦ</span> <span class='ocrx_word' id='word_1_11' title='bbox 500 292 690 350; x_wconf 75' lang='grc' dir='ltr'><strong><em>ῥήματος</em></strong></span> <span class='ocrx_word' id='word_1_12' title='bbox 707 288 733 335; x_wconf 83' lang='grc' dir='ltr'>ὁ</span> <span class='ocrx_word' id='word_1_13' title='bbox 759 289 1036 344; x_wconf 80' lang='grc' dir='ltr'><strong><em>Λευτυχίδης,</em></strong></span> <span class='ocrx_word' id='word_1_14' title='bbox 1069 284 1283 342; x_wconf 77' lang='grc' dir='ltr'><em>ἀπέφαινε</em></span> <span class='ocrx_word' id='word_1_15' title='bbox 1306 285 1383 328; x_wconf 84' lang='grc' dir='ltr'>τὸν</span> <span class='ocrx_word' id='word_1_16' title='bbox 1401 289 1487 340; x_wconf 90' lang='grc' dir='ltr'>Δη-</span> 
     </span>
     <span class='ocr_line' id='line_1_6' title="bbox 227 352 1487 420; baseline -0.011 -12"><span class='ocrx_word' id='word_1_17' title='bbox 227 365 426 420; x_wconf 79' lang='grc' dir='ltr'><strong><em>μάρητον</em></strong></span> <span class='ocrx_word' id='word_1_18' title='bbox 454 364 552 405; x_wconf 81' lang='grc' dir='ltr'><strong><em>οὔτε</em></strong></span> <span class='ocrx_word' id='word_1_19' title='bbox 583 361 624 412; x_wconf 83' lang='grc' dir='ltr'>ἐξ</span> <span class='ocrx_word' id='word_1_20' title='bbox 646 357 903 414; x_wconf 81' lang='grc' dir='ltr'><strong><em>Ἀρίστωνος</em></strong></span> <span class='ocrx_word' id='word_1_21' title='bbox 930 355 1166 412; x_wconf 77' lang='grc' dir='ltr'><em>γεγονότα,</em></span> <span class='ocrx_word' id='word_1_22' title='bbox 1207 352 1305 396; x_wconf 82' lang='grc' dir='ltr'><strong><em>οὕτε</em></strong></span> <span class='ocrx_word' id='word_1_23' title='bbox 1341 354 1487 396; x_wconf 82' lang='grc' dir='ltr'><strong><em>ἱκνευ-</em></strong></span> 
     </span>
     <span class='ocr_line' id='line_1_7' title="bbox 227 420 1490 488; baseline -0.01 -13"><span class='ocrx_word' id='word_1_24' title='bbox 227 433 366 488; x_wconf 83' lang='grc' dir='ltr'><strong><em>μένως</em></strong></span> <span class='ocrx_word' id='word_1_25' title='bbox 398 427 680 486; x_wconf 81' lang='grc' dir='ltr'><strong><em>βασιλεύοντα</em></strong></span> <span class='ocrx_word' id='word_1_26' title='bbox 709 425 936 482; x_wconf 76' lang='grc' dir='ltr'><strong><em>Σπάρτης,</em></strong></span> <span class='ocrx_word' id='word_1_27' title='bbox 975 423 1080 474; x_wconf 77' lang='grc' dir='ltr'><strong><em>τούς</em></strong></span> <span class='ocrx_word' id='word_1_28' title='bbox 1109 421 1301 478; x_wconf 77' lang='grc' dir='ltr'><strong><em>ἐφόρους</em></strong></span> <span class='ocrx_word' id='word_1_29' title='bbox 1329 420 1490 476; x_wconf 81' lang='grc' dir='ltr'><strong><em>μάρτυ-</em></strong></span> 
     </span>
     <span class='ocr_line' id='line_1_8' title="bbox 230 487 1517 553; baseline -0.01 -11"><span class='ocrx_word' id='word_1_30' title='bbox 230 516 310 553; x_wconf 86' lang='grc' dir='ltr'>ρας</span> <span class='ocrx_word' id='word_1_31' title='bbox 338 495 630 551; x_wconf 83' lang='grc' dir='ltr'><strong><em>παρεχόμενος</em></strong></span> <span class='ocrx_word' id='word_1_32' title='bbox 659 487 853 546; x_wconf 78' lang='grc' dir='ltr'><strong><em>κείνους,</em></strong></span> <span class='ocrx_word' id='word_1_33' title='bbox 895 496 938 537; x_wconf 78' lang='grc' dir='ltr'>οἳ</span> <span class='ocrx_word' id='word_1_34' title='bbox 966 491 1061 536; x_wconf 91' lang='grc' dir='ltr'><strong><em>τότε</em></strong></span> <span class='ocrx_word' id='word_1_35' title='bbox 1091 491 1244 546; x_wconf 77' lang='grc' dir='ltr'><strong><em>ἔτυχον</em></strong></span> <span class='ocrx_word' id='word_1_36' title='bbox 1272 487 1517 543; x_wconf 75' lang='grc' dir='ltr'><strong><em>πάρεδροίὸ</em></strong></span> 
     </span>
    </p>
   </div>
   <div class='ocr_carea' id='block_1_6' title="bbox 197 558 1545 1026">
    <p class='ocr_par' dir='ltr' id='par_1_6' title="bbox 197 558 1545 958">
     <span class='ocr_line' id='line_1_9' title="bbox 226 558 1296 614; baseline -0.008 -4"><span class='ocrx_word' id='word_1_37' title='bbox 226 582 270 610; x_wconf 92' lang='grc' dir='ltr'>τε</span> <span class='ocrx_word' id='word_1_38' title='bbox 300 565 439 614; x_wconf 83' lang='grc' dir='ltr'><strong><em>ἐόντες</em></strong></span> <span class='ocrx_word' id='word_1_39' title='bbox 469 563 543 606; x_wconf 79' lang='grc' dir='ltr'>καὶ</span> <span class='ocrx_word' id='word_1_40' title='bbox 569 560 832 613; x_wconf 81' lang='grc' dir='ltr'><strong><em>ἀκούσαντες</em></strong></span> <span class='ocrx_word' id='word_1_41' title='bbox 863 563 1002 604; x_wconf 82' lang='grc' dir='ltr'><strong><em>ταῦτα</em></strong></span> <span class='ocrx_word' id='word_1_42' title='bbox 1026 558 1296 614; x_wconf 84' lang='grc' dir='ltr'><strong><em>Ἀρίστωνος.</em></strong></span> 
     </span>
     <span class='ocr_line' id='line_1_10' title="bbox 227 625 1489 686; baseline -0.007 -10"><span class='ocrx_word' id='word_1_43' title='bbox 227 634 292 684; x_wconf 80' lang='grc' dir='ltr'>δὲ,</span> <span class='ocrx_word' id='word_1_44' title='bbox 324 630 482 676; x_wconf 80' lang='grc' dir='ltr'><strong><em>ἐόντων</em></strong></span> <span class='ocrx_word' id='word_1_45' title='bbox 511 631 608 686; x_wconf 87' lang='grc' dir='ltr'><strong><em>περὶ</em></strong></span> <span class='ocrx_word' id='word_1_46' title='bbox 639 630 789 683; x_wconf 40' lang='grc' dir='ltr'>αὐτῶνμ</span> <span class='ocrx_word' id='word_1_47' title='bbox 814 631 1012 682; x_wconf 79' lang='grc' dir='ltr'><strong><em>νεικέων,</em></strong></span> <span class='ocrx_word' id='word_1_48' title='bbox 1041 629 1158 681; x_wconf 75' lang='grc' dir='ltr'><strong><em>ἔδοξε</em></strong></span> <span class='ocrx_word' id='word_1_49' title='bbox 1188 625 1489 681; x_wconf 78' lang='grc' dir='ltr'><strong><em>Σπαρτιήτῃσι</em></strong></span> 
     </span>
     <span class='ocr_line' id='line_1_11' title="bbox 224 692 1489 754; baseline -0.006 -11"><span class='ocrx_word' id='word_1_50' title='bbox 224 700 472 753; x_wconf 78' lang='grc' dir='ltr'><strong><em>ἐπείρεσθαι</em></strong></span> <span class='ocrx_word' id='word_1_51' title='bbox 502 699 550 742; x_wconf 84' lang='grc' dir='ltr'>τὸ</span> <span class='ocrx_word' id='word_1_52' title='bbox 581 698 844 754; x_wconf 84' lang='grc' dir='ltr'><strong><em>χρηστήριον</em></strong></span> <span class='ocrx_word' id='word_1_53' title='bbox 872 698 920 741; x_wconf 84' lang='grc' dir='ltr'>τὸ</span> <span class='ocrx_word' id='word_1_54' title='bbox 950 697 997 740; x_wconf 81' lang='grc' dir='ltr'><strong><em>ἐν</em></strong></span> <span class='ocrx_word' id='word_1_55' title='bbox 1025 702 1240 752; x_wconf 80' lang='grc' dir='ltr'><strong><em>Δελφοῖσι</em></strong></span> <span class='ocrx_word' id='word_1_56' title='bbox 1279 696 1343 746; x_wconf 69' lang='lat' dir='ltr'>„el</span> <span class='ocrx_word' id='word_1_57' title='bbox 1369 692 1489 748; x_wconf 83' lang='grc' dir='ltr'><strong><em>Ἀρί-</em></strong></span> 
     </span>
     <span class='ocr_line' id='line_1_12' title="bbox 197 762 1489 824; baseline -0.002 -17"><span class='ocrx_word' id='word_1_58' title='bbox 197 775 421 820; x_wconf 75' lang='grc' dir='ltr'><strong><em>2,,στωνος</em></strong></span> <span class='ocrx_word' id='word_1_59' title='bbox 451 769 516 824; x_wconf 86' lang='grc' dir='ltr'>εἰἠ</span> <span class='ocrx_word' id='word_1_60' title='bbox 546 772 648 818; x_wconf 90' lang='grc' dir='ltr'><strong><em>παῖς</em></strong></span> <span class='ocrx_word' id='word_1_61' title='bbox 679 765 702 810; x_wconf 92' lang='grc' dir='ltr'>ὁ</span> <span class='ocrx_word' id='word_1_62' title='bbox 726 766 1027 823; x_wconf 81' lang='grc' dir='ltr'><strong><em>Δημάρητος.“</em></strong></span> <span class='ocrx_word' id='word_1_63' title='bbox 1078 763 1317 807; x_wconf 78' lang='grc' dir='ltr'><strong><em>Ἀνωΐστου</em></strong></span> <span class='ocrx_word' id='word_1_64' title='bbox 1348 762 1393 806; x_wconf 80' lang='grc' dir='ltr'>δὲ</span> <span class='ocrx_word' id='word_1_65' title='bbox 1421 777 1489 816; x_wconf 77' lang='grc' dir='ltr'><strong><em>γε·</em></strong></span> 
     </span>
     <span class='ocr_line' id='line_1_13' title="bbox 226 830 1545 891; baseline -0.004 -13"><span class='ocrx_word' id='word_1_66' title='bbox 226 834 414 891; x_wconf 82' lang='grc' dir='ltr'><strong><em>νομένου</em></strong></span> <span class='ocrx_word' id='word_1_67' title='bbox 453 834 500 878; x_wconf 85' lang='grc' dir='ltr'>ἐκ</span> <span class='ocrx_word' id='word_1_68' title='bbox 539 836 751 890; x_wconf 78' lang='grc' dir='ltr'><strong><em>προνοίης</em></strong></span> <span class='ocrx_word' id='word_1_69' title='bbox 790 838 866 890; x_wconf 80' lang='grc' dir='ltr'>τῆς</span> <span class='ocrx_word' id='word_1_70' title='bbox 905 833 1172 889; x_wconf 84' lang='grc' dir='ltr'><strong><em>Κλεομένεος</em></strong></span> <span class='ocrx_word' id='word_1_71' title='bbox 1210 832 1252 883; x_wconf 88' lang='grc' dir='ltr'>ἐς</span> <span class='ocrx_word' id='word_1_72' title='bbox 1287 830 1367 886; x_wconf 87' lang='grc' dir='ltr'>τὴν</span> <span class='ocrx_word' id='word_1_73' title='bbox 1398 834 1487 874; x_wconf 90' lang='grc' dir='ltr'><strong><em>Πυ-</em></strong></span> <span class='ocrx_word' id='word_1_74' title='bbox 1505 837 1545 869; x_wconf 87' lang='grc'>10</span> 
     </span>
     <span class='ocr_line' id='line_1_14' title="bbox 226 897 1493 958; baseline -0.004 -12"><span class='ocrx_word' id='word_1_75' title='bbox 226 904 354 958; x_wconf 77' lang='grc' dir='ltr'><strong><em>θίην,</em></strong></span> <span class='ocrx_word' id='word_1_76' title='bbox 385 902 577 946; x_wconf 82' lang='grc' dir='ltr'><strong><em>ἐνθαῦτα</em></strong></span> <span class='ocrx_word' id='word_1_77' title='bbox 605 901 904 958; x_wconf 81' lang='grc' dir='ltr'><strong><em>προσποιέεται</em></strong></span> <span class='ocrx_word' id='word_1_78' title='bbox 924 900 1169 956; x_wconf 80' lang='grc' dir='ltr'><strong><em>Κλεομένης</em></strong></span> <span class='ocrx_word' id='word_1_79' title='bbox 1203 900 1390 955; x_wconf 85' lang='grc' dir='ltr'><strong><em>Κόβωνα</em></strong></span> <span class='ocrx_word' id='word_1_80' title='bbox 1414 897 1493 942; x_wconf 83' lang='grc' dir='ltr'>τόν</span> 
     </span>
    </p>

    <p class='ocr_par' dir='ltr' id='par_1_7' title="bbox 222 965 1490 1026">
     <span class='ocr_line' id='line_1_15' title="bbox 222 965 1490 1026; baseline -0.004 -12"><span class='ocrx_word' id='word_1_81' title='bbox 222 969 581 1026; x_wconf 75' lang='grc' dir='ltr'><strong><em>Ἀριστοφάντου,</em></strong></span> <span class='ocrx_word' id='word_1_82' title='bbox 596 968 737 1024; x_wconf 78' lang='grc' dir='ltr'><strong><em>ἄνδρα</em></strong></span> <span class='ocrx_word' id='word_1_83' title='bbox 750 972 796 1014; x_wconf 86' lang='grc' dir='ltr'><strong><em>ἐν</em></strong></span> <span class='ocrx_word' id='word_1_84' title='bbox 807 976 1020 1026; x_wconf 87' lang='grc' dir='ltr'><strong><em>Δελφοῖσι</em></strong></span> <span class='ocrx_word' id='word_1_85' title='bbox 1038 965 1359 1012; x_wconf 77' lang='grc' dir='ltr'><strong><em>δυναστεύοντα</em></strong></span> <span class='ocrx_word' id='word_1_86' title='bbox 1372 966 1490 1022; x_wconf 74' lang='grc' dir='ltr'><strong><em>μέγι-</em></strong></span> 
     </span>
    </p>
   </div>
   <div class='ocr_carea' id='block_1_7' title="bbox 1358 558 1489 608">
    <p class='ocr_par' dir='ltr' id='par_1_8' title="bbox 1358 558 1489 608">
     <span class='ocr_line' id='line_1_16' title="bbox 1358 558 1489 608; baseline 0.008 -9"><span class='ocrx_word' id='word_1_87' title='bbox 1358 558 1489 608; x_wconf 83' lang='grc' dir='ltr'><strong><em>Τέλος</em></strong></span> 
     </span>
    </p>
   </div>
   <div class='ocr_carea' id='block_1_8' title="bbox 201 1035 1627 1231">
    <p class='ocr_par' dir='ltr' id='par_1_9' title="bbox 201 1035 1627 1231">
     <span class='ocr_line' id='line_1_17' title="bbox 201 1035 1489 1094; baseline -0.002 -14"><span class='ocrx_word' id='word_1_88' title='bbox 201 1046 223 1080; x_wconf 89' lang='grc'><strong>3</strong></span> <span class='ocrx_word' id='word_1_89' title='bbox 235 1052 354 1084; x_wconf 86' lang='grc' dir='ltr'><strong><em>στον.</em></strong></span> <span class='ocrx_word' id='word_1_90' title='bbox 371 1039 395 1083; x_wconf 88' lang='grc' dir='ltr'>ὁ</span> <span class='ocrx_word' id='word_1_91' title='bbox 413 1039 457 1084; x_wconf 81' lang='grc' dir='ltr'>δὲ</span> <span class='ocrx_word' id='word_1_92' title='bbox 472 1038 631 1094; x_wconf 87' lang='grc' dir='ltr'><strong><em>Κόβων</em></strong></span> <span class='ocrx_word' id='word_1_93' title='bbox 644 1040 890 1093; x_wconf 88' lang='grc' dir='ltr'><strong><em>Περίαλλαν</em></strong></span> <span class='ocrx_word' id='word_1_94' title='bbox 900 1037 981 1094; x_wconf 69' lang='grc' dir='ltr'>τήν</span> <span class='ocrx_word' id='word_1_95' title='bbox 995 1035 1489 1092; x_wconf 78' lang='grc' dir='ltr'><strong><em>πρόμαντινάναπείθει,</em></strong></span> 
     </span>
     <span class='ocr_line' id='line_1_18' title="bbox 228 1092 1627 1163; baseline -0.004 -13"><span class='ocrx_word' id='word_1_96' title='bbox 228 1107 281 1150; x_wconf 74' lang='grc' dir='ltr'><strong><em>τοὶ</em></strong></span> <span class='ocrx_word' id='word_1_97' title='bbox 312 1106 559 1163; x_wconf 85' lang='grc' dir='ltr'><strong><em>Κλεομένης</em></strong></span> <span class='ocrx_word' id='word_1_98' title='bbox 588 1104 789 1162; x_wconf 84' lang='grc' dir='ltr'><strong><em>ἐβούλετο</em></strong></span> <span class='ocrx_word' id='word_1_99' title='bbox 819 1105 1043 1162; x_wconf 76' lang='grc' dir='ltr'><strong><em>λέγεσθαι,</em></strong></span> <span class='ocrx_word' id='word_1_100' title='bbox 1080 1105 1231 1161; x_wconf 79' lang='grc' dir='ltr'><strong><em>λέγειν.</em></strong></span> <span class='ocrx_word' id='word_1_101' title='bbox 1278 1103 1392 1147; x_wconf 83' lang='grc' dir='ltr'><strong><em>οὕτω</em></strong></span> <span class='ocrx_word' id='word_1_102' title='bbox 1433 1101 1487 1157; x_wconf 85' lang='grc' dir='ltr'>δὴ</span> <span class='ocrx_word' id='word_1_103' title='bbox 1544 1092 1627 1136; x_wconf 78' lang='lat'>458</span> 
     </span>
     <span class='ocr_line' id='line_1_19' title="bbox 228 1167 1548 1231; baseline -0.005 -14"><span class='ocrx_word' id='word_1_104' title='bbox 228 1175 257 1229; x_wconf 84' lang='grc' dir='ltr'><em>ἡ</em></span> <span class='ocrx_word' id='word_1_105' title='bbox 289 1177 464 1231; x_wconf 76' lang='grc' dir='ltr'><strong><em>Πυθίη,</em></strong></span> <span class='ocrx_word' id='word_1_106' title='bbox 493 1174 827 1231; x_wconf 79' lang='grc' dir='ltr'><strong><em>ἐπειρωτώντων</em></strong></span> <span class='ocrx_word' id='word_1_107' title='bbox 855 1177 944 1219; x_wconf 76' lang='grc' dir='ltr'>τῶν</span> <span class='ocrx_word' id='word_1_108' title='bbox 961 1172 1238 1228; x_wconf 76' lang='grc' dir='ltr'><strong><em>θεοπρόπων,</em></strong></span> <span class='ocrx_word' id='word_1_109' title='bbox 1269 1171 1411 1227; x_wconf 76' lang='grc' dir='ltr'><strong><em>ἔκρινε</em></strong></span> <span class='ocrx_word' id='word_1_110' title='bbox 1430 1167 1488 1226; x_wconf 82' lang='grc' dir='ltr'>μὴ</span> <span class='ocrx_word' id='word_1_111' title='bbox 1506 1173 1548 1208; x_wconf 84' lang='grc'>15</span> 
     </span>
    </p>
   </div>
   <div class='ocr_carea' id='block_1_9' title="bbox 175 1378 839 2057">
    <p class='ocr_par' dir='ltr' id='par_1_10' title="bbox 175 1378 839 2057">
     <span class='ocr_line' id='line_1_20' title="bbox 176 1378 834 1436; baseline 0.009 -18"><span class='ocrx_word' id='word_1_112' title='bbox 176 1382 231 1419; x_wconf 83' lang='lat' dir='ltr'>vis</span> <span class='ocrx_word' id='word_1_113' title='bbox 243 1395 358 1434; x_wconf 86' lang='lat' dir='ltr'>quam</span> <span class='ocrx_word' id='word_1_114' title='bbox 369 1382 513 1421; x_wconf 83' lang='lat' dir='ltr'>adiecta</span> <span class='ocrx_word' id='word_1_115' title='bbox 524 1378 834 1436; x_wconf 61' lang='lat' dir='ltr'>praepositiooino*</span> 
     </span>
     <span class='ocr_line' id='line_1_21' title="bbox 178 1437 832 1493; baseline 0.003 -18"><span class='ocrx_word' id='word_1_116' title='bbox 178 1437 268 1476; x_wconf 87' lang='lat' dir='ltr'>huic</span> <span class='ocrx_word' id='word_1_117' title='bbox 290 1441 403 1476; x_wconf 81' lang='lat' dir='ltr'>verbo</span> <span class='ocrx_word' id='word_1_118' title='bbox 424 1442 573 1478; x_wconf 81' lang='lat' dir='ltr'>tribuit:</span> <span class='ocrx_word' id='word_1_119' title='bbox 593 1441 696 1493; x_wconf 84' lang='lat' dir='ltr'>quod</span> <span class='ocrx_word' id='word_1_120' title='bbox 716 1441 832 1488; x_wconf 88' lang='lat' dir='ltr'>idem,</span> 
     </span>
     <span class='ocr_line' id='line_1_22' title="bbox 175 1496 834 1535; baseline 0.003 -3"><span class='ocrx_word' id='word_1_121' title='bbox 175 1503 334 1533; x_wconf 85' lang='lat' dir='ltr'>notante</span> <span class='ocrx_word' id='word_1_122' title='bbox 359 1496 389 1533; x_wconf 89' lang='lat' dir='ltr'>C</span> <span class='ocrx_word' id='word_1_123' title='bbox 397 1510 424 1535; x_wconf 87' lang='lat' dir='ltr'>r.</span> <span class='ocrx_word' id='word_1_124' title='bbox 448 1500 485 1533; x_wconf 89' lang='lat' dir='ltr'>in</span> <span class='ocrx_word' id='word_1_125' title='bbox 510 1500 721 1535; x_wconf 85' lang='lat' dir='ltr'><strong>Homericis</strong></span> <span class='ocrx_word' id='word_1_126' title='bbox 741 1498 834 1534; x_wconf 82' lang='lat' dir='ltr'>locis</span> 
     </span>
     <span class='ocr_line' id='line_1_23' title="bbox 178 1552 833 1607; baseline 0.009 -18"><span class='ocrx_word' id='word_1_127' title='bbox 178 1552 311 1604; x_wconf 80' lang='lat' dir='ltr'>Odyss.</span> <span class='ocrx_word' id='word_1_128' title='bbox 347 1554 397 1599; x_wconf 88' lang='lat' dir='ltr'>X,</span> <span class='ocrx_word' id='word_1_129' title='bbox 427 1554 506 1594; x_wconf 78' lang='lat'>343</span> <span class='ocrx_word' id='word_1_130' title='bbox 533 1568 640 1607; x_wconf 83' lang='lat' dir='ltr'><strong>seqq.</strong></span> <span class='ocrx_word' id='word_1_131' title='bbox 669 1556 716 1601; x_wconf 94' lang='lat' dir='ltr'>II,</span> <span class='ocrx_word' id='word_1_132' title='bbox 739 1555 833 1601; x_wconf 84' lang='lat'><strong>377,</strong></span> 
     </span>
     <span class='ocr_line' id='line_1_24' title="bbox 175 1611 835 1648; baseline 0.002 -3"><span class='ocrx_word' id='word_1_133' title='bbox 175 1616 320 1646; x_wconf 82' lang='lat' dir='ltr'>veteres</span> <span class='ocrx_word' id='word_1_134' title='bbox 360 1611 607 1647; x_wconf 84' lang='lat' dir='ltr'>Grammatici</span> <span class='ocrx_word' id='word_1_135' title='bbox 655 1612 835 1648; x_wconf 84' lang='lat' dir='ltr'>observa—-</span> 
     </span>
     <span class='ocr_line' id='line_1_25' title="bbox 175 1668 835 1720; baseline 0.002 -19"><span class='ocrx_word' id='word_1_136' title='bbox 175 1672 343 1702; x_wconf 84' lang='lat' dir='ltr'>runt.—</span> <span class='ocrx_word' id='word_1_137' title='bbox 362 1668 406 1702; x_wconf 87' lang='lat' dir='ltr'>Iu</span> <span class='ocrx_word' id='word_1_138' title='bbox 427 1670 601 1717; x_wconf 78' lang='lat' dir='ltr'>proxime</span> <span class='ocrx_word' id='word_1_139' title='bbox 620 1681 727 1720; x_wconf 83' lang='lat' dir='ltr'><strong>seqq.</strong></span> <span class='ocrx_word' id='word_1_140' title='bbox 745 1680 835 1704; x_wconf 89' lang='lat' dir='ltr'>cum</span> 
     </span>
     <span class='ocr_line' id='line_1_26' title="bbox 177 1721 836 1772; baseline -0.002 -12"><span class='ocrx_word' id='word_1_141' title='bbox 177 1721 395 1772; x_wconf 78' lang='lat' dir='ltr'>Schweigh.</span> <span class='ocrx_word' id='word_1_142' title='bbox 426 1731 463 1760; x_wconf 90' lang='lat' dir='ltr'>et</span> <span class='ocrx_word' id='word_1_143' title='bbox 491 1725 607 1761; x_wconf 82' lang='lat' dir='ltr'>Gaisf.</span> <span class='ocrx_word' id='word_1_144' title='bbox 647 1738 668 1761; x_wconf 88' lang='lat' dir='ltr'>e</span> <span class='ocrx_word' id='word_1_145' title='bbox 698 1725 836 1760; x_wconf 86' lang='lat' dir='ltr'>melio-</span> 
     </span>
     <span class='ocr_line' id='line_1_27' title="bbox 176 1778 838 1818; baseline 0.002 -3"><span class='ocrx_word' id='word_1_146' title='bbox 176 1792 264 1815; x_wconf 89' lang='lat' dir='ltr'>rum</span> <span class='ocrx_word' id='word_1_147' title='bbox 311 1778 422 1818; x_wconf 90' lang='lat' dir='ltr'><strong>codd.</strong></span> <span class='ocrx_word' id='word_1_148' title='bbox 462 1783 683 1818; x_wconf 80' lang='lat' dir='ltr'>auctoritate</span> <span class='ocrx_word' id='word_1_149' title='bbox 714 1780 838 1817; x_wconf 81' lang='lat' dir='ltr'>delevi</span> 
     </span>
     <span class='ocr_line' id='line_1_28' title="bbox 179 1835 837 1888; baseline 0 -15"><span class='ocrx_word' id='word_1_150' title='bbox 179 1851 246 1885; x_wconf 88' lang='grc' dir='ltr'><strong><em>μιν</em></strong></span> <span class='ocrx_word' id='word_1_151' title='bbox 258 1843 339 1885; x_wconf 84' lang='lat' dir='ltr'>post</span> <span class='ocrx_word' id='word_1_152' title='bbox 354 1835 503 1876; x_wconf 74' lang='grc' dir='ltr'><strong><em>ἑωυτοῦ</em></strong></span> <span class='ocrx_word' id='word_1_153' title='bbox 522 1840 720 1885; x_wconf 80' lang='lat' dir='ltr'>insertum,</span> <span class='ocrx_word' id='word_1_154' title='bbox 732 1836 837 1888; x_wconf 86' lang='lat' dir='ltr'>quod</span> 
     </span>
     <span class='ocr_line' id='line_1_29' title="bbox 178 1891 836 1931; baseline 0.003 -3"><span class='ocrx_word' id='word_1_155' title='bbox 178 1891 347 1930; x_wconf 81' lang='lat' dir='ltr'>Bekker.</span> <span class='ocrx_word' id='word_1_156' title='bbox 373 1895 538 1931; x_wconf 82' lang='lat' dir='ltr'>retinuit.</span> <span class='ocrx_word' id='word_1_157' title='bbox 558 1916 614 1921; x_wconf 93' lang='lat'>-—</span> <span class='ocrx_word' id='word_1_158' title='bbox 647 1896 704 1930; x_wconf 94' lang='lat' dir='ltr'>De</span> <span class='ocrx_word' id='word_1_159' title='bbox 720 1895 836 1931; x_wconf 84' lang='lat' dir='ltr'>verbo</span> 
     </span>
     <span class='ocr_line' id='line_1_30' title="bbox 179 1945 839 2000; baseline -0.003 -12"><span class='ocrx_word' id='word_1_160' title='bbox 179 1945 426 1999; x_wconf 78' lang='grc' dir='ltr'><strong><em>ἐπιβατεύειν</em></strong></span> <span class='ocrx_word' id='word_1_161' title='bbox 448 1951 550 1988; x_wconf 84' lang='lat' dir='ltr'>conf.</span> <span class='ocrx_word' id='word_1_162' title='bbox 587 1952 654 2000; x_wconf 86' lang='lat'>111,</span> <span class='ocrx_word' id='word_1_163' title='bbox 681 1954 732 1992; x_wconf 82' lang='grc'>63</span> <span class='ocrx_word' id='word_1_164' title='bbox 762 1950 839 1987; x_wconf 88' lang='lat' dir='ltr'>ibi-</span> 
     </span>
     <span class='ocr_line' id='line_1_31' title="bbox 184 2012 372 2057; baseline 0.011 -16"><span class='ocrx_word' id='word_1_165' title='bbox 184 2018 258 2057; x_wconf 86' lang='lat' dir='ltr'>que</span> <span class='ocrx_word' id='word_1_166' title='bbox 274 2012 372 2043; x_wconf 89' lang='lat' dir='ltr'>nott.</span> 
     </span>
    </p>
   </div>
   <div class='ocr_carea' id='block_1_10' title="bbox 177 2108 843 2748">
    <p class='ocr_par' dir='ltr' id='par_1_11' title="bbox 392 2108 642 2160">
     <span class='ocr_line' id='line_1_32' title="bbox 392 2108 642 2160; baseline 0.012 -15"><span class='ocrx_word' id='word_1_167' title='bbox 392 2108 484 2160; x_wconf 84' lang='lat' dir='ltr'>Cap.</span> <span class='ocrx_word' id='word_1_168' title='bbox 504 2109 642 2148; x_wconf 85' lang='lat' dir='ltr'>LXVI.</span> 
     </span>
    </p>

    <p class='ocr_par' dir='ltr' id='par_1_12' title="bbox 177 2171 843 2748">
     <span class='ocr_line' id='line_1_33' title="bbox 241 2171 840 2228; baseline 0.003 -14"><span class='ocrx_word' id='word_1_169' title='bbox 241 2171 388 2215; x_wconf 81' lang='grc' dir='ltr'><strong><em>ἐόντων</em></strong></span> <span class='ocrx_word' id='word_1_170' title='bbox 405 2201 455 2205; x_wconf 90' lang='grc'>-</span> <span class='ocrx_word' id='word_1_171' title='bbox 481 2176 669 2228; x_wconf 83' lang='grc' dir='ltr'><strong><em>νεικέων]</em></strong></span> <span class='ocrx_word' id='word_1_172' title='bbox 708 2180 840 2224; x_wconf 84' lang='grc' dir='ltr'><strong><em>νεῖκος</em></strong></span> 
     </span>
     <span class='ocr_line' id='line_1_34' title="bbox 185 2230 842 2281; baseline 0.006 -13"><span class='ocrx_word' id='word_1_173' title='bbox 185 2237 223 2268; x_wconf 83' lang='lat' dir='ltr'>et</span> <span class='ocrx_word' id='word_1_174' title='bbox 242 2230 302 2269; x_wconf 90' lang='lat' dir='ltr'>hic</span> <span class='ocrx_word' id='word_1_175' title='bbox 323 2239 360 2269; x_wconf 89' lang='lat' dir='ltr'>et</span> <span class='ocrx_word' id='word_1_176' title='bbox 383 2234 445 2281; x_wconf 87' lang='lat' dir='ltr'>VI,</span> <span class='ocrx_word' id='word_1_177' title='bbox 475 2236 527 2275; x_wconf 84' lang='lat'>68</span> <span class='ocrx_word' id='word_1_178' title='bbox 549 2234 595 2272; x_wconf 81' lang='lat' dir='ltr'>de</span> <span class='ocrx_word' id='word_1_179' title='bbox 615 2237 679 2273; x_wconf 91' lang='lat' dir='ltr'>lite</span> <span class='ocrx_word' id='word_1_180' title='bbox 698 2236 842 2273; x_wconf 83' lang='lat' dir='ltr'>intelli-</span> 
     </span>
     <span class='ocr_line' id='line_1_35' title="bbox 185 2288 840 2343; baseline 0.006 -19"><span class='ocrx_word' id='word_1_181' title='bbox 185 2288 367 2338; x_wconf 85' lang='lat' dir='ltr'>gendum,</span> <span class='ocrx_word' id='word_1_182' title='bbox 388 2303 485 2342; x_wconf 86' lang='lat' dir='ltr'>quae</span> <span class='ocrx_word' id='word_1_183' title='bbox 498 2290 543 2327; x_wconf 86' lang='lat' dir='ltr'>de</span> <span class='ocrx_word' id='word_1_184' title='bbox 554 2293 722 2342; x_wconf 81' lang='lat' dir='ltr'>legitima</span> <span class='ocrx_word' id='word_1_185' title='bbox 742 2294 840 2343; x_wconf 82' lang='lat' dir='ltr'>regis</span> 
     </span>
     <span class='ocr_line' id='line_1_36' title="bbox 185 2346 840 2401; baseline 0.009 -21"><span class='ocrx_word' id='word_1_186' title='bbox 185 2346 298 2395; x_wconf 81' lang='lat' dir='ltr'>stirpe</span> <span class='ocrx_word' id='word_1_187' title='bbox 319 2347 453 2396; x_wconf 77' lang='lat' dir='ltr'>agitur.</span> <span class='ocrx_word' id='word_1_188' title='bbox 519 2350 619 2385; x_wconf 84' lang='lat' dir='ltr'>Nam</span> <span class='ocrx_word' id='word_1_189' title='bbox 646 2352 711 2388; x_wconf 93' lang='lat' dir='ltr'>lite</span> <span class='ocrx_word' id='word_1_190' title='bbox 751 2363 840 2401; x_wconf 86' lang='lat' dir='ltr'>per-</span> 
     </span>
     <span class='ocr_line' id='line_1_37' title="bbox 188 2406 839 2456; baseline 0.011 -20"><span class='ocrx_word' id='word_1_191' title='bbox 188 2408 271 2437; x_wconf 84' lang='lat' dir='ltr'>acta</span> <span class='ocrx_word' id='word_1_192' title='bbox 303 2409 339 2438; x_wconf 87' lang='lat' dir='ltr'>et</span> <span class='ocrx_word' id='word_1_193' title='bbox 357 2416 468 2440; x_wconf 82' lang='lat' dir='ltr'>causa</span> <span class='ocrx_word' id='word_1_194' title='bbox 484 2414 669 2456; x_wconf 82' lang='lat' dir='ltr'>perorata,</span> <span class='ocrx_word' id='word_1_195' title='bbox 690 2420 748 2444; x_wconf 87' lang='lat' dir='ltr'>res</span> <span class='ocrx_word' id='word_1_196' title='bbox 769 2406 839 2443; x_wconf 88' lang='lat' dir='ltr'>de—</span> 
     </span>
     <span class='ocr_line' id='line_1_38' title="bbox 177 2458 839 2514; baseline 0.011 -22"><span class='ocrx_word' id='word_1_197' title='bbox 177 2470 297 2493; x_wconf 88' lang='lat' dir='ltr'>.mum</span> <span class='ocrx_word' id='word_1_198' title='bbox 336 2458 581 2498; x_wconf 82' lang='lat' dir='ltr'>discernenda</span> <span class='ocrx_word' id='word_1_199' title='bbox 621 2463 669 2501; x_wconf 86' lang='lat' dir='ltr'>ad</span> <span class='ocrx_word' id='word_1_200' title='bbox 698 2463 839 2514; x_wconf 54' lang='lat' dir='ltr'>‘populi</span> 
     </span>
     <span class='ocr_line' id='line_1_39' title="bbox 188 2515 839 2567; baseline 0.014 -18"><span class='ocrx_word' id='word_1_201' title='bbox 188 2515 411 2552; x_wconf 85' lang='lat' dir='ltr'>concionem</span> <span class='ocrx_word' id='word_1_202' title='bbox 430 2517 572 2566; x_wconf 88' lang='lat' dir='ltr'>perlata</span> <span class='ocrx_word' id='word_1_203' title='bbox 583 2526 648 2567; x_wconf 84' lang='lat' dir='ltr'>est,</span> <span class='ocrx_word' id='word_1_204' title='bbox 669 2521 735 2556; x_wconf 89' lang='lat' dir='ltr'>ubi</span> <span class='ocrx_word' id='word_1_205' title='bbox 751 2533 839 2557; x_wconf 87' lang='lat' dir='ltr'>ora-</span> 
     </span>
     <span class='ocr_line' id='line_1_40' title="bbox 189 2571 842 2623; baseline 0.011 -17"><span class='ocrx_word' id='word_1_206' title='bbox 189 2571 318 2607; x_wconf 83' lang='lat' dir='ltr'>culum</span> <span class='ocrx_word' id='word_1_207' title='bbox 338 2573 482 2608; x_wconf 88' lang='lat' dir='ltr'>consuli</span> <span class='ocrx_word' id='word_1_208' title='bbox 507 2574 648 2623; x_wconf 81' lang='lat' dir='ltr'>placuit</span> <span class='ocrx_word' id='word_1_209' title='bbox 666 2577 842 2613; x_wconf 83' lang='lat' dir='ltr'>multitu-</span> 
     </span>
     <span class='ocr_line' id='line_1_41' title="bbox 192 2625 843 2669; baseline 0.011 -7"><span class='ocrx_word' id='word_1_210' title='bbox 192 2625 283 2663; x_wconf 86' lang='lat' dir='ltr'>dini.</span> <span class='ocrx_word' id='word_1_211' title='bbox 332 2628 442 2664; x_wconf 86' lang='lat' dir='ltr'>Conf.</span> <span class='ocrx_word' id='word_1_212' title='bbox 463 2630 504 2665; x_wconf 87' lang='lat' dir='ltr'>C.</span> <span class='ocrx_word' id='word_1_213' title='bbox 526 2630 571 2667; x_wconf 88' lang='lat' dir='ltr'>O.</span> <span class='ocrx_word' id='word_1_214' title='bbox 591 2632 739 2669; x_wconf 69' lang='lat' dir='ltr'>Muller.</span> <span class='ocrx_word' id='word_1_215' title='bbox 751 2634 843 2669; x_wconf 86' lang='lat' dir='ltr'>Dor.</span> 
     </span>
     <span class='ocr_line' id='line_1_42' title="bbox 183 2683 843 2748; baseline 0.009 -28"><span class='ocrx_word' id='word_1_216' title='bbox 183 2683 287 2748; x_wconf 55' lang='lat' dir='ltr'>ll’p.</span> <span class='ocrx_word' id='word_1_217' title='bbox 310 2685 375 2724; x_wconf 88' lang='lat'>88.</span> <span class='ocrx_word' id='word_1_218' title='bbox 393 2706 449 2712; x_wconf 91' lang='lat'>—</span> <span class='ocrx_word' id='word_1_219' title='bbox 482 2687 558 2723; x_wconf 85' lang='lat' dir='ltr'>Pro</span> <span class='ocrx_word' id='word_1_220' title='bbox 579 2683 728 2727; x_wconf 75' lang='grc' dir='ltr'><strong><em>αὐτέων</em></strong></span> <span class='ocrx_word' id='word_1_221' title='bbox 756 2688 843 2725; x_wconf 85' lang='lat' dir='ltr'>dedi</span> 
     </span>
    </p>
   </div>
   <div class='ocr_carea' id='block_1_11' title="bbox 193 2742 337 2778">
    <p class='ocr_par' dir='ltr' id='par_1_13' title="bbox 193 2742 337 2778">
     <span class='ocr_line' id='line_1_43' title="bbox 193 2742 337 2778; baseline -0.007 -1"><span class='ocrx_word' id='word_1_222' title='bbox 193 2742 337 2778; x_wconf 82' lang='grc' dir='ltr'><strong><em>αυτῶν.</em></strong></span> 
     </span>
    </p>
   </div>
   <div class='ocr_carea' id='block_1_12' title="bbox 185 2790 846 2852">
    <p class='ocr_par' dir='ltr' id='par_1_14' title="bbox 185 2790 846 2852">
     <span class='ocr_line' id='line_1_44' title="bbox 185 2790 846 2852; baseline 0.003 -16"><span class='ocrx_word' id='word_1_223' title='bbox 185 2823 192 2825; x_wconf 30' lang='lat'>⁷-</span> <span class='ocrx_word' id='word_1_224' title='bbox 247 2790 468 2838; x_wconf 81' lang='grc' dir='ltr'><strong><em>Ἀνωΐστου</em></strong></span> <span class='ocrx_word' id='word_1_225' title='bbox 486 2796 529 2839; x_wconf 80' lang='grc' dir='ltr'>δὲ</span> <span class='ocrx_word' id='word_1_226' title='bbox 553 2797 789 2852; x_wconf 75' lang='grc' dir='ltr'><strong><em>γενομένου]</em></strong></span> <span class='ocrx_word' id='word_1_227' title='bbox 817 2801 846 2839; x_wconf 89' lang='lat' dir='ltr'>i.</span> 
     </span>
    </p>
   </div>
   <div class='ocr_carea' id='block_1_13' title="bbox 890 1378 1555 2850">
    <p class='ocr_par' dir='ltr' id='par_1_15' title="bbox 890 1378 1552 2611">
     <span class='ocr_line' id='line_1_45' title="bbox 890 1378 1550 1434; baseline -0.006 -14"><span class='ocrx_word' id='word_1_228' title='bbox 890 1395 924 1420; x_wconf 91' lang='lat' dir='ltr'>e.</span> <span class='ocrx_word' id='word_1_229' title='bbox 956 1395 1061 1434; x_wconf 77' lang='lat' dir='ltr'>quum</span> <span class='ocrx_word' id='word_1_230' title='bbox 1092 1381 1292 1420; x_wconf 73' lang='lat' dir='ltr'>Cleomenis·</span> <span class='ocrx_word' id='word_1_231' title='bbox 1308 1378 1413 1431; x_wconf 64' lang='lat' dir='ltr'>operti</span> <span class='ocrx_word' id='word_1_232' title='bbox 1444 1383 1550 1429; x_wconf 76' lang='lat' dir='ltr'>atque</span> 
     </span>
     <span class='ocr_line' id='line_1_46' title="bbox 890 1438 1549 1489; baseline -0.008 -12"><span class='ocrx_word' id='word_1_233' title='bbox 890 1440 1070 1477; x_wconf 73' lang='lat' dir='ltr'>industria</span> <span class='ocrx_word' id='word_1_234' title='bbox 1102 1453 1155 1476; x_wconf 65' lang='lat' dir='ltr'>res</span> <span class='ocrx_word' id='word_1_235' title='bbox 1188 1439 1237 1475; x_wconf 81' lang='lat' dir='ltr'>ad</span> <span class='ocrx_word' id='word_1_236' title='bbox 1275 1438 1444 1489; x_wconf 67' lang='lat' dir='ltr'>Pythiam</span> <span class='ocrx_word' id='word_1_237' title='bbox 1463 1439 1549 1473; x_wconf 76' lang='lat' dir='ltr'>esset</span> 
     </span>
     <span class='ocr_line' id='line_1_47' title="bbox 892 1497 1550 1544; baseline -0.006 -11"><span class='ocrx_word' id='word_1_238' title='bbox 892 1497 1037 1543; x_wconf 70' lang='lat' dir='ltr'>delata,</span> <span class='ocrx_word' id='word_1_239' title='bbox 1081 1503 1122 1532; x_wconf 91' lang='lat' dir='ltr'>ut</span> <span class='ocrx_word' id='word_1_240' title='bbox 1153 1503 1253 1532; x_wconf 86' lang='lat' dir='ltr'>recte</span> <span class='ocrx_word' id='word_1_241' title='bbox 1281 1497 1550 1544; x_wconf 80' lang='lat' dir='ltr'>interpretatur</span> 
     </span>
     <span class='ocr_line' id='line_1_48' title="bbox 891 1550 1550 1603; baseline -0.008 -13"><span class='ocrx_word' id='word_1_242' title='bbox 891 1552 1076 1590; x_wconf 77' lang='lat' dir='ltr'>Valckeu.</span> <span class='ocrx_word' id='word_1_243' title='bbox 1098 1552 1147 1589; x_wconf 85' lang='lat' dir='ltr'>ad</span> <span class='ocrx_word' id='word_1_244' title='bbox 1166 1554 1195 1599; x_wconf 86' lang='lat' dir='ltr'>I,</span> <span class='ocrx_word' id='word_1_245' title='bbox 1220 1552 1311 1600; x_wconf 75' lang='lat'><strong>1:58,</strong></span> <span class='ocrx_word' id='word_1_246' title='bbox 1333 1553 1420 1603; x_wconf 79' lang='lat' dir='ltr'>qui,</span> <span class='ocrx_word' id='word_1_247' title='bbox 1451 1552 1480 1587; x_wconf 89' lang='lat' dir='ltr'>si</span> <span class='ocrx_word' id='word_1_248' title='bbox 1499 1550 1550 1585; x_wconf 78' lang='lat' dir='ltr'>li-</span> 
     </span>
     <span class='ocr_line' id='line_1_49' title="bbox 890 1603 1550 1659; baseline -0.005 -13"><span class='ocrx_word' id='word_1_249' title='bbox 890 1611 949 1646; x_wconf 88' lang='lat' dir='ltr'>bri</span> <span class='ocrx_word' id='word_1_250' title='bbox 987 1611 1115 1659; x_wconf 85' lang='lat' dir='ltr'>scripti</span> <span class='ocrx_word' id='word_1_251' title='bbox 1145 1608 1299 1655; x_wconf 78' lang='lat' dir='ltr'>darent,</span> <span class='ocrx_word' id='word_1_252' title='bbox 1333 1622 1401 1659; x_wconf 87' lang='lat' dir='ltr'>pro</span> <span class='ocrx_word' id='word_1_253' title='bbox 1424 1603 1550 1645; x_wconf 80' lang='grc' dir='ltr'><strong><em>οἷνωΐ-</em></strong></span> 
     </span>
     <span class='ocr_line' id='line_1_50' title="bbox 892 1660 1550 1717; baseline -0.006 -12"><span class='ocrx_word' id='word_1_254' title='bbox 892 1678 986 1705; x_wconf 87' lang='grc' dir='ltr'><strong><em>στου</em></strong></span> <span class='ocrx_word' id='word_1_255' title='bbox 1017 1667 1151 1717; x_wconf 88' lang='lat' dir='ltr'>reponi</span> <span class='ocrx_word' id='word_1_256' title='bbox 1185 1666 1317 1702; x_wconf 82' lang='lat' dir='ltr'>mallet</span> <span class='ocrx_word' id='word_1_257' title='bbox 1347 1660 1550 1710; x_wconf 80' lang='grc' dir='ltr'><strong><em>οἷνοιστοῦ,</em></strong></span> 
     </span>
     <span class='ocr_line' id='line_1_51' title="bbox 893 1717 1550 1774; baseline -0.008 -14"><span class='ocrx_word' id='word_1_258' title='bbox 893 1722 1205 1774; x_wconf 82' lang='lat' dir='ltr'>quandoquidem</span> <span class='ocrx_word' id='word_1_259' title='bbox 1231 1717 1424 1768; x_wconf 80' lang='grc' dir='ltr'><strong><em>α’ντόϊστος</em></strong></span> <span class='ocrx_word' id='word_1_260' title='bbox 1445 1720 1550 1758; x_wconf 86' lang='lat' dir='ltr'>idem</span> 
     </span>
     <span class='ocr_line' id='line_1_52' title="bbox 892 1775 1550 1830; baseline 0.002 -14"><span class='ocrx_word' id='word_1_261' title='bbox 892 1781 972 1816; x_wconf 76' lang='lat' dir='ltr'>fere</span> <span class='ocrx_word' id='word_1_262' title='bbox 992 1781 1115 1816; x_wconf 79' lang='lat' dir='ltr'>valeat</span> <span class='ocrx_word' id='word_1_263' title='bbox 1147 1787 1260 1830; x_wconf 79' lang='lat' dir='ltr'>atque</span> <span class='ocrx_word' id='word_1_264' title='bbox 1290 1775 1486 1825; x_wconf 74' lang='grc' dir='ltr'><strong><em>ἆνοιστός,</em></strong></span> <span class='ocrx_word' id='word_1_265' title='bbox 1528 1789 1550 1812; x_wconf 82' lang='lat' dir='ltr'>a</span> 
     </span>
     <span class='ocr_line' id='line_1_53' title="bbox 893 1830 1552 1885; baseline 0.002 -13"><span class='ocrx_word' id='word_1_266' title='bbox 893 1837 1009 1873; x_wconf 82' lang='lat' dir='ltr'>verbo</span> <span class='ocrx_word' id='word_1_267' title='bbox 1032 1832 1183 1875; x_wconf 86' lang='grc' dir='ltr'><strong><em>α’νοίσω</em></strong></span> <span class='ocrx_word' id='word_1_268' title='bbox 1199 1850 1228 1872; x_wconf 78' lang='grc'>5.</span> <span class='ocrx_word' id='word_1_269' title='bbox 1249 1830 1451 1885; x_wconf 72' lang='grc' dir='ltr'><strong><em>εἷναφέρω.</em></strong></span> <span class='ocrx_word' id='word_1_270' title='bbox 1493 1834 1552 1870; x_wconf 83' lang='lat' dir='ltr'>Cf·</span> 
     </span>
     <span class='ocr_line' id='line_1_54' title="bbox 893 1891 1549 1940; baseline -0.002 -11"><span class='ocrx_word' id='word_1_271' title='bbox 893 1894 974 1940; x_wconf 87' lang='lat' dir='ltr'>VII,</span> <span class='ocrx_word' id='word_1_272' title='bbox 1006 1892 1084 1933; x_wconf 80' lang='lat'>149</span> <span class='ocrx_word' id='word_1_273' title='bbox 1116 1899 1152 1928; x_wconf 90' lang='lat' dir='ltr'>et</span> <span class='ocrx_word' id='word_1_274' title='bbox 1180 1891 1314 1930; x_wconf 75' lang='lat' dir='ltr'>Matth.</span> <span class='ocrx_word' id='word_1_275' title='bbox 1337 1893 1401 1929; x_wconf 86' lang='lat' dir='ltr'>Gr.</span> <span class='ocrx_word' id='word_1_276' title='bbox 1426 1892 1490 1927; x_wconf 88' lang='lat' dir='ltr'>Gr.</span> <span class='ocrx_word' id='word_1_277' title='bbox 1511 1904 1549 1940; x_wconf 89' lang='lat' dir='ltr'>p.</span> 
     </span>
     <span class='ocr_line' id='line_1_55' title="bbox 892 1946 1552 1999; baseline -0.003 -13"><span class='ocrx_word' id='word_1_278' title='bbox 892 1949 989 1990; x_wconf 76' lang='grc'>494.</span> <span class='ocrx_word' id='word_1_279' title='bbox 1059 1950 1159 1985; x_wconf 87' lang='lat' dir='ltr'>Hinc</span> <span class='ocrx_word' id='word_1_280' title='bbox 1200 1955 1301 1984; x_wconf 81' lang='lat' dir='ltr'>recte</span> <span class='ocrx_word' id='word_1_281' title='bbox 1339 1946 1552 1999; x_wconf 74' lang='lat' dir='ltr'>Hesychius</span> 
     </span>
     <span class='ocr_line' id='line_1_56' title="bbox 892 1999 1552 2056; baseline -0.005 -11"><span class='ocrx_word' id='word_1_282' title='bbox 892 2008 910 2043; x_wconf 95' lang='lat' dir='ltr'>I</span> <span class='ocrx_word' id='word_1_283' title='bbox 930 2020 968 2056; x_wconf 83' lang='lat' dir='ltr'>p-</span> <span class='ocrx_word' id='word_1_284' title='bbox 991 2005 1072 2047; x_wconf 79' lang='lat'>385</span> <span class='ocrx_word' id='word_1_285' title='bbox 1095 2013 1130 2042; x_wconf 85' lang='lat' dir='ltr'>et</span> <span class='ocrx_word' id='word_1_286' title='bbox 1150 2007 1229 2046; x_wconf 78' lang='lat'>387</span> <span class='ocrx_word' id='word_1_287' title='bbox 1252 2000 1421 2044; x_wconf 80' lang='grc' dir='ltr'><strong><em>α’νοίσει·</em></strong></span> <span class='ocrx_word' id='word_1_288' title='bbox 1453 1999 1552 2043; x_wconf 80' lang='grc' dir='ltr'><strong><em>α’να-</em></strong></span> 
     </span>
     <span class='ocr_line' id='line_1_57' title="bbox 895 2057 1548 2112; baseline -0.006 -10"><span class='ocrx_word' id='word_1_289' title='bbox 895 2063 1009 2112; x_wconf 80' lang='grc' dir='ltr'><strong><em>φέρει</em></strong></span> <span class='ocrx_word' id='word_1_290' title='bbox 1041 2069 1077 2099; x_wconf 85' lang='lat' dir='ltr'>et</span> <span class='ocrx_word' id='word_1_291' title='bbox 1104 2057 1294 2101; x_wconf 78' lang='grc' dir='ltr'><strong><em>Ἀνοίσω·</em></strong></span> <span class='ocrx_word' id='word_1_292' title='bbox 1343 2057 1548 2110; x_wconf 79' lang='grc' dir='ltr'><strong><em>α’ναφέρω.</em></strong></span> 
     </span>
     <span class='ocr_line' id='line_1_58' title="bbox 893 2114 1548 2169; baseline 0 -13"><span class='ocrx_word' id='word_1_293' title='bbox 893 2118 994 2156; x_wconf 85' lang='lat' dir='ltr'>Add.</span> <span class='ocrx_word' id='word_1_294' title='bbox 1025 2118 1197 2156; x_wconf 80' lang='lat' dir='ltr'>Eustath.</span> <span class='ocrx_word' id='word_1_295' title='bbox 1234 2118 1282 2155; x_wconf 82' lang='lat' dir='ltr'>ad</span> <span class='ocrx_word' id='word_1_296' title='bbox 1303 2118 1436 2169; x_wconf 80' lang='lat' dir='ltr'>Odyss.</span> <span class='ocrx_word' id='word_1_297' title='bbox 1464 2114 1489 2157; x_wconf 83' lang='grc' dir='ltr'><strong><em>ν’</em></strong></span> <span class='ocrx_word' id='word_1_298' title='bbox 1509 2131 1548 2168; x_wconf 89' lang='lat' dir='ltr'>p.</span> 
     </span>
     <span class='ocr_line' id='line_1_59' title="bbox 899 2177 1550 2223; baseline -0.002 -7"><span class='ocrx_word' id='word_1_299' title='bbox 899 2178 1004 2217; x_wconf 82' lang='lat'>1887</span> <span class='ocrx_word' id='word_1_300' title='bbox 1035 2177 1099 2212; x_wconf 85' lang='lat' dir='ltr'>fin.</span> <span class='ocrx_word' id='word_1_301' title='bbox 1129 2189 1158 2212; x_wconf 78' lang='lat' dir='ltr'>S.</span> <span class='ocrx_word' id='word_1_302' title='bbox 1186 2177 1280 2223; x_wconf 80' lang='lat'>728,</span> <span class='ocrx_word' id='word_1_303' title='bbox 1302 2178 1368 2215; x_wconf 73' lang='lat'>32·</span> <span class='ocrx_word' id='word_1_304' title='bbox 1390 2197 1442 2202; x_wconf 90' lang='lat'>-·</span> <span class='ocrx_word' id='word_1_305' title='bbox 1491 2177 1550 2211; x_wconf 74' lang='lat' dir='ltr'>De</span> 
     </span>
     <span class='ocr_line' id='line_1_60' title="bbox 893 2231 1549 2283; baseline -0.003 -14"><span class='ocrx_word' id='word_1_306' title='bbox 893 2235 1075 2283; x_wconf 75' lang='lat' dir='ltr'>improviso</span> <span class='ocrx_word' id='word_1_307' title='bbox 1104 2239 1140 2269; x_wconf 89' lang='lat' dir='ltr'>et</span> <span class='ocrx_word' id='word_1_308' title='bbox 1178 2234 1351 2281; x_wconf 79' lang='lat' dir='ltr'>insperato</span> <span class='ocrx_word' id='word_1_309' title='bbox 1387 2231 1549 2269; x_wconf 81' lang='lat' dir='ltr'>eandem</span> 
     </span>
     <span class='ocr_line' id='line_1_61' title="bbox 894 2290 1550 2341; baseline -0.003 -15"><span class='ocrx_word' id='word_1_310' title='bbox 894 2303 1029 2327; x_wconf 81' lang='lat' dir='ltr'>vocem</span> <span class='ocrx_word' id='word_1_311' title='bbox 1049 2290 1141 2341; x_wconf 86' lang='lat' dir='ltr'>poni</span> <span class='ocrx_word' id='word_1_312' title='bbox 1168 2290 1400 2338; x_wconf 81' lang='lat' dir='ltr'>Wesseling.</span> <span class='ocrx_word' id='word_1_313' title='bbox 1428 2302 1550 2325; x_wconf 75' lang='lat' dir='ltr'>anno-</span> 
     </span>
     <span class='ocr_line' id='line_1_62' title="bbox 894 2345 1550 2396; baseline -0.002 -13"><span class='ocrx_word' id='word_1_314' title='bbox 894 2354 947 2383; x_wconf 82' lang='lat' dir='ltr'>tat</span> <span class='ocrx_word' id='word_1_315' title='bbox 968 2348 1085 2384; x_wconf 79' lang='lat' dir='ltr'>citans</span> <span class='ocrx_word' id='word_1_316' title='bbox 1104 2347 1235 2396; x_wconf 81' lang='lat' dir='ltr'>Epigr.</span> <span class='ocrx_word' id='word_1_317' title='bbox 1264 2345 1421 2383; x_wconf 84' lang='lat' dir='ltr'>Anthol.</span> <span class='ocrx_word' id='word_1_318' title='bbox 1442 2347 1471 2393; x_wconf 77' lang='grc' dir='ltr'>Ι,</span> <span class='ocrx_word' id='word_1_319' title='bbox 1496 2348 1550 2386; x_wconf 89' lang='lat'>80</span> 
     </span>
     <span class='ocr_line' id='line_1_63' title="bbox 894 2395 1551 2454; baseline -0.002 -15"><span class='ocrx_word' id='word_1_320' title='bbox 894 2417 982 2454; x_wconf 76' lang='lat' dir='ltr'>pag.</span> <span class='ocrx_word' id='word_1_321' title='bbox 1006 2407 1097 2444; x_wconf 77' lang='lat'>162.</span> <span class='ocrx_word' id='word_1_322' title='bbox 1126 2403 1304 2453; x_wconf 80' lang='lat' dir='ltr'>Aponon.</span> <span class='ocrx_word' id='word_1_323' title='bbox 1338 2395 1463 2439; x_wconf 64' lang='lat' dir='ltr'>Rima,</span> <span class='ocrx_word' id='word_1_324' title='bbox 1484 2402 1551 2449; x_wconf 86' lang='lat'>111,</span> 
     </span>
     <span class='ocr_line' id='line_1_64' title="bbox 895 2458 1551 2506; baseline -0.008 -6"><span class='ocrx_word' id='word_1_325' title='bbox 895 2463 990 2501; x_wconf 84' lang='lat'>670.</span> <span class='ocrx_word' id='word_1_326' title='bbox 1011 2463 1104 2506; x_wconf 79' lang='lat'>799,</span> <span class='ocrx_word' id='word_1_327' title='bbox 1135 2467 1171 2496; x_wconf 85' lang='lat' dir='ltr'>et</span> <span class='ocrx_word' id='word_1_328' title='bbox 1191 2462 1231 2495; x_wconf 89' lang='lat' dir='ltr'>in</span> <span class='ocrx_word' id='word_1_329' title='bbox 1251 2458 1458 2496; x_wconf 84' lang='lat' dir='ltr'>Herodotei</span> <span class='ocrx_word' id='word_1_330' title='bbox 1476 2459 1551 2505; x_wconf 69' lang='lat' dir='ltr'>leci</span> 
     </span>
     <span class='ocr_line' id='line_1_65' title="bbox 892 2515 1551 2568; baseline 0.002 -16"><span class='ocrx_word' id='word_1_331' title='bbox 892 2515 1475 2568; x_wconf 76' lang='lat' dir='ltr'>interpretatioueValckenaerio</span> <span class='ocrx_word' id='word_1_332' title='bbox 1486 2529 1551 2553; x_wconf 77' lang='lat' dir='ltr'>ac-</span> 
     </span>
     <span class='ocr_line' id='line_1_66' title="bbox 894 2573 1046 2611; baseline -0.007 0"><span class='ocrx_word' id='word_1_333' title='bbox 894 2573 1046 2611; x_wconf 85' lang='lat' dir='ltr'>cedens.</span> 
     </span>
    </p>

    <p class='ocr_par' dir='ltr' id='par_1_16' title="bbox 898 2627 1555 2850">
     <span class='ocr_line' id='line_1_67' title="bbox 951 2627 1551 2681; baseline -0.008 -12"><span class='ocrx_word' id='word_1_334' title='bbox 951 2627 1255 2681; x_wconf 81' lang='grc' dir='ltr'><strong><em>προσποιέεται]</em></strong></span> <span class='ocrx_word' id='word_1_335' title='bbox 1286 2630 1312 2668; x_wconf 88' lang='lat' dir='ltr'>i.</span> <span class='ocrx_word' id='word_1_336' title='bbox 1331 2643 1364 2666; x_wconf 90' lang='lat' dir='ltr'>e.</span> <span class='ocrx_word' id='word_1_337' title='bbox 1388 2630 1457 2666; x_wconf 77' lang='lat' dir='ltr'>sibi</span> <span class='ocrx_word' id='word_1_338' title='bbox 1471 2640 1551 2664; x_wconf 82' lang='lat' dir='ltr'><em>con-</em></span> 
     </span>
     <span class='ocr_line' id='line_1_68' title="bbox 898 2684 1551 2735; baseline -0.002 -12"><span class='ocrx_word' id='word_1_339' title='bbox 898 2686 1021 2734; x_wconf 74' lang='lat' dir='ltr'>ciliat,</span> <span class='ocrx_word' id='word_1_340' title='bbox 1051 2688 1088 2724; x_wconf 83' lang='lat' dir='ltr'>in</span> <span class='ocrx_word' id='word_1_341' title='bbox 1114 2691 1235 2735; x_wconf 77' lang='lat' dir='ltr'>partes</span> <span class='ocrx_word' id='word_1_342' title='bbox 1265 2700 1349 2723; x_wconf 81' lang='lat' dir='ltr'>suas</span> <span class='ocrx_word' id='word_1_343' title='bbox 1361 2684 1551 2735; x_wconf 75' lang='lat' dir='ltr'>pertrahit.</span> 
     </span>
     <span class='ocr_line' id='line_1_69' title="bbox 898 2738 1555 2794; baseline -0.008 -14"><span class='ocrx_word' id='word_1_344' title='bbox 898 2743 1008 2780; x_wconf 86' lang='lat' dir='ltr'>Conf.</span> <span class='ocrx_word' id='word_1_345' title='bbox 1028 2743 1074 2790; x_wconf 88' lang='lat' dir='ltr'>V,</span> <span class='ocrx_word' id='word_1_346' title='bbox 1095 2746 1146 2783; x_wconf 88' lang='lat'>71</span> <span class='ocrx_word' id='word_1_347' title='bbox 1181 2750 1218 2780; x_wconf 89' lang='lat' dir='ltr'>et</span> <span class='ocrx_word' id='word_1_348' title='bbox 1246 2755 1343 2794; x_wconf 86' lang='lat' dir='ltr'>quae</span> <span class='ocrx_word' id='word_1_349' title='bbox 1365 2741 1403 2778; x_wconf 89' lang='lat' dir='ltr'>h.</span> <span class='ocrx_word' id='word_1_350' title='bbox 1429 2743 1454 2777; x_wconf 93' lang='lat' dir='ltr'>l.</span> <span class='ocrx_word' id='word_1_351' title='bbox 1484 2738 1555 2775; x_wconf 88' lang='lat' dir='ltr'>ad-</span> 
     </span>
     <span class='ocr_line' id='line_1_70' title="bbox 900 2795 1554 2850; baseline 0 -13"><span class='ocrx_word' id='word_1_352' title='bbox 900 2799 955 2838; x_wconf 87' lang='lat' dir='ltr'>dit</span> <span class='ocrx_word' id='word_1_353' title='bbox 980 2798 1165 2838; x_wconf 76' lang='lat' dir='ltr'>Valcken.</span> <span class='ocrx_word' id='word_1_354' title='bbox 1195 2796 1416 2850; x_wconf 82' lang='lat' dir='ltr'>Thucydid.</span> <span class='ocrx_word' id='word_1_355' title='bbox 1448 2797 1478 2845; x_wconf 87' lang='grc' dir='ltr'>Ι,</span> <span class='ocrx_word' id='word_1_356' title='bbox 1500 2795 1554 2837; x_wconf 86' lang='grc'>57</span> 
     </span>
    </p>
   </div>
   <div class='ocr_carea' id='block_1_14' title="bbox 1544 548 1825 982">
    <p class='ocr_par' dir='ltr' id='par_1_17' title="bbox 1544 548 1825 679">
     <span class='ocr_line' id='line_1_71' title="bbox 1548 548 1820 576; baseline -0.011 0"><span class='ocrx_word' id='word_1_357' title='bbox 1548 549 1596 576; x_wconf 82' lang='lat' dir='ltr'>Re</span> <span class='ocrx_word' id='word_1_358' title='bbox 1610 548 1648 575; x_wconf 80' lang='lat' dir='ltr'>nd</span> <span class='ocrx_word' id='word_1_359' title='bbox 1666 548 1820 575; x_wconf 71' lang='lat' dir='ltr'>oracnhim</span> 
     </span>
     <span class='ocr_line' id='line_1_72' title="bbox 1544 583 1825 618; baseline -0.014 -7"><span class='ocrx_word' id='word_1_360' title='bbox 1544 583 1721 618; x_wconf 76' lang='lat' dir='ltr'>Delphicum</span> <span class='ocrx_word' id='word_1_361' title='bbox 1745 583 1825 609; x_wconf 73' lang='lat' dir='ltr'>roie—</span> 
     </span>
     <span class='ocr_line' id='line_1_73' title="bbox 1547 617 1825 650; baseline -0.018 -5"><span class='ocrx_word' id='word_1_362' title='bbox 1547 624 1606 650; x_wconf 77' lang='lat' dir='ltr'>cta,</span> <span class='ocrx_word' id='word_1_363' title='bbox 1628 617 1750 650; x_wconf 69' lang='lat' dir='ltr'>l&#39;ythia‚</span> <span class='ocrx_word' id='word_1_364' title='bbox 1770 623 1825 641; x_wconf 71' lang='lat' dir='ltr'>cu-</span> 
     </span>
     <span class='ocr_line' id='line_1_74' title="bbox 1546 650 1794 679; baseline -0.02 0"><span class='ocrx_word' id='word_1_365' title='bbox 1546 653 1593 679; x_wconf 80' lang='lat' dir='ltr'>ius</span> <span class='ocrx_word' id='word_1_366' title='bbox 1613 651 1669 677; x_wconf 72' lang='lat' dir='ltr'>sibi</span> <span class='ocrx_word' id='word_1_367' title='bbox 1693 650 1794 675; x_wconf 76' lang='lat' dir='ltr'>xolun-</span> 
     </span>
    </p>

    <p class='ocr_par' dir='ltr' id='par_1_18' title="bbox 1544 685 1825 920">
     <span class='ocr_line' id='line_1_75' title="bbox 1546 685 1805 713; baseline -0.019 -1"><span class='ocrx_word' id='word_1_368' title='bbox 1546 688 1642 713; x_wconf 77' lang='lat' dir='ltr'>tatem</span> <span class='ocrx_word' id='word_1_369' title='bbox 1667 685 1805 710; x_wconf 66' lang='lat' dir='ltr'>‹th—ume-</span> 
     </span>
     <span class='ocr_line' id='line_1_76' title="bbox 1548 716 1820 746; baseline -0.011 -1"><span class='ocrx_word' id='word_1_370' title='bbox 1548 727 1602 746; x_wconf 74' lang='lat' dir='ltr'>nes</span> <span class='ocrx_word' id='word_1_371' title='bbox 1630 724 1696 745; x_wconf 72' lang='lat' dir='ltr'>astu</span> <span class='ocrx_word' id='word_1_372' title='bbox 1719 716 1820 743; x_wconf 77' lang='lat' dir='ltr'>conci—</span> 
     </span>
     <span class='ocr_line' id='line_1_77' title="bbox 1544 753 1807 786; baseline -0.023 -6"><span class='ocrx_word' id='word_1_373' title='bbox 1544 753 1688 786; x_wconf 71' lang='lat' dir='ltr'>liaverat,</span> <span class='ocrx_word' id='word_1_374' title='bbox 1714 753 1807 784; x_wconf 70' lang='lat' dir='ltr'>Spur-</span> 
     </span>
     <span class='ocr_line' id='line_1_78' title="bbox 1546 786 1629 813; baseline -0.036 0"><span class='ocrx_word' id='word_1_375' title='bbox 1546 786 1629 813; x_wconf 62' lang='lat' dir='ltr'>tanis</span> 
     </span>
     <span class='ocr_line' id='line_1_79' title="bbox 1549 818 1824 855; baseline -0.015 -8"><span class='ocrx_word' id='word_1_376' title='bbox 1549 820 1688 855; x_wconf 75' lang='lat' dir='ltr'>ga1nibus</span> <span class='ocrx_word' id='word_1_377' title='bbox 1714 818 1757 845; x_wconf 86' lang='lat' dir='ltr'>ita</span> <span class='ocrx_word' id='word_1_378' title='bbox 1775 824 1824 843; x_wconf 82' lang='lat' dir='ltr'>ro-</span> 
     </span>
     <span class='ocr_line' id='line_1_80' title="bbox 1550 851 1825 889; baseline -0.018 -9"><span class='ocrx_word' id='word_1_379' title='bbox 1550 854 1691 889; x_wconf 71' lang='lat' dir='ltr'>spondet,</span> <span class='ocrx_word' id='word_1_380' title='bbox 1720 856 1751 878; x_wconf 84' lang='lat' dir='ltr'>ut</span> <span class='ocrx_word' id='word_1_381' title='bbox 1766 851 1825 876; x_wconf 78' lang='lat' dir='ltr'>De-</span> 
     </span>
     <span class='ocr_line' id='line_1_81' title="bbox 1550 885 1794 920; baseline -0.012 -6"><span class='ocrx_word' id='word_1_382' title='bbox 1550 891 1684 914; x_wconf 69' lang='lat' dir='ltr'>maratus</span> <span class='ocrx_word' id='word_1_383' title='bbox 1699 885 1794 920; x_wconf 60' lang='lat' dir='ltr'>‹ligni-</span> 
     </span>
    </p>

    <p class='ocr_par' dir='ltr' id='par_1_19' title="bbox 1547 920 1823 982">
     <span class='ocr_line' id='line_1_82' title="bbox 1550 920 1823 956; baseline -0.004 -8"><span class='ocrx_word' id='word_1_384' title='bbox 1550 925 1616 948; x_wconf 84' lang='lat' dir='ltr'>tate</span> <span class='ocrx_word' id='word_1_385' title='bbox 1632 920 1718 956; x_wconf 78' lang='lat' dir='ltr'>regia</span> <span class='ocrx_word' id='word_1_386' title='bbox 1731 926 1823 947; x_wconf 73' lang='lat' dir='ltr'>exua-</span> 
     </span>
     <span class='ocr_line' id='line_1_83' title="bbox 1547 958 1607 982; baseline -0.017 0"><span class='ocrx_word' id='word_1_387' title='bbox 1547 958 1607 982; x_wconf 77' lang='lat' dir='ltr'>tur.</span> 
     </span>
    </p>
   </div>
   <div class='ocr_carea' id='block_1_15' title="bbox 1659 786 1791 812">
    <p class='ocr_par' dir='ltr' id='par_1_20' title="bbox 1659 786 1791 812">
     <span class='ocr_line' id='line_1_84' title="bbox 1659 786 1791 812; baseline -0.015 0"><span class='ocrx_word' id='word_1_388' title='bbox 1659 786 1791 812; x_wconf 70' lang='lat' dir='ltr'>interro-</span> 
     </span>
    </p>
   </div>
  </div>
 </body>
</html>
