1897 3340
406 228 461 268 12
802 225 1281 270 HERODoTl'

405 337 487 380 εἶσὶ
514 338 618 381 αἵδε.
658 343 771 392 τρεῖς
795 338 874 393 μὲν
898 338 1059 394 ἡμέρας
1085 341 1341 393 προτιθέασι
1369 342 1448 384 τὸν
1475 341 1653 394 νεκρόν·

404 405 478 447 καὶ
498 411 686 448 παντοῖα
710 407 946 460 σφάξαντες
965 405 1109 461 ἰρήϊα,
1135 405 1402 463 εὐωχέονται,
1433 408 1652 461 προκλαύ-

405 484 554 524 σαντες
581 477 776 528 πρώτον·
818 474 988 517 ἔπειταν
1017 475 1062 517 δὲ
1099 473 1316 518 θάπτουσι
1354 477 1651 521 κατακαύσαν-

346 632 377 685 ἦ
406 631 539 683 Νάξος
584 631 892 688 εὐδαιμονίῃ
923 636 1001 673 τῶν

346 687 482 740 νήσων
502 691 707 742 προέφερε.
753 689 853 726 Add.
876 691 919 735 V,
933 693 1000 730 31.

347 749 542 794 81.V111,
573 750 664 787 111.
703 746 856 782 Pindar.
885 745 999 796 Pyth.

346 804 408 849 IV,
438 803 513 844 491
549 801 680 854 (276).
719 824 775 828 —
822 803 999 838 Formam

345 858 630 909 προτιθέασι
670 859 709 894 in
759 871 836 909 seq.
880 859 1000 907 attigit

344 915 478 952 matth.
500 917 564 951 Gr.
586 916 650 951 Gr.
681 927 767 964 pag.
797 915 877 954 396
909 915 995 951 coll.

345 971 512 1008 Grashof
541 973 599 1007 in:
641 969 846 1007 Schulzeit.
890 973 995 1011 1832

345 1041 430 1078 pag.
449 1030 542 1068 972.
574 1028 677 1063 Unus
690 1026 881 1063 Saucrosti
900 1027 996 1062 liber

346 1087 583 1134 προτιθεῖσι.
630 1085 680 1119 At
717 1096 809 1119 mox
848 1095 992 1128 omnes,

345 1147 529 1192 quantum
558 1141 634 1176 scio
652 1169 661 1186 ,
690 1140 817 1189 scripti
836 1139 919 1174 libri
939 1153 994 1176 τι-

341 1201 462 1235 θεῖσι.
520 1195 629 1241 Ouod
659 1197 744 1232 satis
765 1195 993 1232 documento

341 1260 414 1300 est,
448 1254 485 1288 in
507 1253 639 1288 talibus
661 1251 898 1288 Herodotum
917 1252 994 1287 mi-

340 1310 444 1344 nime
471 1309 540 1344 sibi
570 1309 795 1344 constitisse:
836 1314 896 1354 ut,
928 1308 993 1358 qui

336 1364 385 1401 ad
405 1377 521 1400 unam
549 1363 787 1415 eandemque
815 1376 991 1399 normam

337 1422 422 1467 talia
463 1421 614 1470 exigere
642 1420 781 1466 velint,
823 1432 987 1470 magno-

336 1490 423 1527 pere
444 1475 539 1512 mihi
560 1489 682 1515 errare
701 1475 911 1512 videantur.

393 1532 547 1571 ἕπειταν
571 1529 612 1570 δὲ
640 1528 841 1570 θάπτουσι
860 1545 986 1569 κατα-

337 1584 554 1633 καύσαντες
585 1583 612 1636 ἢ
643 1584 769 1633 ἄλλως
801 1589 854 1640 γῇ
889 1583 987 1637 κρύ-

336 1644 502 1692 ψαντες]
516 1645 558 1679 In
580 1642 693 1690 hisce,
705 1650 748 1679 ut
767 1645 845 1679 iam
864 1655 986 1679 anno-

336 1701 427 1736 tavit
450 1700 694 1749 wesseling„
725 1698 986 1735 humationem

336 1757 382 1792 nb
416 1757 561 1805 ignium
596 1757 786 1806 sepultura
806 1757 895 1792 scite
925 1755 985 1792 di-

334 1813 489 1862 stinguit
508 1811 735 1848 Herodotus.
788 1814 886 1848 Nam
898 1825 983 1848 ver-

336 1870 427 1904 bum
446 1863 614 1907 θάπτειν
630 1899 640 1916 ,
671 1867 718 1904 de
738 1881 814 1919 quo
835 1870 985 1918 egregia

335 1932 454 1961 exstat
475 1923 747 1961 Hemsterhusii
774 1926 984 1975 Disputatio

334 1980 381 2017 ad
402 1979 795 2045 Xernoplioiit.l1]plles.
807 1994 894 2031 pag.
905 1982 985 2021 202

332 2050 410 2088 seq.
432 2050 519 2073 cum
539 2038 688 2087 proprie
702 2037 825 2073 valeat
845 2038 982 2073 obruere

333 2093 496 2144 indeque
508 2093 608 2129 humo
634 2105 777 2142 corpora
800 2093 983 2143 defuncto-

333 2162 405 2185 rum
438 2150 597 2196 obruere,
627 2148 791 2196 humare,
832 2149 982 2195 condere,

332 2218 422 2241 mox
450 2206 571 2241 latiori
598 2218 708 2241 sensu
738 2218 893 2242 omnem
914 2218 983 2241 cu-

331 2261 436 2296 randi
458 2262 594 2297 funeris
610 2259 795 2297 honorem
812 2262 983 2311 comple-

331 2319 454 2363 ctitur,
469 2319 519 2353 ita
539 2324 592 2363 ut,
616 2318 680 2368 qui
701 2331 737 2354 v.
752 2331 783 2354 c.
797 2316 981 2353 cadavera

335 2374 602 2424 Aegyptiorum
639 2387 745 2409 more
791 2373 981 2419 condiant,

330 2443 450 2481 aeque
481 2429 653 2466 dicantur
674 2425 846 2468 θάπτειν
867 2437 978 2481 atque

329 2487 366 2531 ii,
395 2487 457 2537 qui
479 2499 570 2536 rogo
592 2488 789 2536 imponant
809 2494 977 2523 mortuos

329 2549 440 2593 atquc
478 2549 739 2579 concrement:
789 2542 891 2579 unde
918 2543 976 2578 vel

328 2596 498 2637 θάπτειν
517 2597 612 2649 πυρὶ
633 2598 768 2635 dicitur
787 2600 832 2634 ab
849 2599 977 2634 Aeliu-

328 2667 376 2690 no
397 2657 441 2691 N.
464 2655 510 2690 Α.
532 2656 581 2699 X,
603 2657 668 2699 22,
690 2657 788 2701 aliis,
827 2658 906 2704 igne
927 2668 979 2691 se-

325 2711 432 2759 peliri
453 2723 472 2746 a
495 2711 605 2747 Floro
621 2712 686 2757 lll,
709 2712 977 2758 21,21,item-

327 2780 400 2817 que
430 2763 599 2806 θάπτειν
627 2766 745 2817 χθονὶ
775 2767 822 2803 ‹le
851 2767 976 2804 imma-

327 2825 417 2860 !ione
446 2824 493 2860 ab
521 2822 692 2874 Euripid.
730 2824 879 2874 Suppli.
913 2827 974 2863 17.

1057 635 1151 671 Cum
1173 635 1286 685 igitur
1304 643 1383 672 tam
1402 637 1476 674 late
1485 644 1629 688 pateret
1637 651 1707 675 vo-

1057 692 1259 738 cabulivis,
1282 705 1436 729 omnem
1451 695 1565 729 ritum
1585 695 1623 730 in
1644 694 1709 730 fu·-

1055 747 1207 783 neribus
1239 748 1442 785 tractandis
1473 763 1707 802 omnemque

1055 809 1294 839 mortuorum
1341 817 1471 840 curam
1522 804 1705 853 iudicans,

1055 859 1198 895 sactum
1229 866 1304 907 est,
1342 867 1385 896 ut
1413 873 1569 910 corpora
1601 860 1706 898 dice-

1050 921 1181 951 rentur
1209 911 1436 954 θᾶπτεσθαι
1450 945 1460 963 ,
1488 916 1645 966 sepeliri,
1664 918 1704 954 in

1051 971 1186 1022 quibus
1205 972 1283 1008 sola
1304 974 1483 1009 crematio
1492 973 1620 1009 locum
1633 973 1705 1010 ha-
1728 982 1733 983 ⁷

1049 1028 1193 1074 buerat,
1215 1027 1381 1064 necdum
1397 1028 1517 1081 (quod
1529 1029 1702 1079 plerum-

1050 1096 1124 1135 que
1164 1086 1436 1121 cremationem
1471 1086 1702 1136 excipiebat)

1048 1141 1215 1177 insecuta
1259 1141 1382 1178 fuerat
1427 1140 1598 1179 humatio
1638 1149 1703 1180 aut

1048 1197 1088 1231 in
1118 1194 1359 1247 hypogaeum
1391 1198 1555 1235 aliumve
1574 1199 1703 1235 locum

1049 1252 1255 1290 condendis
1285 1255 1451 1305 reliquiis
1473 1253 1702 1292 destinatum

1049 1307 1200 1345 delatio.
1238 1309 1323 1346 Vid.
1343 1311 1510 1347 Dorville
1529 1309 1577 1347 ad
1599 1310 1701 1347 Cha-

1047 1366 1107 1401 rit.
1139 1378 1225 1415 pag.
1258 1365 1352 1407 244.
1401 1366 1620 1404 Boissonad.
1651 1366 1699 1404 ad

1046 1419 1262 1458 Philostrat.
1313 1424 1485 1460 Heroicc.
1524 1437 1563 1473 p.
1603 1423 1700 1464 570.

1041 1476 1257 1514 Blomfield.
1283 1478 1322 1513 in
1351 1479 1512 1515 Glossar.
1543 1477 1591 1515 ad
1618 1480 1700 1515 Ae-

1041 1531 1160 1583 schyl.
1183 1534 1224 1570 S.
1247 1546 1279 1569 c.
1300 1532 1378 1570 Th.
1403 1537 1523 1574 1023.
1558 1535 1615 1571 Ac
1635 1548 1698 1571 re—

1042 1595 1100 1625 cte
1121 1589 1265 1625 Plinius
1285 1590 1333 1625 H.
1354 1591 1401 1626 N.
1421 1589 1587 1636 V11,54:
1619 1604 1698 1639 „se-

1035 1644 1159 1694 pultus
1178 1646 1418 1695 intelligitur,
1441 1658 1594 1697 quoquo
1610 1660 1697 1683 mo-

1041 1699 1090 1737 do
1121 1700 1312 1738 conditus:
1330 1702 1492 1739 humatus
1510 1715 1600 1740 vero
1620 1702 1696 1740 hu-

1039 1769 1104 1792 mo
1125 1759 1356 1794 contectus.“
1390 1759 1494 1802 Quae
1513 1760 1543 1795 si
1563 1766 1695 1797 tenea-

1039 1825 1136 1859 mus,
1158 1813 1259 1864 apud
1277 1813 1514 1851 Herodotum
1542 1828 1695 1867 quoque

1039 1870 1291 1919 intelligemus
1326 1871 1484 1907 verbum
1520 1867 1694 1911 θὶπτειν

1039 1938 1148 1961 sensu
1171 1927 1312 1973 latiori,
1343 1940 1419 1978 quo
1453 1927 1501 1964 ad
1522 1930 1692 1980 quamvis

1039 1989 1278 2018 mortuorum
1326 1996 1456 2020 curam
1513 1986 1689 2035 pertinet,

1036 2037 1121 2080 dici,
1134 2039 1306 2090 beneque
1327 2039 1414 2076 addi
1443 2053 1463 2076 a
1494 2047 1599 2091 patre
1627 2039 1691 2078 hi—

1035 2096 1170 2130 storiae
1198 2096 1310 2131 verba
1332 2097 1489 2132 minime
1508 2110 1690 2147 superva-

1037 2163 1126 2196 cua,
1176 2152 1241 2188 sed
1283 2151 1330 2188 ad
1357 2154 1563 2190 accuratius
1593 2152 1689 2189 defi-

1038 2206 1166 2242 niend
1158 2221 1219 2242 ιιιιι
1239 2209 1317 2244 vim
1329 2209 1433 2245 verbi
1446 2205 1619 2248 θάπτειν
1640 2209 1688 2247 ad

1038 2270 1242 2314 utrumqne
1272 2265 1411 2301 funeris
1443 2278 1562 2315 genus
1601 2279 1688 2317 spe-

1039 2325 1205 2356 ctantem
1226 2322 1457 2357 necessaria:
1489 2321 1687 2360 κατακαύ-

1038 2387 1173 2422 σαντες
1207 2392 1232 2425 η
1280 2376 1518 2426 κούψαντες.
1585 2378 1687 2415 Scite.

1036 2430 1157 2468 reddit
1186 2433 1336 2482 Lange,
1373 2434 1596 2471 vernaculus
1624 2435 1686 2470 iu-

1035 2495 1192 2538 ter-pres,
1268 2488 1369 2526 hunc
1418 2491 1455 2526 iu
1504 2489 1684 2527 modum:

1035 2543 1140 2590 „und
1169 2544 1321 2582 nachleer
1350 2547 1520 2583 bestatten
1546 2548 1595 2582 sie
1622 2546 1686 2583 ilm

1034 2600 1128 2646 also,
1143 2600 1224 2637 dass
1244 2603 1292 2637 sie
1310 2602 1370 2638 ilm
1387 2603 1591 2639 verbrermen
1604 2602 1684 2638 oder

1033 2656 1122 2692 auch
1158 2659 1196 2692 in
1235 2657 1295 2693 der
1331 2656 1431 2694 Erde
1472 2657 1682 2706 begraben.“

1033 2710 1411 2762 Sclnveighaeuserus
1459 2715 1681 2765 interpreta-

1033 2775 1090 2804 tus
1111 2775 1187 2805 est:
1216 2798 1239 2816 „
1253 2768 1387 2806 Deinde
1407 2770 1574 2820 sepeliunt
1593 2783 1679 2807 com-

1031 2825 1166 2861 bustum
1215 2829 1278 2862 aut
1326 2827 1429 2863 etiam
1476 2840 1543 2863 non
1591 2839 1681 2864 com-
