1897 3340
481 180 1238 222 TERPSICM()R1·:‚V.
1437 183 1491 221 39

235 292 454 349 ἀπήλαυνε
483 291 524 341 ἐς
555 293 730 341 Σοῦσα,
765 287 854 344 ἅμα
884 285 1096 344 ἀγόμενος
1119 285 1345 330 Ἱστιαῖον·
1373 286 1494 330 Ὀτά-
1550 300 1590 332 [c
1611 300 1668 334 za]
1689 303 1786 328 mane

1549 341 1565 367 1
1557 333 1712 365 raesccto
1736 333 1819 361 cuius

234 377 311 404 νεα
342 361 387 404 δὲ
418 357 624 410 ἀποδέξας
653 348 896 413 στρατηγόν
935 354 1045 399 εἶναι
1086 358 1174 398 τῶν
1202 359 1487 410 παραθαλασ-
1548 369 1666 400 patrem
1689 367 1769 394 Sina

1549 407 1647 425 mnem
1668 400 1795 434 (lamb)-

235 430 342 472 σίων
375 424 569 481 ἀνδρῶν,
606 429 684 470 τοῦ
713 425 791 469 τὸν
829 424 992 478 πατέρα
1024 421 1257 479 Σισάμνην
1288 422 1491 478 βασιλεὺς
1547 440 1600 459 ses
1613 432 1820 472 0¹¹¹11.·1¹r01›2e·

180 595 214 624 et
234 582 453 633 α’πέδεξε
483 581 673 636 δικαστήν
697 580 834 624 εἶναι

176 644 260 681 coll.
291 643 338 689 ΙΙ,
369 643 435 684 65.
469 643 534 689 ΙΙΙ,
568 644 635 682 63.
665 643 731 682 88.
767 642 830 688 IV,

182 701 268 739 167.
296 699 340 746 V,
371 698 438 740 64.
469 701 537 739 97.
567 700 633 738 99.
671 699 733 746 VI,
763 698 830 738 94.

175 754 242 795 95.
263 755 344 802 V‚11
370 754 462 796 154.
509 754 571 791 Ad
599 768 715 806 quam
737 767 830 791 ean-

175 811 266 849 dem
282 813 468 848 rationem
479 810 573 848 illud
577 813 745 863 ‚opinor,
759 825 830 848 ex-

174 867 459 919 plicandumV,
482 871 582 909 103·
614 862 835 919 προσεκτή-

175 936 296 964 σαντο
319 925 434 973 σφίσι
457 936 666 976 συμμαχον
684 921 833 965 εἶναι.

174 982 323 1018 Monuit
345 981 391 1018 de
411 980 484 1018 hoc
505 982 611 1019 verbi
641 985 743 1021 εἰναι,
771 982 834 1018 in-

176 1037 319 1075 finitivo
359 1037 597 1076 abundanter
627 1040 735 1090 quasi
761 1037 832 1075 ad-

175 1095 271 1131 iecto
303 1096 350 1131 G.
380 1096 592 1132 Hermann.
625 1094 673 1132 ad
702 1096 831 1145 Viger.

171 1164 259 1202 pag.
281 1152 364 1192 750
384 1165 463 1204 seq.
493 1153 579 1190 coll.
607 1151 742 1189 Matth.
764 1153 830 1189 Gr.

172 1209 238 1245 Gr.
270 1221 355 1259 pag.
387 1211 483 1249 768.
528 1208 648 1249 1040.
686 1210 831 1246 Iacobs.

172 1264 221 1301 ad
241 1265 390 1302 Aelian.
410 1267 458 1301 N.
479 1266 527 1302 A.
547 1267 578 1312 Ι,
600 1267 639 1305 9.
660 1285 714 1293 —
753 1267 830 1302 Pro

167 1317 439 1388 Ἀρταφέρνεα
466 1322 552 1358 libri
581 1319 740 1377 quidam
771 1322 831 1359 al-

173 1378 299 1414 ferunt
314 1371 613 1429 Ἀρταφρὲνεαε
645 1391 743 1429 quae
764 1391 830 1415 ea-

174 1433 264 1472 dem
292 1436 450 1471 varietas
481 1435 666 1485 reperitur
692 1435 828 1481 V1,1.

173 1489 240 1530 94.
269 1491 349 1537 VII,
382 1492 449 1531 74.
480 1494 580 1538 123,
609 1490 710 1526 conf.
732 1497 829 1528 nott.

173 1547 289 1583 Tom.
323 1548 360 1582 II
388 1560 427 1597 p.
460 1549 552 1587 127.
610 1547 727 1583 Nobis
755 1545 829 1584 hoc

171 1602 219 1639 ad
240 1604 428 1640 Graecam
448 1604 721 1655 etymologiam
734 1617 831 1640 con-

172 1659 304 1696 fictum
336 1659 485 1697 videtur
505 1661 718 1712 meritoque
739 1659 830 1698 hinc

172 1715 411 1767 repudiatum
432 1730 454 1753 a
473 1718 742 1767 Wesselingio,
765 1719 831 1770 qui

172 1774 381 1810 consimilia
400 1773 530 1810 laudat
541 1775 744 1811 Persarum
755 1788 831 1811 110-

171 1831 299 1867 mina:
330 1825 591 1881 Ἰνταφέρνης,
616 1829 831 1884 Μεγαφέρ-

172 1902 243 1936 νης
265 1918 275 1935 ,
329 1886 617 1938 Τισσαφέρνης.
712 1887 830 1939 Apud

171 1944 399 1980 Pausaniam
421 1957 586 1996 quoque,
610 1944 829 1981 Cornelium

172 2002 358 2051 Nepotem
370 2030 380 2048 ‚
400 1999 649 2053 Aeschyhun,
670 2008 713 2038 ut
726 2000 830 2038 idem

172 2059 321 2094 monuit
356 2059 657 2109 Wesselingius‚
708 2065 831 2096 exstat

172 2113 417 2164 Artaphernem
439 2136 494 2142 —
524 2111 703 2167 ὕπαρχον
733 2114 772 2152 h.
804 2116 830 2152 1.

171 2174 353 2221 satrapam
371 2170 446 2208 dici
466 2171 591 2219 credo,
614 2178 656 2208 ut
675 2173 740 2218 ΙΙΙ,
762 2174 829 2212 70.

170 2227 233 2274 1V,
262 2230 352 2268 166.
400 2229 445 2276 V,
466 2231 533 2269 73.
567 2231 657 2270 123.
690 2229 754 2264 VI.
776 2226 830 2268 42

172 2284 259 2320 coll.
289 2285 370 2332 VII,
402 2287 426 2325 6
448 2285 535 2322 coll.
562 2287 616 2324 26
653 2283 752 2333 (ubi
771 2285 830 2320 la-

172 2340 256 2376 tiori
290 2354 402 2378 sensu
433 2340 480 2378 de
509 2341 593 2379 belli
614 2340 700 2378 duce
729 2342 831 2378 acci-

172 2395 367 2446 piendum,
383 2398 461 2435 sive
478 2398 657 2448 praefecto
667 2399 775 2443 urbis,
789 2404 832 2435 ut

174 2453 253 2500 VH,
286 2454 380 2495 105·
411 2453 504 2495 194.
540 2458 631 2496 106.
660 2455 830 2492 Dorville

173 2508 221 2546 ad
251 2508 444 2548 Chariton.
473 2524 561 2562 pag.
591 2510 686 2552 448.
745 2511 829 2557 Quo

173 2572 340 2618 satrapae
360 2580 520 2604 munere
539 2569 638 2618 regis
656 2569 830 2619 plerum-

176 2634 248 2672 que
286 2630 466 2673 cognatos
501 2623 829 2662 Archaemenida-

177 2690 261 2714 rum
290 2693 311 2716 e
331 2687 443 2730 gente
469 2688 621 2718 ornatos
640 2680 828 2718 videmus.

177 2733 242 2770 His
261 2748 350 2772 vero
371 2749 460 2774 cum
471 2738 689 2789 provinciae
702 2737 828 2774 admi—

177 2789 342 2827 nistratio
369 2799 462 2830 esset
481 2795 694 2843 commissa,
716 2807 827 2846 prae-

1547 465 1631 493 litcm
1657 465 1766 493 iniuste

891 590 993 621 terea
1014 585 1050 620 in
1074 582 1209 621 eadem
1228 584 1423 635 provincia
1444 584 1548 619 mili—

889 648 973 677 tum
1011 642 1063 678 ibi
1105 642 1376 678 collocatorum
1421 647 1550 677 custo-

889 697 1069 750 diamque
1105 700 1302 748 agentium
1341 696 1456 734 duces
1485 696 1548 732 fu-

886 754 957 791 isse
997 755 1238 802 constitutos,
1277 753 1355 803 (de
1394 766 1471 805 qua
1509 766 1549 789 re

887 812 1031 862 optime
1054 810 1226 848 disseruit
1246 812 1410 847 Heeren.
1431 809 1548 846 Ideen

892 869 921 914 Ι,
943 881 1032 919 pag.
1054 868 1150 909 490.
1173 866 1253 908 491
1276 868 1362 904 coll.
1383 873 1479 903 nott.
1501 866 1549 903 ad

891 924 1033 962 Herod.
1066 926 1093 970 1,
1127 924 1261 974 153),
1301 922 1374 961 hoc
1395 936 1549 975 quoque

891 995 911 1017 e
941 982 1026 1018 1000
1059 981 1234 1031 colligas,
1264 981 1359 1028 nisi,
1383 993 1482 1032 quae
1504 981 1548 1025 V,

890 1040 944 1078 30
973 1039 1173 1088 leguntur,
1219 1037 1286 1073 ubi
1319 1035 1550 1087 Artapherni

889 1095 1066 1132 tribuitur
1085 1094 1294 1144 imperium
1313 1095 1395 1132 τῶν
1407 1092 1549 1132 ἐπιθα-

887 1151 1062 1190 λασσίων
1081 1153 1162 1189 τῶν
1186 1149 1228 1190 ἐν
1249 1153 1299 1205 τῇ
1313 1146 1421 1204 Ἀσίῃ
1442 1145 1549 1189 πάν-

886 1222 965 1246 των
978 1237 990 1256 ,
1011 1208 1226 1255 obstarent3
1246 1205 1336 1244 hinc
1354 1208 1458 1243 enim
1467 1207 1548 1243 col-

885 1265 953 1314 ligi
972 1278 1081 1315 posse
1100 1264 1263 1312 videtur,
1288 1264 1439 1301 Otanem
1460 1276 1548 1300 orae

885 1322 1145 1372 Europaeicae
1173 1322 1199 1358 i.
1221 1334 1254 1358 e.
1275 1319 1465 1358 Thraciae
1486 1320 1549 1356 fu-

886 1378 956 1414 isse
979 1378 1225 1428 praefectum,
1247 1390 1338 1413 cum
1358 1376 1406 1413 ad
1418 1377 1549 1414 Asiam

888 1447 986 1485 quae
1047 1436 1277 1484 pertinerent
1337 1434 1551 1484 Artapherm'

887 1489 1022 1526 tradita
1045 1497 1188 1536 essent,
1232 1491 1384 1541 utrique
1419 1497 1548 1526 autem

887 1547 1094 1597 imperium
1114 1547 1276 1583 militare
1297 1559 1453 1598 quoque
1484 1546 1548 1582 fu-

887 1604 972 1640 isse.
1032 1603 1144 1649 Quod
1174 1604 1280 1640 enim
1309 1610 1440 1654 postea
1460 1616 1549 1654 pas-

886 1661 958 1698 sim
997 1660 1143 1697 factum
1193 1673 1273 1697 esse
1319 1661 1546 1707 invenimus,

887 1730 1125 1769 quamquam
1144 1730 1223 1754 non
1234 1718 1315 1754 sine
1330 1717 1445 1766 ipsius
1454 1718 1550 1753 Per-

885 1775 952 1811 sici
974 1775 1082 1824 regni
1104 1773 1356 1821 detrimento,
1387 1781 1451 1821 ut,
1483 1775 1550 1826 qui

885 1832 1104 1882 provinciae
1136 1831 1294 1867 alicuius
1337 1837 1460 1867 essent
1488 1843 1551 1867 sa-

886 1894 1016 1938 trapae
1033 1917 1042 1934 ‚
1072 1886 1191 1925 iidem
1211 1888 1374 1924 militare
1395 1900 1550 1938 quoque

885 1945 1091 1995 imperium
1111 1945 1347 1995 acciperent,
1376 1943 1416 1980 id
1436 1945 1551 1994 igitur

886 2002 946 2038 vel
975 2008 1106 2048 antea,
1138 2001 1312 2053 quamvis
1332 2001 1463 2048 rarius,
1491 2001 1550 2037 lo·-

887 2071 977 2095 cum
1021 2056 1195 2095 habuisse
1243 2070 1433 2109 ponamus
1477 2071 1550 2094 ne-

887 2128 990 2152 cesse
1011 2116 1094 2151 erit.

944 2173 1024 2210 τῶν
1085 2169 1429 2222 παραθαλασσίων
1468 2164 1549 2208 οἷν-

888 2229 909 2268 δ
922 2243 943 2278 ρ
957 2230 989 2267 ὦ
1006 2227 1055 2276 ν]
1087 2228 1122 2263 Α
1143 2226 1291 2263 duobus
1321 2227 1424 2263 libris
1445 2227 1549 2263 abest

886 2280 1064 2333 α’νδοων.
1124 2286 1169 2320 Iu
1197 2284 1311 2321 simili
1341 2284 1426 2320 loco
1466 2284 1547 2330 VII,

891 2342 968 2382 135
991 2354 1058 2392 pro
1079 2337 1240 2392 ἀνδρῶν
1260 2341 1454 2378 invenitur
1474 2354 1548 2379 αν·-

886 2394 1082 2449 θρωπων.
1120 2420 1176 2424 --
1234 2396 1297 2434 Ad
1336 2391 1548 2447 Σισαμνην

887 2456 943 2492 W
944 2453 1167 2506 yttenbach.
1201 2466 1224 2490 a
1261 2453 1329 2491 Cr.
1363 2454 1546 2490 excitatus

887 2519 1083 2562 comparat
1092 2513 1254 2548 alterum
1268 2511 1464 2546 Persicum
1475 2523 1547 2546 no-

888 2582 977 2604 men
989 2564 1217 2620 Σειράμνης
1238 2565 1340 2618 apud
1350 2564 1545 2603 Plutarch.

886 2626 919 2661 11
955 2638 1043 2676 pag.
1079 2627 1156 2665 172
1184 2626 1233 2661 D.
1263 2622 1546 2660 Animadverss.

887 2694 974 2732 pag.
999 2680 1120 2722 1042.
1141 2703 1196 2708 —
1226 2682 1284 2717 De
1298 2680 1477 2718 iudicibus
1488 2692 1541 2714 re-

884 2739 957 2786 giis
973 2767 982 2784 ,
1004 2750 1170 2789 quorum
1190 2750 1284 2774 mox
1305 2737 1461 2780 mentio,
1483 2733 1543 2770 di-

885 2795 1011 2831 ximus
1043 2793 1091 2831 ad
1120 2796 1185 2840 111,
1222 2796 1289 2834 31.
1348 2793 1452 2836 Quae
1483 2803 1544 2827 se-
