1897 3340
0 2808 27 3081 'ffllff

1 3277 6 3287 ·
0 3134 28 3257 ,ῖ-

0 3310 31 3340 Ι

396 238 482 282 518
633 273 637 279 ,
789 236 1259 275 HERODOTI

398 342 566 400 »φοραὶ
603 345 974 399 προσπίπτουσαι,
1014 345 1086 387 καὶ
1131 345 1177 388 αἱ
1214 347 1370 388 νοῦσοι
1422 342 1663 396 συνταράσ-

398 422 605 464 ,,σουσαι,
657 412 732 455 καὶ
769 412 940 468 βραχὺν
981 411 1107 456 ἐόντα
1139 412 1313 467 μακρὸν
1351 411 1520 456 δοκέειν
1555 408 1668 455 εἶναι

369 482 601 533 6,,ποιεῦσι
646 478 726 523 τόν
762 482 876 535 βίον.
937 479 1052 523 οὕτω
1082 479 1106 523 ὁ
1136 479 1214 536 μὲν
1255 479 1470 532 θάνατος,
1501 484 1720 536 μοχθη-75

397 550 505 602 ,,ρῆς
536 545 691 603 ἐούσης
719 550 794 602 τῆς
823 545 936 601 ζόης,
965 547 1195 603 καταφυγὴ
1226 547 1488 602 αἱρετωτάτη
1507 552 1569 605 τῷ
1590 547 1663 591 ἀν-

397 613 590 672 ,,θρω’πῳ
619 615 783 668 γέγονε·
813 613 837 657 ὁ
869 614 915 657 δὲ
943 614 1062 666 θεὸς,
1090 615 1255 670 γλυκύν
1271 615 1429 672 γεύσας
1456 614 1534 659 τὸν
1564 617 1665 659 αἰαῖ-

271 679 338 725 4ῖ
394 699 499 734 ,,να,
560 679 785 737 φθονερὸς
825 680 872 724 ἐν
914 680 1034 740 αὐτῷ
1073 680 1314 736 εὑρίσκεται
1374 682 1499 726 ἐών.“
1559 681 1665 734 Ξέρ-

397 755 470 804 ξης
500 749 546 792 δὲ
576 746 776 802 ἀμείβετο
803 748 961 804 λέγων·
996 747 1273 804 ,,Ἀρτα’βανε,
1296 754 1443 805 βιοτῆς
1473 751 1551 806 μέν
1580 765 1665 792 νυν

396 814 708 870 ,,οἷνθρωπηΐης
750 814 874 870 πέρι,
922 813 1077 871 ἐούσης
1124 816 1327 874 τοιαύτης
1369 819 1467 874 οἴην
1496 833 1574 872 περ
1605 816 1661 862 σύ
1677 823 1723 857 80

340 974 528 1023 πτουσαι]
551 973 666 1025 Apud
687 974 898 1012 Stobaeum
919 974 1004 1027 (qui

339 1030 511 1078 XCVIII,
545 1033 598 1072 62
632 1031 683 1068 Τ.
712 1032 775 1067 ·ΙΠ
803 1044 893 1083 pag.
922 1034 1003 1072 293

342 1086 531 1123 Gaisford.
564 1086 658 1125 haec
693 1089 861 1125 excitans
890 1087 1005 1125 habet

340 1143 682 1194 προσπίπτουσαι)
702 1157 741 1194 Ρ.
767 1143 860 1193 536,
891 1148 915 1186 3
949 1142 1003 1196 (p.

342 1201 422 1240 298
445 1200 510 1249 G.)
533 1206 588 1236 est
615 1201 910 1251 συμπίπτουσαι
946 1208 1006 1238 at-

342 1268 418 1307 que
436 1257 488 1292 ita
508 1257 623 1293 etiam
650 1255 888 1294 Herodotum
908 1258 1002 1295 scri-

341 1313 460 1363 psisse
478 1320 586 1363 putat
596 1312 861 1362 Vfflckeuaer„
883 1315 1002 1351 citans

342 1367 525 1420 Thucyd.
555 1371 621 1418 ΙΙΙ,
651 1372 717 1410 60.
747 1372 811 1419 IV,
833 1373 901 1412 68.
922 1372 1003 1406 He-

343 1424 426 1463 rod.
455 1427 485 1473 I,
511 1428 600 1466 139.
630 1426 674 1473 V,
696 1426 763 1468 35.
811 1426 1004 1479 Equidem

344 1482 406 1519 vel
435 1483 483 1519 ob
516 1482 742 1520 antecedens
773 1483 1005 1535 συμφοραὶ

344 1536 439 1575 nihil
472 1540 666 1577 mutarIm.
736 1541 1005 1591 Intelliguntur

345 1601 474 1630 autem
506 1596 728 1633 calamitates
761 1597 898 1645 subito,
930 1599 1006 1634 ino-

341 1653 466 1701 pinato
477 1652 689 1689 incidentes:
722 1652 770 1689 ad
791 1666 884 1705 quas
902 1652 1006 1689 indi-

346 1705 486 1744 candas
531 1709 674 1758 optime
719 1710 834 1746 utitur
871 1711 1007 1746 Noster

345 1764 460 1801 verbo
472 1765 744 1814 προσπίπτειν.
755 1787 807 1793 -—
824 1766 899 1802 Pro
912 1778 1007 1804 συν-

345 1816 613 1869 ταράσσουσαι
648 1834 747 1857 unus
786 1820 872 1858 cod.
918 1834 1007 1858 cum

346 1876 511 1913 Stobaeo
538 1873 856 1929 συνταράσσουσι
867 1905 883 1922 ,
904 1877 1008 1929 quod

347 1931 487 1969 arridet
513 1933 795 1984 VVesselingio,
835 1934 1008 1985 iungenti

348 1989 391 2027 αἱ
423 1991 566 2028 νοῦσοι
598 1985 917 2041 συνταρασσουσι
941 1988 1010 2029 καὶ

347 2047 520 2084 ποιεῦσι.
611 2046 662 2083 At
699 2053 802 2083 recte
836 2047 1010 2084 observat

349 2100 570 2152 Schweigh.
599 2101 668 2141 καὶ
704 2102 751 2139 ad
771 2104 885 2140 verba
907 2105 1009 2155 βρα-

348 2155 421 2207 χύν
433 2154 543 2197 ἐόντα
552 2159 752 2208 pertinere,
765 2166 807 2195 ut
817 2161 875 2196 sit:
888 2172 1012 2209 quam-

349 2216 402 2250 vis
421 2214 531 2250 brevis
554 2217 600 2250 sit
632 2213 762 2263 (vita).

407 2265 511 2308 οὕτω
545 2267 569 2308 ὅ
599 2267 672 2318 μὲν
704 2265 903 2317 θάνατος,
935 2284 1009 2320 μο-

349 2327 506 2376 χθηρῆς
534 2322 678 2374 ἐούσης
699 2340 735 2363 κ.
772 2340 804 2363 τ.
823 2327 876 2373 λ.]
910 2326 1010 2362 citat

348 2379 522 2418 Eustath.
550 2379 597 2416 ad
626 2382 669 2420 ΙΙ,
691 2393 778 2431 pag.
809 2380 902 2428 411,
926 2385 949 2421 7
979 2395 1007 2419 s.

350 2440 444 2483 311,
481 2435 547 2477 34.
606 2436 667 2473 Ad
700 2438 821 2487 ipsam
854 2444 1008 2473 semen-

351 2495 441 2529 tiam
463 2500 549 2542 apte
569 2494 684 2530 citant
714 2494 865 2531 Sallust.
899 2494 1008 2531 Catil.

351 2550 417 2597 50,
438 2550 503 2585 ubi
520 2550 648 2586 Wass.
669 2556 706 2586 et
737 2549 952 2586 Hei-odotea
973 2557 1009 2587 et

350 2606 422 2641 alia
451 2606 660 2642 consimilia
689 2613 862 2642 veterum
888 2607 1011 2643 attulit

353 2661 465 2709 dicta,
486 2662 571 2698 coll.
583 2661 733 2699 Choric.
745 2664 847 2699 Orat.
861 2664 896 2698 in
914 2665 1011 2700 Pro-

353 2720 506 2769 copium
542 2732 600 2769 cp.
623 2717 696 2765 24,
719 2720 784 2770 qui
806 2718 876 2756 hoc
898 2721 1012 2756 Arta—

354 2776 442 2811 bani
462 2774 618 2811 effatum
638 2773 817 2813 laudavit.

408 2829 557 2883 γλυκύν
592 2829 734 2884 γεύσας
764 2827 832 2872 τὸν
853 2831 1012 2880 αἰῶνα]

1060 972 1204 1029 γεύσας
1224 976 1339 1014 habet
1357 976 1551 1014 Plutarch.
1571 979 1607 1014 11
1634 989 1723 1028 pag.

1064 1036 1171 1074 1106
1217 1035 1260 1070 F.
1303 1035 1473 1085 itemque
1536 1034 1723 1072 Stobaeus

1062 1090 1229 1128 sermm.
1251 1090 1377 1126 CXXI
1399 1089 1545 1140 (CXX)
1567 1089 1620 1130 40
1634 1103 1723 1140 pag.

1062 1148 1142 1186 611
1179 1144 1234 1197 (p.
1255 1144 1334 1187 485
1352 1145 1501 1198 Gaisss),
1533 1148 1598 1198 qui
1620 1145 1724 1183 idem

1062 1209 1224 1254 utroque
1245 1203 1310 1239 illo
1331 1203 1436 1250 loco,
1470 1215 1587 1254 quem
1605 1202 1724 1240 modo

1061 1258 1322 1307 laudavimus,
1361 1260 1427 1296 ubi
1462 1257 1556 1296 haec
1587 1258 1725 1296 eadem

1060 1314 1169 1352 affert
1189 1314 1417 1364 Herodotea,
1439 1314 1554 1352 habet
1573 1316 1635 1352 vel
1654 1311 1726 1354 τά·

1062 1374 1130 1419 ξας
1149 1373 1211 1409 vel
1246 1369 1385 1419 τεύξας
1405 1373 1467 1409 vel
1486 1369 1641 1419 πλέξας,
1677 1370 1726 1408 de

1062 1441 1137 1479 qua
1167 1430 1331 1466 lectione
1359 1429 1461 1466 conf.
1481 1435 1578 1465 nott.
1611 1427 1659 1465 ad
1678 1428 1724 1475 V,

1061 1487 1115 1525 92
1137 1486 1175 1530 ξ.
1196 1488 1236 1526 6.
1293 1486 1356 1521 Ex
1376 1484 1601 1522 Herodoteis
1622 1485 1726 1522 libris

1061 1542 1166 1578 nulla
1205 1548 1380 1578 enotatur
1409 1542 1580 1579 lectionis
1599 1542 1726 1578 varie-

1062 1604 1130 1636 tas.
1164 1598 1290 1635 Verbo
1311 1593 1444 1650 γεύειν
1465 1599 1725 1635 activanotio-

1062 1667 1111 1689 ne
1121 1652 1182 1690 hic
1195 1653 1364 1690 adhibito
1381 1654 1614 1702 (gustandum
1619 1666 1728 1704 prae-

1062 1710 1148 1757 bere,
1173 1714 1316 1758 gustum
1344 1707 1457 1760 dare)
1499 1712 1635 1747 Noster
1655 1709 1727 1746 ad-

1062 1768 1199 1802 struxit
1238 1768 1519 1814 accusativum,
1561 1765 1609 1802 de
1649 1779 1725 1817 quo

1064 1822 1140 1859 vid.
1161 1821 1295 1861 Matth.
1307 1823 1371 1860 Gr.
1383 1824 1448 1861 Gr.
1460 1836 1498 1873 p.
1514 1825 1610 1863 772.
1622 1821 1727 1860 Add.

1064 1878 1176 1916 Held.
1199 1878 1247 1915 ad
1266 1877 1462 1916 Plutarch.
1483 1879 1723 1916 Timoleont-

1064 1948 1152 1986 pag.
1186 1937 1279 1976 327.
1309 1935 1341 1972 V
1344 1934 1602 1972 alckenaerius
1623 1941 1727 1972 attu-

1064 1993 1108 2029 lit
1123 1990 1265 2028 Athen.
1284 1993 1302 2027 I
1316 2005 1353 2042 p.
1364 1993 1416 2032 28
1433 1993 1475 2028 F.
1489 1992 1574 2028 alia.
1598 2014 1648 2020 —
1668 1993 1727 2028 De

1065 2047 1125 2085 deo
1149 2048 1267 2085 invido
1288 2047 1364 2084 vid.
1387 2060 1484 2100 quae
1525 2048 1726 2084 citavimus

1067 2104 1114 2140 ad
1135 2105 1215 2152 VII,
1241 2106 1290 2143 10
1311 2105 1347 2149 ξ.
1370 2104 1409 2144 5.
1439 2125 1483 2130 -
1523 2104 1598 2139 Pro
1621 2107 1727 2152 φθο-

1067 2157 1176 2210 νερὸς
1202 2160 1387 2196 Stobaeus
1410 2160 1475 2206 98,
1497 2161 1549 2198 62
1572 2162 1623 2209 (p.
1645 2161 1727 2200 533

1065 2229 1095 2252 s.
1136 2214 1234 2267 293)
1276 2214 1429 2251 exhibet
1464 2210 1726 2262 δυσξύνετοςς

1066 2271 1169 2323 quod
1184 2271 1287 2308 idem
1309 2273 1373 2318 98,
1396 2273 1448 2311 73
1469 2270 1535 2307 flu.
1566 2270 1622 2321 (p.
1644 2271 1726 2312 536

1064 2342 1094 2366 s.
1116 2341 1153 2377 p.
1186 2329 1285 2375 298)
1316 2328 1353 2362 in
1375 2328 1547 2377 margine
1568 2328 1724 2366 Gesner.

1066 2390 1209 2431 exstat,
1239 2384 1306 2420 ubi
1325 2385 1365 2419 in
1386 2384 1467 2434 ipso
1487 2390 1595 2420 textu
1625 2390 1727 2421 recte

1065 2437 1282 2491 φθονερός.

1267 2529 1359 2580 cap.
1382 2529 1535 2568 xnvn.

1123 2600 1265 2656 ἐούσης
1288 2604 1472 2658 τοιαύτης
1488 2637 1498 2655 ,
1542 2607 1632 2658 οἵην
1654 2621 1727 2658 περ

1069 2660 1116 2702 σύ
1141 2661 1310 2714 διαιρέαι
1351 2660 1486 2712 εἶναι]
1533 2663 1594 2700 Ad
1613 2665 1728 2714 parti-

1068 2721 1210 2770 cipium
1239 2716 1383 2770 ἐούσης
1421 2720 1566 2758 consul.
1594 2718 1728 2757 Matth.

1069 2777 1136 2813 Gr.
1165 2778 1231 2814 Gr.
1251 2789 1340 2828 pag.
1362 2778 1455 2822 207,
1478 2777 1543 2828 qui
1566 2775 1670 2813 idem
1689 2790 1729 2827 p.

1071 2834 1153 2873 379
1174 2831 1269 2872 exh.
1286 2834 1312 2870 1.
1329 2833 1418 2869 citat
1438 2831 1641 2886 διαιρὲεαι,
1660 2845 1732 2870 cu-
