1897 3340
597 276 901 317 ERATO.
961 276 1039 314 VI.

1375 278 1458 317 419

192 393 298 449 ,,τήν
325 389 691 444 Ἐννεάκρουνον·
724 382 778 428 οὐ
808 382 894 440 γὰρ
926 379 1039 426 εἶναι
1067 385 1228 426 τοῦτον
1256 381 1335 426 τόν
1364 383 1459 438 χρό-

194 476 304 513 ,,υον
333 459 458 514 σφίσι
486 471 549 500 κω
588 452 691 498 οὐδὲ
721 456 836 495 τοῖσι
867 450 1033 494 ἄλλοισι
1055 449 1235 506 ’Ἕλλησι
1276 451 1459 502 οἰκέτας.

162 526 335 579 5,,ὅκως
354 525 400 568 δὲ
423 524 596 568 ἔλθοιεν
616 518 756 574 αὗται,
786 519 892 571 τούς
913 517 1167 574 Πελασγοὺς
1189 515 1273 561 ὑπὸ
1304 517 1461 574 ὕβριός

186 611 257 646 „te
286 593 358 637 καὶ
388 590 620 646 ὀλιγωρίης
649 590 835 645 βιᾶσθαί
853 599 1002 643 σφεας.
1043 586 1116 630 καὶ
1146 590 1283 630 ταῦτα
1313 585 1461 642 μέντοι

187 662 341 716 ,,σφίσι
369 656 450 702 οὖκ
480 656 681 713 ἀποχρᾶν
700 656 884 707 ποιέειν,
917 653 1023 698 ἀλλὰ
1046 655 1165 706 τέλος
1195 654 1268 698 καὶ
1289 653 1516 710 ἐπιβου-ὃὸ

190 727 425 780 ,,λεύοντας
485 723 771 781 ἐπιχειρήσειν
827 727 1022 779 φανῆναι
1070 722 1136 766 ἐπ’
1193 721 1456 778 αὐτοφώρῳ.

156 793 410 847 6,,ἓωυτούς
445 792 491 836 δὲ
520 793 726 849 γενέσθαι
745 787 939 849 τοσούτῳ
961 790 1139 834 ἐκείνων
1160 789 1324 844 ἄνδρας
1345 789 1459 845 ἀμεί-

187 878 368 914 ,,νονας,
409 861 498 918 ὅσῳ
538 860 703 915 παρεὸν
744 857 917 902 αὐτοῖσι
962 858 1215 902 ἀποκτεῖναι
1242 857 1347 909 τούς
1378 861 1460 901 Πε-

187 928 429 985 ,,λασγούς,
466 929 558 973 ἐπεί
588 941 724 986 σφεας
755 928 913 983 ἔλαβον
943 926 1330 982 ἐπιβουλεύοντας,
1378 923 1461 968 οὐκ

186 998 440 1054 ,,ἐθελῆσαι,
482 995 590 1040 ἀλλά
631 1008 711 1052 σφι
747 999 970 1049 προειπεῖν
1001 994 1049 1038 ἐκ
1077 998 1152 1050 τῆς
1181 997 1262 1050 γῆς
1291 993 1459 1046 ἐξιέναι.
1472 996 1518 1034 40

158 1065 324 1119 7,,τούς
354 1066 421 1117 δὲ,
463 1064 579 1107 οὕτω
619 1064 672 1121 δή
713 1064 1066 1120 ἐκχωρήσαντας,
1109 1062 1220 1106 ἄλλα
1260 1077 1305 1106 τε
1343 1066 1460 1117 σχεῖν

189 1134 355 1188 ,,χωριά
383 1132 458 1176 καὶ
487 1133 540 1187 δὴ
581 1133 655 1175 καὶ
683 1135 907 1189 Λῆμνον*ι
957 1129 1126 1175 Ἐκεῖνα
1153 1131 1232 1187 μὲν
1260 1131 1313 1188 δή
1339 1129 1462 1174 Ἑκα-

29 1193 124 1240 138
190 1206 312 1252 ταῖος
351 1201 483 1253 ἔλεξε,
525 1205 662 1244 ταῦτα
703 1202 749 1245 δὲ
783 1200 1008 1257 Ἀθηναῖοι
1044 1199 1252 1254 λέγουσι.)
1322 1200 1377 1241 Οἱ
1420 1197 1466 1242 δὲ

191 1269 413 1324 Πελασγοὶ
450 1262 574 1312 οὗτοι
604 1273 784 1325 Λῆμνον
820 1268 916 1313 τότε
945 1266 1193 1324 νεμόμενοι,
1238 1267 1311 1311 καὶ
1348 1269 1461 1322 βου-

187 1335 366 1392 λόμενοι
392 1336 497 1387 τούς
524 1336 785 1393 Ἀθηναίους
825 1335 1182 1393 τιμωρήσασθαι,
1227 1331 1275 1379 εὖ
1306 1351 1349 1378 τε
1380 1335 1460 1387 ἐξε-

188 1403 447 1459 πιστάμενοι
494 1403 568 1457 τὰς
608 1402 852 1462 Ἀθηναίων
892 1403 1044 1461 ὁρτὰς,
1092 1404 1516 1461 πεντηκοντέρους45

131 1532 298 1582 regionis
327 1533 490 1570 suavitas
520 1531 711 1585 fontisque
731 1545 799 1570 co-

134 1589 197 1640 pia
216 1590 427 1637 uberrima,
451 1603 548 1642 quae
566 1590 612 1627 ab
633 1591 798 1642 antiquis

138 1652 338 1697 tantopere
386 1647 610 1683 celebratur.
690 1648 797 1692 Quae

134 1715 226 1740 vero
261 1701 335 1740 hoc
362 1702 447 1740 loco
487 1703 712 1751 traduntur,
754 1716 798 1740 ea

132 1760 194 1797 vel
213 1760 322 1810 pictis
342 1761 382 1796 in
409 1761 507 1797 vasis
528 1760 576 1797 ad
597 1761 798 1797 ocujorum

134 1829 263 1853 sensus
275 1815 446 1854 traducta
459 1831 537 1854 esse
549 1818 677 1854 statuit
698 1818 740 1854 C.
753 1819 796 1854 Ο.

133 1873 285 1911 ΜϋΙΙεΓ.
313 1875 446 1925 Itaque
466 1876 506 1910 iu
526 1876 686 1911 Etrusco
707 1887 796 1910 vaso

134 1941 260 1980 nuper
279 1938 453 1980 reperto,
480 1931 547 1966 ubi
568 1932 625 1968 vir
645 1932 796 1981 conspi-

136 1987 234 2023 citur
254 1994 419 2024 armatus
441 1986 643 2024 adfontem
660 2000 799 2038 aggre—

136 2042 243 2080 diens
277 2045 465 2094 virginem
482 2073 491 2088 ‚
513 2044 701 2081 eiusmodi
721 2046 799 2081 Pe-

135 2099 286 2150 lasgum
306 2114 334 2138 s.
348 2099 599 2153 Tyrrhenum
618 2108 726 2152 putat
738 2114 800 2137 re·-

134 2158 395 2207 praesentari‚
448 2159 514 2209 qui
552 2160 718 2208 virgines
751 2157 800 2195 ad

135 2213 420 2251 Enneacrunon
442 2216 590 2252 fontem
612 2214 801 2265 accedenss

136 2275 193 2306 tes
213 2270 468 2321 aggrediatur.
509 2271 595 2310 vid.
624 2273 795 2322 Gotting.

137 2326 298 2377 Anzeig.
316 2329 433 2368 1832.
446 2342 503 2365 nr.
519 2331 597 2369 102
607 2343 646 2379 p-
674 2331 798 2369 1017.

194 2381 275 2422 ὑπὸ
310 2380 451 2435 ὕβριός
487 2399 528 2423 τε
555 2385 624 2424 καὶ
660 2380 800 2437 ὀλιγω-

139 2437 252 2490 ρίης]
283 2438 432 2489 Eadem
468 2441 610 2479 locutio
640 2443 670 2489 I,
705 2441 799 2490 105,

140 2495 207 2531 ubi
226 2496 362 2532 vocula
382 2510 422 2534 τε
442 2504 526 2546 post
536 2495 617 2537 ὑπό
633 2498 801 2535 colloca-

140 2557 224 2599 tur,
252 2552 364 2602 plane
386 2559 428 2588 ut
456 2553 499 2600 V,
521 2553 560 2593 5.
618 2554 742 2598 Quam
762 2556 802 2591 iu

143 2620 225 2643 rem
245 2609 355 2658 plura
376 2606 579 2660 disputavit
589 2610 800 2650 Wellauer.

142 2664 183 2698 in
221 2663 330 2701 Iahn.
372 2672 408 2701 et
447 2663 612 2703 Seebod.
650 2664 802 2704 Iahrbb.

147 2718 346 2770 Supplem.
367 2723 384 2757 1
406 2722 553 2769 (1832)
574 2735 612 2771 p·
626 2723 719 2762 385.
740 2722 803 2760 Ad

149 2786 285 2812 vocem
302 2771 509 2829 ὀλιγωρίης
531 2777 631 2814 conf.
649 2784 743 2814 nott.
755 2778 803 2815 ad

147 2831 213 2877 111,
242 2833 294 2871 89
325 2839 361 2868 et
385 2833 433 2870 ad
452 2834 613 2870 verbum
634 2833 802 2882 βιᾶσθαι

148 2892 245 2926 nott.
262 2886 311 2923 ad
329 2888 393 2936 IV,
414 2887 479 2931 43.
537 2889 599 2927 Ad
621 2885 803 2943 ἀποχρᾶν

854 1531 930 1571 vid.
951 1539 1046 1570 nott.
1069 1531 1117 1569 ad
1136 1534 1166 1581 1,
1189 1535 1242 1574 66
1273 1539 1310 1570 et
1341 1531 1389 1570 de
1408 1533 1519 1570 locu-

853 1590 959 1626 tione
989 1585 1048 1629 8’711'
1076 1585 1301 1644 αὐτοφώρῳ
1334 1591 1520 1641 φανῆναι

853 1647 916 1695 VI,
946 1649 1013 1687 72.

909 1698 1247 1757 τοσούτῳ-ὅσῳ]
1273 1701 1360 1740 vid.
1381 1700 1518 1740 Matth.

854 1760 920 1797 Gr.
951 1761 1018 1797 Gr.
1038 1773 1077 1811 p.
1099 1759 1193 1800 852.
1214 1761 1309 1800 897.
1341 1755 1520 1812 τοσούτῳ

855 1816 1036 1869 equidem
1057 1829 1146 1854 cun]
1166 1823 1323 1853 recentt.
1341 1815 1430 1853 dedi
1452 1829 1520 1867 pro

853 1876 1038 1913 τοσοῦτο.
1096 1872 1159 1909 Ad
1179 1870 1330 1924 παρεόν
1351 1873 1453 1910 conf.
1470 1873 1516 1920 V,

855 1933 922 1971 49.
969 1927 1027 1966 De
1056 1931 1249 1980 particulis
1269 1927 1336 1968 καὶ
1359 1926 1410 1979 δή
1437 1928 1518 1977 καὶ,

855 1993 1063 2037 praeeunte
1092 2000 1132 2025 τε
1160 1985 1347 2026 Valcken,
1378 1987 1468 2023 citat
1488 1987 1518 2034 Ι,

856 2046 923 2084 29.
947 2046 1040 2084 129-
1061 2043 1123 2091 IV,
1157 2044 1250 2084 150.
1309 2043 1467 2090 Quibus,
1487 2043 1519 2080 si

858 2113 952 2150 opus
975 2106 1096 2141 esset,
1123 2100 1233 2150 plura
1253 2113 1301 2136 ex
1321 2098 1520 2137 Herodoto

858 2156 998 2193 addere
1019 2169 1183 2207 possem.
1242 2155 1354 2202 Quod
1382 2158 1422 2193 in
1443 2156 1521 2192 fine

858 2215 989 2264 capitis
1005 2214 1164 2263 legitur:
1196 2210 1222 2252 ἅ
1238 2216 1259 2252 λ
1271 2216 1292 2252 λ
1305 2229 1330 2252 α
1342 2227 1362 2251 τ
1375 2227 1392 2252 ε
1412 2216 1519 2263 σχεῖν

859 2271 982 2323 χωρία
1000 2285 1036 2308 κ.
1056 2286 1088 2308 τ.
1112 2273 1146 2308 λ.
1176 2269 1251 2307 hoc
1286 2270 1328 2307 C.
1351 2270 1396 2307 Ο.
1416 2270 1521 2306 Mul-

856 2328 926 2364 ]er.
948 2325 1179 2368 Orchomen.
1205 2341 1242 2378 p.
1265 2326 1347 2367 444
1363 2356 1372 2374 ,
1403 2339 1522 2378 quem

857 2384 888 2422 C
895 2398 924 2423 r.
965 2386 1079 2433 citat,
1120 2385 1235 2421 refert
1274 2382 1322 2420 ad
1352 2384 1521 2420 colonias

854 2437 1040 2493 sedesque
1121 2439 1416 2492 Tyrrhenorum
1480 2441 1520 2476 iu

856 2499 999 2535 Troica
1030 2510 1095 2534 ora
1135 2499 1258 2548 prisco
1308 2495 1520 2534 admodum

856 2567 951 2594 aevo
970 2555 1216 2606 probabiliter
1234 2553 1419 2592 conditas.

1010 2656 1100 2707 cap.
1124 2656 1375 2693 cxxxvm.

915 2722 1250 2775 πεντηκοντέρους
1261 2720 1519 2773 στησάμενοι]

857 2779 884 2816 i.
906 2792 940 2816 e.
961 2781 1112 2817 navibus
1137 2784 1331 2831 opportuno
1351 2779 1423 2815 loco
1449 2778 1522 2813 col-

858 2835 983 2872 locatis
1012 2837 1164 2874 insidias
1183 2838 1403 2873 struxerunt.
1442 2834 1521 2871 Alii

857 2887 1117 2944 κτησάμενοι,
1157 2891 1231 2928 hoc
1269 2892 1348 2928 fere
1384 2902 1522 2928 sensu:

1144 2944 1238 2987 27*

1523 1195 1598 1224 Inde
1621 1198 1659 1226 ad
1677 1204 1796 1232 poenas

1522 1232 1672 1265 petendas
1682 1234 1780 1262 Brau-

1520 1268 1782 1307 rOHGmevibus,
1800 1268 1812 1290 -Ι

1520 1299 1668 1336 appulsis,
1689 1296 1809 1330 nume-³

1517 1340 1586 1359 rum
1611 1321 1813 1364 seminarum?

1523 1367 1695 1406 ,Atticarum
1724 1379 1780 1405 per

1520 1401 1650 1441 lusidias
1661 1406 1794 1440 rapiunt,

1519 1441 1585 1464 cum
1606 1444 1707 1475 usque
1725 1446 1797 1468 con-

1868 251 1875 263 α
1867 212 1897 240 ,ζ
1866 160 1897 202 Β
1864 8 1897 144 ,εδ-,ιζ’
