1897 3340
475 237 949 277 POLYMNIA.
1008 237 1114 274 VII.
1350 244 1434 283 467

171 364 288 404 ,,χον,
317 347 373 392 σύ
403 350 492 392 πᾶν
522 345 630 390 αὐτὸ
659 344 891 402 συλλαβών
920 346 1117 401 εἴρηκας·
1149 346 1331 403 φανήτω
1351 348 1436 403 γάρ
1447 357 1492 390 30

145 424 165 456 8
181 417 260 472 ,,δὴ
290 416 363 460 καὶ
385 413 552 470 ἐμοὶῶς
563 414 635 458 καὶ
656 414 728 457 σοὶ
755 413 1129 470 διακελευόμενον.
1173 419 1371 470 φανῆναι
1391 417 1437 459 δὲ

170 482 332 535 ,,οὐδὲν
359 481 525 538 μᾶλλόν
544 497 620 537 μοι
635 480 801 537 ὀφείλει
831 482 974 538 ἔχοντι
1002 480 1084 538 τὴν
1102 481 1183 538 σὴν
1202 483 1380 538 ἐσθῆτα,
1410 482 1439 538 ἢ

169 552 253 604 „ov’
266 552 339 596 καὶ
359 551 438 606 τήν
460 548 590 605 ἐμήν·
623 548 726 593 οὐδὲ
738 566 780 593 τι
798 554 966 605 μᾶλλον
978 550 1025 593 ἐν
1038 551 1162 608 κοίτῃ
1183 554 1235 608 τῇ
1259 554 1312 607 σῇ
1332 549 1436 594 ἀνα-

167 617 482 675 ,,παυομὲνῳ,ἢ
500 615 553 660 οὐ
575 618 648 661 καὶ
668 617 715 661 ἐν
745 622 800 675 τῇ
829 618 932 676 ἐμῇ”
961 621 1002 663 εἴ
1028 635 1107 674 περ
1137 635 1185 675 γε
1202 619 1276 664 καὶ
1299 618 1438 671 ἄλλως

141 688 340 741 9,,ἐθέλει
376 689 585 741 φανῆναι.
648 684 702 729 οὐ
732 685 817 741 γάρ
858 685 912 744 δή
954 687 998 739 ἐς
1035 687 1224 732 τοσοῦτό
1252 703 1301 743 γε
1331 687 1436 744 εὐη-

168 750 329 811 ,,θείης’
347 751 499 809 ἀνήκει
527 756 684 807 τοῦτο,
725 753 752 798 ὅ
780 771 822 798 τι
852 756 908 812 δή
937 756 1037 800 κοτέ
1066 756 1155 800 ἐστι
1185 755 1233 801 τὸ
1265 755 1494 812 {mmm-35

166 821 378 878 ,,νόμενόν
401 839 471 866 τοι
499 822 547 866 ἐν
575 826 637 879 τῷ
666 822 815 881 ὕπνῳ,
846 822 955 867 ὥστε
985 823 1101 877 δόξει
1132 824 1203 880 ἐμὲ
1234 823 1357 879 ὁρῶν
1391 825 1439 869 σὲ

111 890 327 945 10,,εἶναι,
378 895 433 950 τῇ
471 896 525 949 σῇ
566 891 717 948 ἐσθῆτι
759 890 1112 948 τεκμαιρόμενον.
1186 893 1223 936 εἰ
1271 894 1318 937 δὲ
1367 893 1439 949 ἐμὲ

165 960 277 1015 ,,μὲν
329 960 375 1004 ἐν
422 959 572 1005 οὐδενὶ
622 958 738 1018 λόγῳ
800 958 1051 1016 ποιήσεται,
1119 957 1224 1005 οὐδὲ
1265 961 1439 1014 ἀξιώσει

166 1028 462 1084 ,ἐπιφανῆναι
481 1061 492 1078 ,
551 1028 653 1073 οὔτε
708 1028 765 1085 ἢν
814 1027 895 1084 τήν
954 1027 1061 1084 ἐμήν
1118 1028 1283 1086 ἐσθῆτα
1342 1030 1436 1086 ἔχω,

166 1097 296 1151 ,,οὐ’τε
325 1097 382 1155 ἢν
411 1098 491 1155 τὴν
520 1097 625 1155 σὴν,
676 1098 723 1142 σὲ
763 1096 810 1142 δὲ
844 1096 1140 1154 ἐπιφοιτήσει,
1191 1100 1324 1142 τοῦτο
1352 1096 1437 1155 ἤδη

110 1261 287 1313 proxime
325 1259 527 1299 anteoedd.
559 1260 661 1300 conf.
698 1261 780 1309 VH,

114 1321 166 1359 10
187 1320 224 1364 ᾗ.
242 1321 281 1359 8.

169 1372 218 1414 σύ
233 1377 315 1413 πᾶν
329 1369 427 1413 αὐτὸ
437 1370 649 1424 συλλαβών
671 1373 780 1425 εἴρη-

110 1433 200 1480 κας]
223 1433 328 1468 Haec
346 1431 462 1468 verba
484 1444 573 1467 cum
595 1429 779 1481 Sohwgh.

110 1489 163 1525 ita
199 1488 442 1525 reddidisset:
507 1487 565 1525 Τιι
593 1492 683 1526 recte
707 1501 779 1525 rem

112 1558 240 1583 omnem
259 1545 470 1582 intellexisti
487 1545 691 1595 dixistique,
714 1559 778 1581 re—

112 1603 206 1639 ctius
227 1602 332 1639 idem
348 1604 386 1638 in
407 1603 539 1638 Lexic.
561 1601 703 1638 Herod.
725 1603 777 1638 ita

111 1658 331 1710 accipienda
354 1672 432 1695 esse
453 1665 602 1695 censet:
637 1658 693 1695 Τιι
721 1671 776 1696 re-

112 1719 164 1754 cte
206 1729 335 1753 omnem
373 1729 444 1753 rem
472 1716 628 1752 brevibus
663 1717 775 1753 verbis

111 1773 307 1823 complexus
346 1785 392 1809 es.
452 1773 576 1822 Supra
606 1773 672 1820 ΙΙΙ,
705 1774 772 1812 82:

112 1828 173 1869 ἕνὶ
197 1828 283 1868 ἔπεϊ
299 1826 431 1868 πάντα
451 1826 697 1880 συλλαβόντα
719 1828 776 1867 εἰ-

110 1889 216 1925 πεῖν.
239 1906 289 1913 -
321 1887 397 1922 Pro
416 1886 521 1935 vulg.
540 1881 776 1935 φανήσεται,

111 1940 217 1994 quod
249 1949 455 1979 tenuerunt
495 1940 691 1979 Schaefer.
740 1947 777 1978 et

109 1997 258 2047 Mattl1.,
301 2012 351 2036 ex
379 2000 525 2050 optimo
554 1999 776 2036 Florentino

110 2069 213 2093 nunc
235 2054 381 2093 editum
401 2052 584 2106 φανήτω.

168 2108 197 2163 ἢ
218 2108 268 2152 οὕ
288 2112 355 2152 καὶ
374 2110 449 2164 τήν
469 2109 587 2163 ἐμήν]
619 2112 675 2148 Ita
688 2124 778 2149 cum

113 2175 270 2206 recentt.
296 2169 382 2206 edd.
414 2170 566 2220 reposui
587 2182 607 2205 e
628 2168 778 2206 Sohae—

113 2226 184 2263 feri
197 2225 464 2263 emendatione
477 2225 524 2263 ad
537 2226 778 2276 Gregor.Co-

114 2280 228 2319 rinth.
241 2295 278 2332 p.
295 2285 386 2323 102.
417 2283 526 2322 Conf.
546 2282 689 2324 Herod.
705 2283 778 2328 IV,

119 2339 212 2378 118.
241 2338 286 2385 V,
308 2338 362 2377 94
390 2339 519 2390 ibique
533 2340 658 2377 allata.
679 2340 778 2378 Vul-

119 2405 168 2444 go
187 2388 316 2443 ἢουκὶ
337 2390 409 2443 τήν
430 2391 544 2446 ἐμήν.

179 2448 218 2488 εἴ
236 2463 308 2499 περ
337 2463 381 2500 γε
414 2449 481 2488 καὶ
503 2448 631 2498 ἄλλως
652 2450 779 2492 ἐθέλει

121 2506 300 2555 φανῆναι
321 2504 338 2552 ]
397 2506 552 2543 Werfer
598 2508 638 2544 in
678 2509 780 2548 Actt.

121 2559 229 2612 phin.
249 2562 424 2598 Monaoc.
444 2563 473 2609 Ι,
493 2575 532 2612 p.
552 2564 633 2603 236
656 2560 782 2611 ἄλλως

121 2624 313 2655 mutatum
332 2619 413 2655 vult
432 2615 614 2664 ἰιιόἔλλοις
630 2631 640 2655 τ
662 2622 693 2657 si
705 2623 782 2669 qui-

123 2674 199 2712 dem
223 2676 329 2712 etiam
362 2675 447 2711 aliis
478 2673 586 2723 (non
607 2675 673 2710 tibi
693 2677 781 2726 soli)

123 2742 291 2780 apparere
328 2730 425 2768 velit.
484 2729 596 2776 Quod
633 2733 784 2781 specio-

121 2799 207 2823 sum
219 2785 373 2838 quidem
383 2786 544 2834 videtur,
554 2799 682 2838 neque
693 2801 782 2825 vero

122 2843 391 2891 necessarium,
423 2842 541 2882 modo
570 2844 784 2881 subintelli-

836 1272 904 1310 gas
953 1258 1042 1311 ἐμοὶ
1075 1263 1277 1311 φανῆναι,
1343 1267 1497 1297 auctore

837 1315 1215 1367 Schweighaeusero.
1286 1318 1420 1369 Itaque
1468 1319 1499 1355 is

835 1375 1084 1411 locisensus:
1138 1377 1199 1422 „si
1232 1375 1369 1424 quidem
1406 1374 1500 1412 illud

837 1433 972 1468 omnino
983 1430 1115 1481 (mihi)
1127 1444 1293 1483 apparere
1309 1432 1431 1468 velitf‘
1441 1453 1498 1458 -—

833 1487 896 1524 Ad
906 1489 1021 1524 verba
1041 1487 1084 1527 ἐν
1107 1484 1237 1527 mistav>
1258 1484 1363 1539 λόγῳ
1376 1485 1499 1538 ποιή-

835 1556 942 1583 σεται
970 1546 1010 1581 in
1030 1547 1144 1596 seqq.'
1165 1545 1296 1581 confer
1317 1546 1428 1581 allata
1449 1544 1498 1582 ad

832 1601 914 1648 VII,
940 1599 1003 1641 14.
1063 1602 1169 1647 Quae
1200 1608 1331 1638 autem
1353 1601 1400 1638 de
1420 1599 1497 1638 hu-

831 1658 889 1694 ius
908 1659 1005 1706 loci,
1038 1671 1155 1710 quem
1177 1658 1357 1710 equidem
1387 1659 1500 1696 Gais-

830 1714 999 1752 fordium
1019 1716 1133 1766 plane
1161 1722 1312 1752 secutus
1329 1714 1500 1765 exhibui,

830 1773 995 1808 lectione
1049 1772 1315 1809 constituenda
1355 1773 1500 1823 profert

833 1828 1025 1879 Stegerus,
1037 1841 1081 1865 ea
1091 1830 1227 1865 merito
1239 1830 1400 1879 explosit
1411 1843 1502 1866 cen-

832 1897 894 1922 sor
922 1886 1126 1936 Lipsiensis
1163 1887 1353 1936 (Ergeinz.
1383 1887 1499 1924 Blatt.

835 1943 941 1982 1833
963 1956 1001 1993 p.
1023 1941 1110 1992 45).

892 1995 935 2037 σὲ
968 1996 1012 2037 δὲ
1042 1994 1312 2049 ἐπιφοιτήσει,
1359 1999 1500 2047 τοῦτο]

835 2053 1221 2106 Schweighaeuserus
1251 2054 1298 2092 de
1326 2068 1395 2093 suo
1417 2055 1503 2093 edi-

835 2111 964 2160 derat,
1002 2113 1189 2163 probante
1229 2113 1348 2150 Miot:
1392 2112 1427 2151 εἰ
1458 2110 1503 2152 δὲ

834 2167 902 2207 καὶ
920 2166 1171 2220 ἐπιφοιτήσει
1188 2171 1304 2209 τοῦτο
1318 2199 1327 2214 ,
1364 2170 1502 2206 maiori

836 2224 1079 2263 distinctione
1100 2233 1188 2263 ante
1207 2225 1276 2263 has
1295 2239 1408 2263 voces
1427 2239 1502 2277 po-

833 2284 916 2320 sita.
976 2283 1050 2328 Qui
1068 2283 1174 2320 idem
1198 2283 1314 2335 paulo
1343 2283 1502 2320 inferius

833 2338 882 2377 ad
912 2341 1051 2378 verba:
1103 2336 1183 2379 ἄλλ’
1214 2337 1296 2390 ἤδη
1331 2341 1394 2379 δεῖ
1418 2338 1499 2391 ἐμὲ,

833 2409 932 2448 quae
963 2398 1062 2435 bene-
1092 2398 1144 2434 sic
1173 2397 1328 2433 refinxit
1353 2395 1501 2434 Sohae-

834 2454 958 2502 ferus,
996 2455 1084 2492 satis
1111 2454 1209 2491 forte
1238 2454 1353 2490 fuisse
1374 2460 1502 2491 censet

836 2505 920 2549 ἄλλ’
959 2510 995 2549 εἰ
1033 2511 1095 2550 δεῖ
1123 2509 1203 2561 ἐμέ.
1261 2509 1431 2548 Bekker.
1454 2509 1502 2547 de

836 2579 904 2603 suo
927 2565 1032 2604 dedit
1053 2563 1134 2606 ἄλλ’
1151 2563 1180 2618 ἢ
1203 2567 1265 2606 δεῖ
1282 2565 1350 2618 ἐμὲ
1373 2582 1455 2606 nuc.
1467 2570 1502 2605 λ.

836 2622 1029 2673 Equidem
1061 2630 1226 2675 utroque
1255 2624 1341 2660 loco
1364 2624 1503 2673 vulga-

838 2684 919 2714 tam
939 2681 1090 2719 retinui.
1148 2679 1212 2717 Ad
1249 2680 1415 2716 formam
1438 2680 1502 2717 δε-

839 2730 1007 2786 δόκηται
1039 2736 1140 2773 conf.
1171 2735 1308 2774 Matth.
1331 2737 1400 2774 Gr.
1435 2736 1502 2770 Gr.

837 2803 926 2859 pag·
957 2790 1049 2833 447.
1069 2814 1126 2820 —
1145 2794 1220 2830 Pro
1230 2791 1400 2832 τουτέων
1412 2790 1500 2827 dedi

837 2860 1003 2888 τουτων.

1120 2906 1174 2944 30
1189 2899 1216 2924 ’ν’

1883 2244 1897 2452 ξ
