1897 3340
398 273 481 312 364
791 269 1250 307 HERODOTI

371 377 598 422 5Δύναται
628 378 673 422 δὲ
702 378 811 422 κατὰ
834 377 1013 422 Ἑλλάδα
1039 381 1238 432 γλῶσσαν
1276 380 1413 419 ταῦτα
1441 374 1492 418 τὰ
1521 373 1651 418 οὐνό-

396 459 530 502 ματα·
562 451 769 501 Δαρεῖος,
802 446 961 501 ἐρξίης·
1005 445 1185 500 Ξέρξης,
1220 442 1396 499 ἀρήϊος·
1430 441 1652 495 Ἀρταξέρ-

399 516 492 570 ξης,
529 513 659 570 μέγας
691 511 856 568 ἀρήϊος.
908 512 1089 555 τούτους
1120 512 1198 566 μὲν
1234 513 1285 567 δὴ
1317 511 1422 561 τοὺς
1450 509 1652 564 βασιλέας

399 575 483 624 ὦδε
513 579 567 623 ἄν
596 578 743 634 ὀρθῶς
782 578 890 622 κατὰ
930 584 1131 634 γλῶσσαν
1167 578 1245 634 τήν
1273 578 1484 633 σφετέρην
1501 577 1647 633 ’Έλλη-
1707 574 1787 617 484

397 664 469 700 νες
497 646 701 691 καλέοιεν.

399 837 579 880 Δύναται
608 837 649 878 δὲ
674 854 709 878 κ.
740 854 770 878 τ.
794 839 856 887 λ.]
896 840 999 876 Haec

346 911 499 950 quoque
529 897 644 935 verba
675 908 794 947 usque
816 894 863 932 ad
884 896 1001 931 finem

346 968 430 1005 cap.
451 967 471 990 a
492 954 740 1004 grammatico
752 951 919 1004 quodam
933 951 1002 988 ad—

345 1013 482 1062 scripta
509 1024 586 1046 esse
617 1010 826 1059 suspicatur
843 1009 1001 1045 wesse-

346 1069 454 1116 ling„
495 1079 611 1118 quem
631 1072 778 1115 praeter
797 1063 1002 1112 Borheck.,

348 1122 543 1161 Schaefer.
565 1129 601 1158 et
621 1119 757 1158 Matth.
777 1122 894 1158 secuti
903 1127 1002 1168 sunt,

346 1181 453 1216 uncis
473 1178 566 1216 haec
585 1176 835 1226 includentes,
867 1178 1004 1230 quibus

346 1249 416 1273 nos
462 1236 544 1271 iure
591 1235 855 1282 liberavimus,
916 1246 1004 1270 cum

347 1293 523 1329 omnibus
563 1292 603 1327 in
644 1290 756 1328 codd.
795 1292 864 1327 ista
885 1303 1004 1340 appa—

347 1355 465 1386 reant.
521 1348 649 1384 Etiam
676 1345 845 1385 Bekker.
867 1347 1003 1384 verba:

339 1401 517 1445 ’δύναται
544 1417 665 1457 usque
685 1402 733 1440 ad
743 1401 920 1442 καλέοιεν
930 1416 1007 1439 un-

350 1463 402 1498 cis
422 1461 594 1509 inclusit,
635 1467 676 1497 ut
695 1462 842 1511 spuria,
885 1458 1006 1496 idem-

353 1531 427 1570 que
447 1530 515 1568 pro
537 1515 656 1570 μέγας
677 1518 886 1567 suspicatur
897 1514 1006 1567 μέγα.

409 1577 577 1624 Δαρεῖος
603 1572 756 1623 ἐρξίης]
812 1571 1006 1609 Schaefer.

353 1637 390 1667 et
415 1628 550 1666 Matth.
578 1631 814 1666 retinuerunt
839 1636 1008 1665 veterem

352 1687 559 1723 lectionem
589 1685 765 1737 ἕρξείης,
797 1686 901 1721 cuius
922 1686 1006 1722 loco

354 1756 374 1778 e
404 1742 594 1780 Sancrosti
625 1743 721 1779 libro
757 1754 910 1793 unoque
932 1743 1009 1777 Pa-

352 1800 466 1835 risino
498 1797 683 1836 Gaisford.
724 1797 828 1834 dedit
866 1797 1010 1847 ἐρξίης,

353 1854 458 1907 quod
477 1854 581 1891 idem
600 1856 676 1891 iam
687 1855 879 1905 placuerat
889 1855 1008 1890 Wes-

353 1912 533 1961 selingio‚
561 1912 697 1949 veteris
726 1918 860 1961 poetae
879 1911 1009 1947 locum

356 1969 485 2005 citanti
514 1967 615 2019 apud
636 1966 839 2017 Hephaest.
862 1965 1010 2004 Euchi-

355 2023 425 2062 rid.
447 2036 534 2074 pag.
562 2026 626 2073 19,
657 2024 723 2060 ubi
748 2021 869 2077 ἕρξίῃ.
925 2022 1011 2060 Ad-

357 2080 451 2117 dunt
469 2081 639 2132 Etymol.
659 2081 776 2128 Voss„
797 2081 864 2117 ubi
884 2078 1012 2129 ἕρξίας

357 2135 379 2176 ὅ
405 2132 629 2185 πρακτικός.
690 2138 746 2172 De
786 2137 865 2186 ipso
904 2136 1015 2173 Darii

359 2194 513 2229 nomine
548 2193 672 2242 plures
703 2191 959 2242 disputarunt,
991 2204 1012 2228 a

358 2249 613 2298 WVesselingio
643 2254 681 2284 et
714 2246 933 2297 Schweigh.
965 2246 1012 2284 ad

358 2303 397 2341 h.
434 2304 459 2340 l.
492 2306 606 2341 citati.
663 2306 765 2340 Inter
803 2316 897 2355 quos
935 2305 1013 2339 iam

358 2373 528 2397 summus
549 2361 578 2396 1.
601 2361 910 2410 Scaligervocem
931 2363 1012 2398 Δα-

360 2419 463 2466 ρεῖος
503 2418 602 2463 sive,
638 2423 680 2452 ut
708 2415 809 2466 apud
849 2417 1013 2453 Ctesiam

361 2480 480 2510 exstat
499 2472 595 2521 (vid.
615 2473 736 2509 Perss.
759 2474 795 2518 ᾗ.
815 2470 866 2512 48
886 2473 1013 2523 ibique

362 2530 490 2577 nott.)‚
525 2532 766 2579 Δαρειαῖος,
788 2541 903 2579 quani
933 2531 1013 2564 He—

362 2584 514 2622 rodotus
534 2597 556 2621 a
575 2585 756 2622 coercendo
776 2597 818 2620 ac
835 2585 1014 2634 premendo

363 2642 431 2689 (ut
461 2644 507 2679 sit
537 2644 720 2690 coercitor,
760 2642 860 2679 conf.
892 2654 912 2677 a
943 2641 1011 2678 Cr.

365 2699 497 2735 citatus
517 2696 723 2736 Ruhnken.
745 2698 863 2748 Epist.
889 2698 968 2734 crit.
982 2700 1015 2733 ll

365 2767 450 2805 pag.
490 2752 565 2794 144
600 2752 661 2791 ed.
697 2755 759 2790 alt.
792 2767 829 2804 p.
856 2754 932 2794 195
955 2753 1015 2790 ed.

363 2810 494 2860 Lips.)
524 2808 687 2858 deducit,
718 2810 862 2860 scripsit
895 2813 1016 2862 ω’ῃη

364 2865 618 2917 (Dardanum).
668 2867 790 2912 Quem
811 2862 941 2903 secuti'
955 2859 1016 2902 alii

1056 843 1274 887 coercentem,
1324 839 1593 886 dominatorem,
1653 842 1715 889 qui

1057 890 1169 933 οτηῆἰα
1187 896 1369 945 premendo
1385 897 1453 933 sibi
1468 897 1625 945 subigat,
1643 909 1712 932 ex-

1057 958 1217 1002 ponunt,
1249 953 1309 987 alii
1329 952 1547 1001 prudentem,
1569 953 1631 988 alii
1656 965 1711 988 re—

1059 1020 1135 1057 gem
1165 1008 1405 1056 intelligunt,
1455 1007 1503 1044 ad
1523 1009 1714 1044 Persicam

1059 1065 1231 1114 linguam
1244 1076 1374 1100 omnes
1386 1071 1632 1114 provocantes
1653 1065 1715 1100 in—

1060 1120 1184 1171 deque
1197 1121 1297 1156 vocis
1319 1127 1371 1171 et)
1383 1133 1473 1157 mou
1487 1127 1711 1171 repetentes.

1059 1176 1144 1215 vid.
1168 1177 1305 1213 Gesen.
1333 1178 1428 1214 Lex.
1449 1178 1565 1213 Hebr.
1586 1178 1603 1212 I
1622 1189 1710 1227 pag.

1060 1235 1154 1274 208-
1175 1234 1211 1269 II
1229 1247 1266 1283 p.
1292 1233 1412 1274 1255.
1441 1234 1593 1270 VViner.
1614 1234 1713 1270 Bibl.

1059 1290 1270 1329 Real-Lex.
1298 1291 1315 1325 I
1345 1303 1382 1339 p.
1414 1290 1492 1330 156
1521 1303 1600 1342 seq.
1649 1290 1716 1326 Tu

1062 1359 1106 1382 ea
1126 1347 1364 1396 potissimum
1385 1346 1556 1383 consulas
1586 1346 1714 1394 velim,

1064 1415 1161 1455 quae
1177 1416 1300 1454 nuper
1321 1401 1367 1438 de
1381 1402 1492 1440 Darii
1507 1415 1600 1439 voce
1616 1403 1720 1439 aliis-

1065 1472 1138 1510 que
1190 1458 1362 1496 disseruit
1418 1458 1638 1496 Grotesend.
1679 1460 1719 1495 in

1064 1518 1226 1553 Heeren.
1256 1514 1372 1552 Ideen
1401 1517 1431 1562 1,
1461 1519 1487 1556 2
1519 1528 1606 1566 pag.
1640 1514 1716 1555 347

1063 1585 1183 1624 seqq„
1229 1585 1317 1609 cum
1337 1571 1448 1609 huius
1476 1573 1590 1622 ipsius
1623 1572 1722 1621 regis

1064 1641 1206 1665 nomen
1228 1629 1425 1679 aliquoties
1445 1629 1653 1678 reperiatur
1681 1628 1720 1663 in

1065 1685 1308 1722 cuneiformis
1328 1685 1398 1721 illis
1418 1683 1722 1735 inscriptionibus

1064 1742 1354 1791 Persepolitanis
1371 1770 1381 1788 ,
1430 1741 1497 1777 ubi
1537 1754 1557 1777 e
1590 1740 1721 1789 lingua

1066 1796 1234 1834 Zendica
1253 1810 1395 1833 nomen
1411 1797 1601 1847 profertur
1620 1796 1722 1833 Dar-

1066 1854 1212 1901 hensch,
1252 1854 1337 1902 vel,
1386 1860 1428 1889 ut
1468 1853 1548 1890 aliis
1587 1853 1723 1904 placet,

1062 1910 1292 1948 Dareiousch.
1351 1909 1450 1955 Quin
1471 1907 1573 1960 apud
1586 1922 1722 1946 recen-

1065 1967 1176 2004 t10res
1206 1967 1336 2003 Persas
1369 1966 1466 2015 regis
1495 1978 1637 2003 nomen
1657 1978 1722 2002 so-

1065 2030 1132 2059 nat
1170 2021 1273 2060 Dara
1310 2036 1339 2059 s.
1379 2022 1517 2059 Darab.
1594 2023 1722 2073 Atque

1068 2077 1315 2116 Grotefendio
1343 2078 1469 2115 iudice
1501 2085 1537 2114 et
1557 2077 1668 2115 Darii
1686 2084 1723 2115 et

1067 2134 1199 2172 Xerxis
1217 2147 1359 2171 nomen
1392 2134 1644 2184 compositum
1663 2135 1723 2171 vi-

1072 2189 1181 2228 detur
1202 2205 1221 2227 e
1242 2192 1396 2228 vocibus
1417 2191 1522 2228 Dara
1545 2190 1585 2240 (i.
1599 2203 1632 2226 e.
1651 2189 1722 2227 do—

1068 2247 1226 2297 minus)
1257 2254 1292 2283 et
1313 2247 1478 2284 Kleschah
1508 2246 1633 2296 (rex),
1671 2248 1724 2283 ita

1069 2310 1111 2340 ut
1139 2302 1353 2340 Hr-rodotus
1386 2303 1628 2354 probabiliter
1652 2315 1724 2353 po-

1070 2366 1250 2396 stremam
1265 2367 1413 2396 tantum
1427 2367 1573 2410 partem
1583 2360 1723 2396 utrius-

1072 2429 1145 2467 que
1166 2418 1267 2453 vocis
1287 2415 1510 2460 reddiderit,
1538 2417 1724 2466 interpre-

1070 2479 1152 2508 tans
1184 2471 1315 2521 ἐρξίης
1333 2479 1370 2508 et
1395 2467 1556 2522 α’ρήϊος,
1587 2473 1653 2508 ubi
1673 2472 1725 2509 si-

1069 2529 1149 2565 mul
1178 2542 1246 2579 pro
1277 2530 1510 2565 Graecorum
1534 2542 1640 2566 more
1677 2527 1726 2565 ad

1069 2598 1206 2622 sonum
1236 2586 1473 2622 persicarum
1503 2585 1726 2636 appellatio-

1072 2654 1166 2677 num
1186 2643 1399 2692 respexerit,
1429 2643 1576 2679 inverso
1588 2653 1726 2692 quam-

1073 2699 1126 2734 vis
1159 2696 1303 2736 ordine.
1387 2700 1562 2749 Namque
1597 2696 1728 2746 ἐρξίης

1074 2755 1119 2790 ab
1158 2755 1237 2804 ipso
1286 2753 1492 2791 confictum
1531 2752 1726 2791 Herodoto

1074 2824 1140 2861 pro
1163 2809 1294 2861 ῥεξίας
1313 2824 1341 2848 S.
1361 2807 1539 2861 πρηκτήρ
1559 2812 1585 2849 i.
1607 2823 1640 2848 e.
1653 2824 1727 2848 πο-

1073 2862 1240 2917 λεμικός.
1298 2867 1436 2904 Contra
1471 2865 1680 2918 Hesychius
1710 2865 1727 2900 1

1865 548 1874 617 ι
