1897 3340
636 209 935 248 ERATO.
995 210 1067 247 VI.
1392 217 1476 255 4⁰9

180 328 331 365 3σατο.
381 321 455 364 καί
492 336 577 371 κως
616 319 765 376 ἑωυτῷ
803 318 882 374 μὲν
922 317 1112 372 ἀρεστῶς
1141 316 1337 374 ὀρχέετο·
1382 319 1405 363 ὁ
1429 322 1507 364 δὲι

206 389 473 444 Κλεισθένης
504 385 664 440 ὁρέων,
695 386 801 430 ὅλον
826 386 875 431 τό
897 390 1074 442 πρῆγμα
1102 385 1334 430 ὑπόπτευε.
1362 388 1468 441 μετα

205 457 274 507 δὲ,
313 454 497 511 ἐπισχών
535 452 558 497 ὁ
598 451 891 510 Ἱπποκλείδης
933 453 1118 510 χρόνον,
1164 453 1331 498 ἐκέλευέ
1368 471 1467 497 τινα

176 523 423 578 4τράπεζαν
457 521 679 564 ἐσενεῖκαι.
736 520 999 578 ἐσελθούσης
1044 522 1091 565 δὲ
1128 525 1203 578 τῆς
1241 521 1493 578 τραπέζης,5

203 594 352 646 πρῶτα
379 590 457 644 μὲν
485 587 554 632 ἐπ’
587 587 721 644 αὐτῆς
740 586 955 645 ὀρχήσατο
981 590 1214 633 Λακωνικὰ
1232 590 1463 646 σχημάτια·

202 657 307 712 μετοὶ
337 657 403 709 δὲ,
437 657 544 699 ἄλλα
571 655 755 699 Ἀττικά·
796 657 846 700 τὸ
875 658 1024 710 τρίτον
1054 657 1123 709 δὲ,
1162 656 1242 712 τήν
1272 657 1465 714 κεφαλὴν

200 724 367 777 ἐρείσας
403 724 472 768 ἐπὶ
499 725 579 779 τὴν
617 723 856 778 τράπεζαν,
893 730 1006 768 τοῖσι
1047 723 1213 768 σκέλεσι
1254 725 1464 781 ἐχειρονό-

172 800 321 848 5μησε.
349 783 351 785 ’
381 792 644 849 Κλεισθένης
675 793 742 846 δὲ,
785 792 837 836 τοὶ
868 793 946 849 μὲν
984 796 1136 846 πρῶτα
1175 793 1247 836 καὶ
1288 793 1340 836 τὰ
1370 793 1463 838 δεύ-

142 960 258 990 centt.
271 952 359 990 dedi
377 967 446 1005 pro
467 955 592 1005 vulg.:
625 953 800 994 ἐκέλευσε

139 1006 206 1049 τὸν
227 1005 403 1061 αὕλητην
430 1007 603 1062 αὔλησαί
623 1012 664 1051 οἷ
684 1011 801 1063 ε’μμέ-

140 1068 431 1120 &amnemque
440 1081 534 1105 mox
553 1066 703 1108 ἐκέλευέ
713 1084 800 1108 τινα

139 1119 334 1175 τράπεζαν
344 1138 411 1175 pro
423 1124 624 1164 ἐκέλευσέν
635 1125 676 1165 οἵ
693 1141 795 1165 τινα.

138 1178 307 1218 Bekker.
329 1183 505 1218 retinuit:
537 1181 712 1221 ἐκέλευσε
730 1197 800 1222 τον

140 1233 320 1288 αυλητην
343 1233 517 1289 αὕλῆσαί
535 1237 577 1277 οἷ
593 1237 798 1290 ἐμμέλειαν

141 1300 178 1330 et
196 1295 311 1344 paulo
331 1302 417 1346 post
436 1294 611 1335 ἐκέλευσέ
635 1295 676 1334 οἱ
694 1311 796 1349 τινα.

137 1349 201 1387 Ad
221 1351 294 1388 loci
314 1359 586 1402 argumentum
617 1350 712 1389 haec
739 1360 797 1390 at-

139 1408 225 1444 tulit
251 1407 469 1458 Schweig
484 1409 635 1446 haeus.
669 1411 798 1458 „Tra-

136 1465 243 1514 gicus
263 1465 424 1502 saltandi
444 1464 682 1518 canendique
711 1479 799 1503 mo-

137 1519 208 1557 dus
229 1519 258 1571 ἦ
273 1518 480 1572 Ἐμμέλεια
497 1523 724 1575 ple-rumque
736 1525 799 1560 in-

137 1578 322 1628 telligitur
339 1577 595 1631 honestusque
616 1581 798 1617 censeba-

139 1640 213 1672 tur.
261 1634 348 1672 Vid.
369 1635 511 1673 Athen.
541 1637 570 1683 I,
595 1638 647 1678 39
675 1650 713 1687 p.
742 1639 793 1677 21

137 1692 184 1728 E.
206 1692 307 1741 XIV,
330 1694 394 1733 30.
418 1696 495 1734 631
521 1693 560 1729 C.
582 1699 619 1730 et
630 1692 796 1745 Hesych.

138 1760 169 1784 s.
197 1761 236 1786 v.
265 1750 284 1785 I
315 1763 354 1799 p.
387 1748 508 1790 1194.
528 1751 678 1787 Monuit
705 1764 796 1788 vero

137 1803 244 1841 idem
262 1805 474 1856 Hesychius
490 1805 628 1843 eodem
639 1809 797 1844 nomine

136 1862 184 1897 ab
221 1860 412 1913 Aeschylo
441 1864 648 1914 satyricum
682 1865 797 1901 etiam

136 1917 297 1954 modum
311 1918 516 1969 indigitari,
539 1921 604 1971 qui
634 1921 722 1957 alias
744 1923 796 1958 si-

136 1976 272 2023 cimzis3
304 1982 418 2027 atque
441 1978 648 2014 eanotione
668 1978 795 2014 forsan

135 2029 318 2082 ἐμμέλεια
351 2032 391 2070 h.
412 2033 439 2073 l.
469 2033 583 2070 fuerit
603 2035 796 2085 accipien-

136 2087 224 2125 da.“
274 2089 340 2126 Tu
369 2088 456 2127 add.
477 2090 577 2128 Plat.
596 2092 654 2127 De
673 2092 795 2142 Legg.

134 2145 204 2182 VII
222 2158 310 2196 pag.
338 2148 419 2187 816
440 2148 486 2184 B.
518 2148 650 2184 Glossa
670 2150 796 2185 Hero-

137 2200 248 2239 dotea
270 2201 475 2254 ἐμμέλειαν
511 2205 668 2255 exponit
687 2220 796 2256 χορι-

136 2254 216 2309 κὴν
240 2257 413 2310 ὄρχησιν.
490 2262 535 2297 In
559 2274 668 2329 seqq.
693 2261 795 2299 edidi

137 2327 227 2351 cum
246 2323 403 2353 recentt.
424 2315 529 2355 editt.
547 2313 743 2370 ὀρχήσατο
757 2326 794 2356 et

137 2366 291 2421 ὀρχέετο
338 2374 513 2423 neglecto
571 2383 792 2426 augmento.

137 2427 248 2466 Conf.
281 2429 404 2466 Koeu.
439 2428 488 2466 ad
516 2432 676 2482 Gregor.
706 2433 794 2470 Cor.

137 2481 186 2520 de
215 2481 304 2521 dial.
330 2486 413 2521 Ion.
442 2486 480 2530 ξ.
512 2489 564 2528 23
593 2501 681 2539 pag.
711 2488 793 2530 407

137 2537 291 2578 Schaef.

194 2593 214 2635 ὁ
258 2594 301 2635 δὲ
348 2595 598 2647 Κλεισθένης
615 2619 669 2626 ——
690 2597 796 2639 ὑπό-

138 2653 272 2700 πτευε]
293 2654 584 2690 Dis-tinctionem
595 2655 634 2690 in
651 2654 796 2692 Sohae-

142 2707 211 2743 feri
232 2707 320 2746 edit.
332 2716 419 2746 ante
429 2710 592 2746 verbum
603 2708 797 2752 ὖπὸπτευε

141 2765 322 2813 positam,
364 2765 543 2817 equidem
573 2779 661 2803 cum
681 2769 798 2805 Gaisf.

143 2820 323 2859 collocavi
335 2829 418 2872 post
433 2820 570 2873 ὁρέων,
590 2823 642 2860 ita
657 2831 699 2861 ut
711 2838 797 2862 ver-

857 955 904 990 ba
924 949 1017 994 ’ὅλον
1034 951 1078 994 vo*
1098 956 1262 1006 πρῆγμα
1284 954 1477 1007 pendeant
1496 970 1518 994 a

857 1024 951 1048 voce
981 1007 1193 1050 ὑπόπτευε.
1221 1014 1290 1050 Est
1310 1012 1519 1051 euimhaec

856 1067 936 1104 fere
966 1069 1040 1104 loci
1055 1069 1263 1106 sententia:
1295 1070 1428 1117 „Quae
1440 1084 1520 1108 con-

857 1126 1003 1175 spiciens
1051 1125 1244 1162 Clisthenes
1283 1139 1410 1164 omnem
1448 1140 1519 1165 rem

855 1182 947 1218 male
982 1181 1105 1220 habuit
1154 1182 1327 1220 levi‘sszma
1365 1197 1519 1234 quaeque

854 1239 1069 1289 suspzcatus.
1125 1240 1296 1276 Verbum
1315 1255 1519 1280 υποπτευ-

856 1309 934 1342 ειν,
967 1301 1010 1331 ut
1035 1296 1207 1333 observat
1226 1298 1517 1347 Wesselingius,

854 1351 1040 1402 significat
1059 1355 1336 1404 circumspicere,
1367 1354 1461 1391 limis
1485 1358 1518 1392 et

855 1410 962 1447 iratis
982 1409 1092 1446 oculis
1112 1409 1305 1460 adspicere,
1343 1417 1386 1448 ut
1413 1409 1517 1451 ὑπο-

857 1463 1019 1516 βλέπειν
1080 1473 1116 1503 et
1172 1464 1352 1515 ὑπιδεῖν,
1412 1467 1516 1520 quod

856 1523 980 1572 attigit
999 1524 1150 1560 Ernest.
1172 1522 1220 1560 ad
1233 1523 1455 1562 Callimach.
1474 1526 1516 1562 in

853 1580 938 1616 Del.
964 1581 1029 1620 62.
1080 1580 1186 1625 Quae
1207 1579 1384 1632 deinceps
1406 1595 1516 1618 com-

853 1643 1118 1673 memorantur
1127 1635 1346 1677 Λακωνικὰ
1363 1635 1516 1689 σχημά-

853 1707 917 1732 τια
933 1722 943 1740 ,
973 1692 1143 1730 indicant
1183 1694 1345 1732 saltandi
1392 1708 1514 1746 genus

855 1748 957 1800 apud
976 1751 1147 1788 Lacones
1162 1752 1356 1799 usitatum,
1376 1753 1417 1789 in
1438 1766 1515 1804 quo

852 1805 999 1857 pedum
1019 1820 1284 1860 manuumque
1313 1808 1516 1847 dexteritas

853 1870 968 1915 atque
988 1865 1029 1900 in
1048 1864 1241 1915 movendo
1263 1867 1431 1903 celeritas
1442 1879 1515 1917 po-

850 1920 1041 1957 tissimum
1093 1922 1344 1972 spectabatur.
1404 1922 1514 1962 Couf.

851 1975 996 2014 Athen.
1025 1978 1052 2015 l.
1071 1978 1098 2015 l.
1120 1985 1157 2015 et
1185 1979 1334 2018 Mffller.
1362 1981 1455 2016 Dor.
1478 1982 1514 2016 11

851 2047 892 2084 p.
932 2037 1027 2082 331,
1065 2035 1132 2071 ubi
1179 2036 1349 2085 pluribus
1388 2036 1512 2084 docet,

853 2103 969 2142 quam
989 2098 1138 2128 mature
1149 2093 1267 2129 Dores
1279 2094 1423 2130 musica
1435 2101 1514 2130 arte

852 2160 896 2185 ac
916 2148 1114 2185 saltatione
1136 2150 1400 2188 excelluerint.

908 2200 982 2254 τὴν
1004 2202 1187 2256 κεφαλὴν
1199 2229 1250 2234 —
1263 2203 1514 2258 ἐχειρονόμη-

852 2261 912 2309 σε]
937 2262 962 2300 ἰ.
987 2275 1020 2299 e.
1051 2266 1156 2313 caput
1177 2265 1213 2300 in
1233 2276 1351 2301 mensa
1370 2266 1514 2302 innixus

851 2319 1011 2356 cruribus
1041 2320 1334 2368 gesticulabatur.
1394 2321 1513 2357 Com-

850 2383 987 2426 parant
1007 2377 1170 2414 Zenobii
1194 2376 1288 2414 illud
1321 2378 1446 2421 (Cent.
1466 2378 1513 2425 V,

851 2432 939 2481 31):
960 2431 1025 2472 ἐπὶ
1037 2431 1134 2485 κράς
1144 2429 1398 2485 κυβιστήσας,
1410 2433 1514 2487 quod

853 2488 991 2526 eodem
1019 2491 1098 2527 fere
1117 2490 1228 2527 redit.
1266 2491 1391 2528 Verba
1411 2495 1514 2530 τοῖσι

854 2544 1005 2585 σκέλέσι
1065 2542 1339 2599 ἐχειρονόμησε
1392 2549 1513 2598 attigit

851 2603 993 2639 Pollux
1011 2604 1060 2651 II,
1085 2605 1162 2645 153
1184 2605 1269 2641 coll.
1279 2602 1512 2642 Eustath.ad

853 2658 961 2695 Iliad.
988 2661 1006 2695 1
1034 2673 1124 2710 pag.
1158 2660 1236 2700 159
1257 2674 1286 2698 s.
1322 2664 1423 2707 120,
1445 2658 1513 2698 44.

853 2716 985 2751 xxm
998 2729 1036 2766 p.
1051 2714 1157 2756 1334
1167 2730 1197 2752 s·
1211 2716 1331 2763 1460,
1354 2719 1420 2756 21.
1439 2714 1512 2751 Od.

853 2771 886 2808 V
903 2784 992 2822 pag.
1016 2772 1119 2813 1531
1143 2785 1173 2808 s.
1193 2774 1288 2819 219,
1308 2775 1381 2818 103
1415 2783 1513 2822 quae

855 2828 932 2864 iam
942 2828 1172 2865 excitaverat
1191 2826 1376 2865 Valcken.
1398 2826 1513 2877 Apud

1876 252 1897 566 ξ
