1897 3340
4 271 29 332 2!

2 355 27 459 ξε
57 401 124 444 47

3 478 8 522 i
23 472 26 525 Ι

595 145 900 185 ΕΒΛΤΟ.
956 145 1036 181 vl.
1370 147 1453 188 287

181 262 369 318 προσήϊε
392 258 477 305 οἷπό
497 273 542 302 τε
561 260 638 313 τῆς
666 252 854 312 ἠπείρου
877 254 948 298 καὶ
979 256 1070 297 τῶν
1099 250 1319 309 μετάλλων
1339 252 1455 305 ἔτεος

186 331 373 374 ἑκάστου
421 324 623 381 διηκόσια
671 323 881 367 τάλαντα·
942 320 1012 365 ὅτε
1061 322 1108 365 δὲ
1153 320 1202 364 τὸ
1250 326 1455 366 πλεῖστον

183 401 429 452 προσῆλθε,
458 390 696 448 τριηκόσια.
754 391 895 436 Εἶδον
938 390 984 434 δὲ
1025 390 1100 434 καὶ
1137 387 1270 441 αὐτὸς
1298 390 1350 433 τοὶ
1382 389 1454 445 μέ-

182 468 316 507 ταλλα
344 465 499 505 ταῦτα·
544 460 617 504 καὶ
648 463 802 517 μακρῷ
840 454 896 516 ἧν
925 457 1069 502 αὐτῶν
1096 456 1450 513 θωυμασιιότατα
1462 462 1507 498 25

180 531 233 575 τὰ
265 533 308 574 οἱ
337 530 538 578 Φοίνικες
568 525 781 582 ἀνεῦρον,
819 529 864 571 οῖ
900 525 1005 583 μετὰ
1039 524 1190 568 Θάσου
1227 526 1452 576 κτίσαντες

179 599 260 654 τήν
290 601 429 653 νῆσον
457 594 642 651 ταύτην·
673 595 766 653 ἥτις
794 598 881 639 νῦν
907 594 976 638 ἐπὶ
997 598 1077 637 τοῦ
1109 592 1259 637 Θάσου
1286 594 1450 637 τούτου

151 670 267 710 Ξτοῦ
303 667 510 714 Φοίνικος
538 663 588 707 τὸ
619 663 792 720 οὔνομα
823 664 930 719 ἔσχε.
988 660 1042 705 τὰ
1085 663 1130 705 δὲ
1170 661 1357 717 μέταλλα
1395 660 1450 704 τὰ

181 733 412 778 Φοινικικὰ
453 736 590 776 ταῦτα
629 732 717 775 ἔστι
753 734 829 787 τῆς
869 728 1022 774 Θάσου
1051 729 1209 785 μεταξύ
1238 729 1450 785 Αἰνύρων

177 816 222 844 τε
264 801 414 856 χώρου
457 799 726 855 καλεομένου
772 798 845 842 καὶ
891 797 1150 852 Κοινύρων,
1207 797 1357 842 ἀντίον
1401 796 1506 840 δὲδο

178 871 517 924 Σαμοθρηίκης·
550 867 653 923 ὄρος
675 866 806 923 μένα,

839 865 1194 923 ἀνεστραμμένον
1221 867 1268 910 ἐν
1296 870 1350 924 τῇ
1382 870 1449 922 ζη-

222 935 232 949 l
416 940 433 948 0
564 935 572 948 ,
770 935 787 950 ,,
989 938 1005 946 ,
1172 936 1184 949 ,
1242 934 1252 948 ,
1349 933 1356 944 .

149 942 312 992 3τησει.
351 952 483 980 τουτο
522 952 602 992 μεν
640 951 726 978 νυν
766 946 856 979 εστι
883 951 1069 979 τοιουτο.
1130 938 1183 978 Οι
1212 936 1258 978 δε
1293 938 1451 978 Θασιοι

122 1121 437 1161 Staatshaushalt.
467 1120 505 1159 (l.
534 1119 678 1159 Athen.
704 1120 723 1156 I
742 1133 782 1171 p.

123 1179 217 1227 334,
249 1181 314 1232 qui
355 1192 440 1216 eam
478 1179 558 1215 fere
597 1177 784 1215 Herodoti

122 1239 351 1273 sententiam
383 1249 462 1273 esse
484 1235 616 1272 docet:
649 1249 669 1271 e
697 1248 785 1271 me-

122 1294 219 1330 tallis
239 1295 278 1329 in
299 1300 398 1330 terra
419 1293 628 1330 continenti
647 1293 723 1329 sitis
736 1290 786 1328 ad

123 1351 386 1402 Sceptesylam
400 1351 602 1402 quotannis
622 1350 662 1385 in
675 1347 787 1385 Tha-

120 1408 264 1444 siorum
284 1409 472 1443 aerarium
491 1406 644 1443 rediisse
673 1412 784 1442 octo-

122 1465 229 1514 giuta
258 1465 421 1511 talenta,
452 1464 644 1500 minorem
671 1475 785 1498 sum-

121 1534 259 1557 mame
274 1521 436 1557 metallis
457 1521 496 1556 in
518 1518 638 1557 Thasi
656 1519 781 1556 insula

121 1578 221 1626 sitis,
269 1577 336 1614 sed
353 1618 356 1623 ¹
373 1584 525 1614 tantum
564 1583 687 1624 certe,
736 1581 780 1612 ut

121 1632 355 1671 Thasiorum
365 1632 451 1686 (qui
461 1634 532 1685 ipsi
543 1635 649 1670 omni
668 1645 785 1683 agro-

121 1704 207 1727 rum
231 1690 517 1743 fundorumque
547 1691 689 1727 tributo
711 1703 783 1727 ex-

121 1749 214 1785 emti
247 1748 381 1798 fuere)
419 1747 562 1784 reditus
603 1747 722 1783 annui
761 1760 782 1783 e

120 1805 283 1842 metalliS
300 1806 341 1841 in
356 1804 568 1842 continenti
588 1817 709 1856 aeque
726 1809 782 1840 at-

122 1875 198 1913 que
226 1863 266 1898 in
300 1862 423 1898 insula
452 1862 552 1910 sitis,
591 1862 670 1897 unit
690 1873 781 1897 cum

121 1919 368 1968 vectigalibus
388 1918 483 1964 aliis,
512 1919 610 1954 intra
632 1918 782 1955 ducenta

122 1987 166 2012 ac
187 1979 343 2012 trecenta
369 1975 510 2011 talenta
531 1975 781 2012 constiterint.

121 2033 178 2069 Ac
195 2031 359 2069 ducenta
378 2032 532 2079 talenta,
551 2032 782 2069 VVurmimn

122 2089 154 2126 si
191 2102 418 2140 sequamur,
465 2088 637 2125 efficiunt
672 2101 782 2125 sum-

92 2142 97 2146 '
121 2158 228 2182 mam
249 2145 343 2193 521,
369 2145 449 2187 165
470 2143 782 2193 florenorum,24

123 2203 378 2252 crucigerr.,s.
393 2205 428 2249 1,
441 2204 782 2251 112,180Fraucc.

123 2259 294 2306 Gallico„
324 2262 479 2296 trecenta
499 2258 668 2296 efficiunt
689 2261 783 2307 781,

123 2313 204 2356 748
224 2315 385 2352 florenn.
407 2318 433 2355 6
455 2317 623 2366 crucigg.
643 2317 724 2353 sive
747 2318 784 2364 1,

123 2373 218 2419 668,
230 2374 310 2412 270
330 2373 489 2409 Franco.
509 2373 679 2421 Gallice„
691 2375 786 2410 octo-

121 2429 227 2476 ginta
245 2429 388 2464 talenta
408 2436 572 2480 aequant
587 2431 680 2474 208,
699 2428 784 2470 466

122 2483 284 2522 florenn.
298 2487 349 2526 10
360 2486 527 2535 crucigg.
554 2487 658 2522 Haec
671 2485 785 2523 Tha-

124 2541 268 2577 siorum
304 2541 459 2578 metalla
496 2541 698 2592 postmodo
742 2543 785 2580 iu

125 2594 417 2634 Atheniensium
427 2604 654 2648 potestatem
665 2597 785 2636 deve-

125 2652 239 2700 nisse,
269 2655 497 2705 accepimus.
535 2655 784 2692 Accuratiora

126 2713 256 2744 tamen
287 2708 335 2746 de
362 2712 429 2759 iis,
447 2749 450 2750 ⁷
471 2710 576 2763 quod
612 2712 784 2748 maxime

127 2762 312 2814 dolemus,
325 2764 474 2806 desunt.
496 2767 577 2806 Cre
590 2780 660 2807 uz.
687 2781 785 2807 con-

838 1122 911 1160 suli
930 1123 1012 1160 vult
1041 1121 1205 1163 Eckhel,
1226 1123 1358 1158 Doctr.
1387 1121 1435 1157 N.
1456 1119 1506 1160 V,

838 1180 925 1217 Vol.
944 1182 980 1216 Π
996 1194 1035 1231 p.
1057 1179 1108 1219 53
1127 1187 1163 1216 et
1183 1179 1250 1220 54.
1280 1177 1382 1215 Add.
1406 1189 1506 1229 quae

839 1238 984 1287 profert
1006 1237 1176 1273 voemel.
1193 1235 1241 1272 ad
1253 1233 1504 1272 Demosthen.

841 1293 1008 1346 Philipp.
1027 1294 1208 1344 Prolegg.
1224 1307 1264 1344 p.
1284 1295 1354 1334 66.

1037 1419 1131 1470 cap.
1155 1419 1311 1456 XLVII.

894 1516 1024 1560 Εἶδον
1043 1518 1085 1560 δὲ
1109 1519 1175 1559 καὶ
1200 1516 1320 1568 αὐτός
1337 1535 1374 1559 κ.
1393 1535 1426 1558 τ.
1448 1520 1506 1569 L]

838 1580 902 1616 Ex
930 1577 988 1615 his
1016 1579 1263 1615 manifestum
1296 1585 1351 1615 est
1377 1579 1506 1614 Hero-

840 1635 975 1673 dotum
1004 1637 1130 1686 ipsum
1158 1636 1196 1671 in
1227 1633 1403 1672 Thasum
1425 1647 1505 1671 esse

838 1692 1057 1730 advectum.
1099 1692 1211 1729 Conf.
1235 1694 1352 1729 etiam
1375 1693 1423 1739 ΙΙ,
1448 1691 1503 1731 44.

838 1757 877 1786 et
915 1752 1041 1800 Heyse
1081 1749 1233 1794 Quaest.
1272 1762 1361 1800 pag.
1409 1749 1504 1787 119.

837 1808 932 1842 Mox
962 1805 1051 1842 dedi
1078 1801 1210 1845 αὐτῶν
1239 1819 1308 1856 pro
1337 1800 1504 1844 αὐτέων.

834 1865 893 1900 De
913 1864 1059 1899 articuli
1078 1864 1115 1900 vi
1137 1864 1174 1898 in
1195 1864 1319 1899 verbis
1341 1862 1382 1901 οἱ
1405 1861 1504 1900 Φοί-

838 1935 946 1966 νικες
972 1919 1020 1959 οἱ
1037 1943 1088 1947 --
1111 1920 1314 1966 κτίσαντες
1350 1918 1504 1955 monuit

838 1976 974 2014 Matth.
995 1977 1061 2013 Gr.
1083 1977 1149 2013 Gr.
1168 1989 1258 2027 pag.
1279 1976 1375 2017 560.

896 2065 961 2106 ε’πὶ
980 2068 1055 2106 τοῦ
1075 2062 1212 2106 Θάσου
1242 2062 1405 2117 τούτου]
1438 2064 1504 2106 ἐπὶ

841 2138 863 2161 e
882 2125 1127 2171 Florentino,
1168 2124 1261 2172 aliis,
1302 2131 1504 2175 receptum

839 2195 909 2233 pro
932 2182 1025 2219 oiim
1044 2182 1150 2231 vulg.
1174 2176 1267 2220 α’πό.
1328 2181 1416 2218 Vid.
1437 2181 1502 2228 IV,

839 2238 908 2280 45.
932 2241 1026 2279 107.
1049 2237 1142 2278 184.
1163 2238 1244 2285 VII⁷
1265 2237 1333 2279 58.
1355 2236 1503 2279 61.74.

839 2296 935 2332 Mox
957 2294 1042 2345 ἔσχε
1064 2295 1200 2345 optimi
1221 2295 1377 2346 quique.
1401 2295 1504 2332 Olim

842 2351 950 2399 ἔσκε,
972 2351 1019 2388 de
1043 2364 1118 2403 quo
1141 2352 1243 2388 conf.
1264 2353 1334 2397 VI,
1356 2354 1424 2392 86.
1445 2373 1503 2380 —-

839 2408 902 2446 Ad
922 2409 1134 2459 genitivum
1152 2410 1223 2459 τῆς
1241 2405 1376 2447 Θάσου
1398 2408 1501 2446 conf.

838 2464 975 2503 Matth.
996 2466 1064 2502 Gr.
1079 2466 1148 2502 Gr.
1167 2478 1256 2516 pag.
1279 2467 1374 2506 629.

899 2541 993 2596 ὅρος
1034 2541 1133 2596 μέγα
1177 2540 1502 2597 ἀνεστραμμένον

839 2599 883 2640 ἐν
913 2603 966 2655 τῇ
995 2599 1178 2651 ζητήσει]
1218 2602 1243 2637 i.
1275 2615 1309 2639 e.
1339 2602 1501 2651 „Ingens

840 2669 936 2694 mons
973 2658 1182 2707 quaerendis
1221 2657 1393 2707 (metalli
1432 2672 1503 2695 ve-

839 2714 930 2763 nis)
961 2727 1087 2764 susque
1107 2714 1217 2765 deque
1246 2726 1367 2753 versus
1404 2714 1503 2753 est‚“

841 2769 1042 2819 Schweigl..
