1897 3340
92 1213 157 1257 42

472 142 1129 184 TERPSICHORE.
1188 142 1234 178 V.

1427 145 1484 182 63

223 256 520 312 Σπαρτιήτῃσι
550 252 788 306 οἷ’πέφαινε·
832 252 905 294 καὶ
945 248 972 306 ή
1011 249 1200 305 προτέρη
1229 250 1363 306 γυνὴ,
1400 250 1480 293 τὸν
1537 262 1777 324 ςιιξ-ιοίὶῗιροηὲαωη

222 325 434 379 πρότερον
460 319 623 377 χρόνον
656 319 814 370 ἄτοκος
853 319 1006 369 ἐοῦσα,
1045 317 1141 362 τότε
1179 334 1266 368 κως
1312 316 1476 372 ἐκύησε,
1493 306 1692 360 winidi-”⁰¹¹¹
1716 302 1812 324 mmm

192 392 432 446 Ξσυντυχίῃ
463 387 601 444 ταύτῃ
629 387 886 444 χρησαμένη.
932 387 1118 443 ἔχουσαν
1139 386 1184 429 δὲ
1215 385 1354 442 αὐτὴν
1384 384 1483 443 ἄλη-

220 460 293 504 θέῑ
319 457 456 515 λόγῳ,
496 458 540 499 οἱ
567 460 642 512 τῆς
670 455 939 513 ἐπελθούσης
967 455 1176 511 γυναικὸς
1215 455 1374 510 οἰκήῖοι
1404 471 1481 498 πυ-

219 527 398 582 θόμενοι
440 523 623 579 ὤχλεον,
670 523 860 579 φάμενοι
907 522 1044 579 αὐτὴν
1083 523 1290 579 κομπέειν
1327 522 1480 575 ἄλλως,

191 591 494 650 3βουλομένην
515 591 829 649 ὑποβαλέσθαι.
853 591 972 635 δεινοὶ
996 592 1041 635 δὲ
1062 591 1306 635 ποιεύντων
1319 590 1481 644 αὐτῶν,

216 665 298 705 τοῦ
327 659 488 716 χρόνου
519 659 869 715 συντάμνοντος,
912 659 990 704 ’ὑπ’
1024 658 1222 715 ἀπιστίης
1253 661 1297 702 οἱ
1326 660 1480 715 ἔφοροι
1493 667 1538 699 25

188 731 450 772 4τίκτουσαν
488 728 568 785 τὴν
609 734 796 783 γυναῖκα
840 727 1132 784 περιιζόμενοι
1170 727 1403 782 ἐφύλαξαν.
1452 728 1480 784 ἡ

217 797 263 840 δὲ
291 796 349 847 ὦς
379 797 490 840 ἔτεκε
521 795 715 849 Δωριέα,
748 796 875 847 ἰθέως
904 799 1011 852 ἰ’σχει
1041 798 1278 852 Λεωνίδην,
1309 796 1383 839 καὶ
1413 811 1481 850 με·

216 864 269 907 τὰ
302 868 462 908 τοῦτον
489 864 619 915 ἰθέως
648 866 755 920 ἴσχει
784 863 1114 920 Κλεόμβροτον·
1156 867 1200 908 οἱ
1242 864 1287 907 δὲ
1316 864 1390 906 καὶ
1420 865 1479 907 δι-

220 933 386 987 δύμους
424 932 599 988 λέγουσι
640 932 952 988 Κλεόμβροτόν
982 950 1026 976 τε
1055 933 1129 976 καὶ
1159 933 1387 987 Λεωνίδην
1415 947 1480 986 γε-

188 1001 389 1043 5νέσθαι.
429 999 456 1057 ή
498 1001 543 1044 δὲ
590 1001 831 1056 Κλεομένεα
869 1005 1055 1044 τεκοῦσα
1095 1006 1169 1045 καὶ
1198 1001 1246 1044 τὸ
1279 999 1539 1053 δεύτερον30

217 1069 462 1112 ἐπελθοῦσα
501 1068 636 1124 γυνὴ,
688 1069 822 1112 ἐοῦσα
853 1069 1052 1124 θυγάτηρ
1086 1067 1372 1125 Πρινητάδεω
1401 1073 1483 1113 τοῦ

217 1138 533 1193 Δημαρμένου,
567 1134 710 1180 οὐκέτι
743 1137 875 1180 ἔτικτε
905 1138 953 1181 τὸ
984 1137 1203 1191 δεύτερον.

147 1453 374 1507 ”Εφεδρον,
405 1467 474 1505 pro
501 1466 578 1505 quo
599 1452 821 1503 Schweigh.

160 1517 446 1562 exspectaverat
467 1508 653 1560 ἕπεδρον,
685 1512 821 1547 Noster

158 1569 337 1618 intelligit
360 1579 596 1605 successorem.
644 1567 702 1604 Ac
733 1568 820 1604 satis

156 1632 295 1662 notum
340 1631 416 1672 est,
461 1625 614 1675 proprie
649 1623 819 1675 ἔφεδρον

157 1681 234 1719 dici
274 1682 510 1731 gladiatorem
558 1682 758 1718 tertiarium
787 1694 815 1720 S.

157 1741 374 1786 secutorem,
429 1738 494 1790 qui
532 1744 616 1788 post
655 1739 819 1774 aliorum

157 1794 322 1832 duorum
352 1807 524 1846 pugnam
564 1795 694 1831 tertius
725 1807 819 1845 pro-

156 1851 326 1903 greditur
340 1880 353 1897 ,
396 1852 537 1889 viribus
565 1865 696 1888 recens
728 1864 818 1888 cum

155 1911 298 1946 victore
320 1908 524 1958 defatigato
535 1921 816 1958 congressurus.

156 1965 267 2002 Unde
288 1979 382 2002 mox
406 1966 517 2001 latius
546 1966 678 2016 serpsit
698 1978 815 2001 voca-

159 2023 239 2059 buli
267 2023 343 2069 vis,
378 2021 426 2059 ad
459 2023 548 2059 alias
569 2035 724 2074 quoque
745 2035 814 2070 res,

155 2079 195 2115 in
227 2081 363 2131 quibus
400 2079 604 2116 succedendi
637 2080 817 2130 primaria

155 2137 252 2172 inest
275 2137 403 2181 notio,
448 2135 634 2173 traducta.
701 2137 817 2172 Plura

155 2194 314 2230 Dorvill.
356 2191 403 2229 ad
433 2191 574 2229 Charit.
603 2205 691 2244 pag.
719 2194 816 2233 436.

156 2251 256 2286 Hinc
287 2262 442 2301 quoque
476 2251 517 2286 in
538 2251 671 2286 Glossa
693 2251 817 2286 Hero-

157 2305 270 2342 dotea
293 2313 329 2342 et
350 2305 451 2357 apud
482 2308 629 2357 Gregor
651 2306 737 2343 Cor.
759 2308 816 2342 De

156 2361 246 2399 dial.
282 2364 361 2399 ion.
402 2365 440 2408 ξ.
482 2365 559 2404 153
607 2376 694 2414 pag.
734 2362 815 2404 546

156 2418 352 2457 Schaefer.
374 2422 579 2471 exponitur
591 2419 814 2472 ἐπίκληρος,

157 2476 288 2514 haeres.

211 2528 299 2571 τότε
337 2547 416 2579 κως
447 2528 589 2583 ἐκύησε
626 2533 812 2587 συντυχίῃ

158 2584 280 2641 ταύτῃ
296 2587 539 2641 χρησαμένη]
562 2590 587 2625 i.
608 2603 640 2626 e.
662 2590 814 2627 tamilla

156 2647 269 2681 nescio
289 2659 353 2694 quo
373 2659 457 2683 casu
470 2645 625 2696 fortuito
638 2646 747 2697 facta
765 2650 816 2683 est

157 2701 321 2747 gravida.
352 2724 407 2729 ——
445 2704 489 2738 In
510 2704 685 2753 proxime
707 2716 813 2755 seqq.

156 2756 316 2793 verbum
338 2757 437 2808 ἔχειν
467 2760 736 2797 illustravimus
765 2759 814 2797 ad

296 1204 346 1248 Ὃ
382 1205 461 1260 μὲν
499 1206 552 1260 δὴ
596 1204 867 1261 Κλεομένης,
916 1203 972 1255 ὡς
1008 1204 1194 1260 λέγεται,
1239 1199 1294 1260 ἧν
1336 1220 1380 1247 τε
1421 1220 1443 1247 ο

216 1272 460 1328 φρενήρης,
507 1270 759 1328 ἀκρομανής
798 1288 852 1315 τε.
912 1271 935 1316 ὁ
979 1273 1023 1317 δὲ
1052 1272 1253 1329 Δωριεύς
1292 1267 1348 1327 ἦν
1388 1275 1478 1314 τῶν

877 1456 942 1500 ΙΠ,
983 1458 1056 1501 323
1117 1453 1164 1491 de
1194 1456 1387 1493 locutione
1427 1453 1539 1494 δεινοὶ

877 1514 1009 1550 ποιεῖν
1033 1511 1135 1547 conf.
1157 1513 1202 1559 V,
1224 1515 1276 1552 33
1299 1520 1335 1549 et
1355 1512 1403 1549 ad
1424 1513 1538 1549 verba

874 1562 944 1606 ’ὑπ’
988 1563 1172 1618 ἄπιστίης
1218 1569 1360 1606 Herod.
1399 1571 1428 1617 Ι,
1471 1570 1538 1608 68.

877 1625 982 1670 Quae
1003 1632 1235 1677 sequuntur:
1276 1629 1350 1665 τοῦ
1387 1620 1534 1677 χρόνον

875 1677 1170 1732 συντάμνοντος
1213 1683 1360 1720 valent:
1404 1683 1536 1732 adpro-

871 1740 1078 1789 pinquante,
1100 1741 1252 1777 instante
1271 1744 1433 1791 tempore,
1457 1752 1534 1790 quo

874 1808 926 1832 sc.
947 1798 1114 1847 paritura
1135 1804 1215 1833 erat
1234 1810 1346 1834 uxor.

1091 1921 1183 1973 Cap.
1196 1923 1317 1959 XLII.

929 2013 983 2070 ἦν
1009 2035 1050 2059 τε
1080 2017 1131 2061 ου’
1165 2019 1372 2074 φρενήρης
1411 2016 1533 2071 cinon——

875 2073 1009 2127 μανής
1039 2079 1107 2127 τε]
1150 2080 1275 2130 Supra
1304 2080 1370 2125 ΙΙΙ,
1400 2079 1454 2119 25
1487 2077 1534 2114 de

876 2134 1083 2185 Cambyse:
1126 2131 1192 2175 οἷα
1221 2134 1263 2175 δὲ
1294 2130 1474 2187 ἐμμανής
1494 2149 1534 2173 τε

875 2187 950 2230 ἐών
973 2190 1038 2229 καὶ
1061 2187 1109 2230 ου’
1133 2189 1338 2244 φρενήρης
1358 2193 1442 2241 (ubi
1455 2190 1533 2228 vid.

859 2247 1002 2297 ‘nott.)‚
1035 2262 1133 2300 quae
1153 2251 1243 2287 huic
1264 2250 1349 2286 loco
1371 2255 1458 2286 sunt
1482 2250 1533 2285 si—

872 2305 1046 2341 millima.
1122 2307 1208 2343 Vox
1240 2302 1472 2356 οἷκρομανής
1513 2318 1534 2340 a

874 2362 1069 2398 Gronovio
1089 2362 1261 2400 redditur
1272 2363 1457 2400 admodum
1467 2361 1534 2411 fu—

872 2431 960 2466 ren-3,
992 2431 1012 2454 a
1043 2420 1183 2457 Porto:
1215 2433 1342 2457 summe
1373 2422 1534 2466 insanus,

871 2488 982 2525 supra
1003 2476 1139 2513 modum
1159 2479 1319 2524 insanus,
1348 2477 1533 2527 probante

872 2530 1109 2569 Schneidero
1137 2534 1176 2569 in
1206 2536 1303 2570 Lex.
1333 2534 1397 2570 Gr.
1421 2546 1450 2569 s.
1481 2546 1531 2578 v.‚

1448 1202 1475 1246 ὖ
1534 1205 1657 1232 Mortuo
1675 1207 1813 1234 Anaxan-

1539 1240 1645 1266 dridae
1656 1239 1797 1268 Cleome-

1538 1282 1592 1300 nes
1613 1274 1761 1301 suom-[lit.

1540 1308 1625 1343 Quod
1645 1309 1781 1343 grau'ter

871 2602 1107 2641 qllflll'lquflln
1128 2589 1202 2627 hoc
1232 2592 1360 2627 lnillus
1387 2602 1540 2626 conve*

870 2647 952 2682 nire
972 2646 1122 2683 videtur
1134 2649 1173 2683 ‘m
1185 2647 1444 2690 Cleomenem,
1467 2645 1531 2695 qui

871 2716 962 2740 cum
989 2703 1209 2754 Aristagorfi
1241 2704 1462 2753 colloquens
1483 2700 1528 2747 V,

870 2758 1053 2801 49-—51
1085 2773 1165 2797 non
1199 2758 1409 2796 admodum
1429 2758 1531 2793 insa-
