1897 3340
417 196 498 236 112
809 200 1273 236 nunonoTl

416 304 591 359 Κόδρον
630 322 676 348 τε
713 308 786 349 καὶ
825 308 1085 356 Μέλανθον,
1131 311 1174 351 οἳ
1211 309 1429 363 πρότερον
1467 307 1674 364 ἐπήλυδες

413 372 578 424 ἐόντες,
609 373 808 428 ἐγένοντο
838 373 1081 430 Ἀθηναίων
1110 376 1313 430 βασιλέες.
1344 377 1412 420 ἐπὶ
1437 375 1598 420 τούτου
1629 378 1728 421 ὃὲ15

389 440 495 483 ὦκαὶ
527 439 667 483 τώυτό
711 439 879 496 οὔνομα
918 441 1271 498 ἀπεμνημόνευσε
1297 441 1582 499 Ἱπποκράτης
1609 449 1670 499 τῷ

409 508 531 551 παιδὶ
563 508 746 556 θέσθαι,
786 508 864 551 τὸν
896 511 1237 564 Πεισίστρατον,
1274 510 1344 554 ἐπὶ
1382 515 1462 555 τοῦ
1503 511 1670 555 Νέστο-

381 581 492 629 6ρος
526 575 839 629 Πεισιστράτου
867 575 1124 631 ποιεύμενος
1153 578 1231 633 τὴν
1261 579 1520 634 ἐπωνυμίην.
1588 577 1670 622 Οὕ-

411 660 469 686 τω
499 643 576 698 μὲν
611 641 834 698 Ἀθηναῖοι
885 642 1116 697 τυράννων
1163 644 1523 702 ἀπαλλάχθησαν·
1586 646 1669 689 ὅσα

410 711 456 753 δὲ
486 710 850 763 ἐλευθερωθέντες
881 710 1007 763 ἔρξαν
1039 710 1067 766 ἢ
1115 712 1281 755 ἔπαθον
1321 712 1520 769 ἀξιόχρεα
1560 711 1666 768 ἆπη-
1679 719 1726 752 20

407 778 579 832 γήσιος,
619 777 724 829 πρὶν
753 777 783 833 ἦ
810 775 974 833 Ἰωνίην
1002 794 1045 821 τε
1076 778 1314 834 ἀποστῆναι
1344 779 1429 822 άπό
1461 783 1668 833 Δαρείου,

407 845 481 887 καὶ
505 841 810 900 Ἀρισταγόρεα
830 843 909 888 τόν
938 846 1158 901 ιΜιλήσιον
1187 846 1452 903 ἀπικόμενον
1482 848 1525 898 ἐς
1548 846 1669 903 ’Aeri-

407 927 488 962 νας
516 916 674 969 χρῇσαι
704 913 853 969 σφέων
883 913 1104 968 βοηθέειν,
1144 918 1281 958 ταῦτα
1311 918 1462 969 πρῶτα
1494 915 1666 970 φράσω.

485 977 692 1036 Ἀθῆναι,
737 980 888 1024 ἐοῦσαι
928 981 1001 1023 καὶ
1031 981 1135 1036 πρὶν
1164 982 1363 1038 μεγάλαι,
1399 980 1495 1026 τότε
1538 979 1670 1025 άπαλ-
1718 983 1723 985 ’

382 1050 637 1102 Ξλαχθεῖσαι
675 1047 932 1102 τυράννων,
973 1049 1167 1104 ἐγίνοντο
1197 1050 1382 1104 μέζονες.
1441 1049 1488 1092 ἐν
1519 1048 1564 1092 δὲ
1595 1047 1670 1092 αὐ-

409 1119 507 1172 τῇσι
538 1114 619 1160 δύο
650 1115 804 1172 ἄνδρες
834 1114 1147 1171 ἐδυνάστευον,
1178 1117 1444 1173 Κλεισθένης
1470 1132 1528 1168 τε,
1558 1115 1725 1172 nimio-⁶25

281 982 347 1026 66

79 1045 124 1072 De
143 1046 231 1073 robus
248 1046 337 1073 Athr-

78 1080 225 1106 nitnsinin
251 1089 303 1114 pis(
291 1084 317 1106 αἱ

79 1117 111 1147 ι)
117 1122 225 1140 rinnon
245 1114 350 1153 expul-

76 1155 124 1173 sos
135 1147 275 1183 usquead
287 1147 353 1174 Ari-

353 1281 394 1312 ut
424 1277 584 1323 Ionum,
628 1278 695 1328 qui
723 1284 808 1328 post
842 1276 1011 1314 Codrum

349 1339 547 1368 mortuum
569 1346 670 1370 anno
694 1337 801 1374 1130
830 1335 870 1370 in
899 1334 1011 1370 Asiae

351 1390 545 1439 oppositae
573 1402 682 1426 oram
709 1391 1011 1440 commigrarunt

351 1443 431 1482 dux
451 1448 742 1482 constitueretur
755 1447 924 1494 ‘Neleus,
945 1459 1012 1483 ea-

352 1500 441 1538 dem
450 1501 515 1538 issa
526 1510 732 1553 prognatus
743 1504 869 1553 stirpe.
891 1504 1010 1538 Prae—

350 1565 408 1594 ter
417 1557 595 1594 Larcher.
616 1567 748 1596 notam
765 1558 814 1595 ad
833 1557 909 1596 h.l.
928 1558 1007 1596 vid.

352 1615 395 1651 C.
419 1616 463 1651 O.
484 1616 632 1652 Mttller.
660 1613 889 1652 Orchomen.
917 1627 1007 1665 pag.

351 1673 446 1711 366.
492 1673 589 1708 Hinc
610 1673 709 1719 satis,
731 1673 876 1721 opinor,
898 1678 1007 1722 pate—

316 1745 322 1749 -
350 1727 403 1763 bit
419 1756 429 1774 ‚
452 1740 548 1778 quae
569 1727 806 1765 Pisistratidis
826 1741 915 1764 cum
937 1740 1007 1763 an-

351 1784 462 1834 tiquis
490 1785 638 1820 Atticae
660 1790 780 1821 'terrae
799 1785 949 1834 regibus
971 1791 1007 1820 et

352 1852 442 1876 cum
462 1841 541 1891 ipso
563 1842 680 1877 Neleo
690 1843 924 1892 Nestoreque
944 1841 1007 1876 iu-

346 1898 555 1934 tercesserit
588 1899 777 1946 cognatio.
815 1920 866 1924 —
932 1898 1006 1933 Pro

349 1953 536 2003 βασιλῆες
564 1952 721 1990 exhibui
751 1952 938 2004 βασιλέες,
971 1960 1008 1990 et

348 2022 416 2059 pro
439 2006 590 2048 αὐτέων
611 2010 695 2046 dedi
729 2006 874 2048 αὐτῶν.

405 2065 466 2105 ἐπὶ
500 2065 642 2105 τούτου
681 2066 724 2105 δὲ
760 2065 828 2104 καὶ
876 2060 1005 2105 voe'vtd

350 2119 505 2172 οὕνομα
527 2118 851 2173 ἀπεμνημόνευσε
870 2120 1006 2161 Ἵππο-

348 2175 495 2229 κράτης
525 2194 561 2217 κ.
589 2194 621 2217 τ.
647 2180 711 2227 λ.]
760 2180 1006 2228 Hippocrates

349 2242 442 2272 teste
464 2234 656 2272 Herodoto
676 2237 704 2282 Ι,
727 2236 792 2280 59,
813 2236 1005 2283 Pisistrati,

350 2290 642 2328 Atheniensium
682 2293 858 2342 tyranni,
898 2298 1006 2341 pater

350 2355 431 2394 est;
462 2350 529 2399 qui
559 2350 637 2398 ipse
666 2349 704 2383 in
739 2361 828 2384 suae
854 2349 1007 2396 originis

349 2406 576 2440 memoriam
608 2405 682 2440 tilio
720 2417 862 2440 nomen
904 2404 1007 2440 dedit

351 2460 560 2507 Pisistrati,
602 2460 759 2497 ductum
787 2461 833 2496 ab
854 2461 917 2495 illo
939 2462 1005 2495 Pi-

349 2518 507 2563 sistrato,
531 2518 596 2569 qui
615 2518 887 2554 Nestoris-filius
908 2518 1004 2568 Pylo

348 2572 516 2610 Athenas
537 2574 770 2623 confugerat.
829 2575 1003 2624 Namque

348 2629 499 2666 verba'
483 2628 547 2669 επὶ
578 2627 722 2668 τούτου
755 2643 847 2666 mox
880 2631 1004 2679 expli-

349 2685 607 2738 canturquod
609 2685 777 2723 unmodo
800 2684 957 2722 verbis’
941 2684 1005 2724 επὶ

347 2745 421 2782 τοῦ
454 2742 667 2807 Νέστορος
721 2737 1003 2791 Πεισιστράτου

348 2813 586 2850 ποιενμενῦς
630 2815 701 2851 την
749 2798 1001 2849 ἐπωνυμίην,

1068 1279 1135 1315 ubi
1163 1277 1210 1315 de
1240 1291 1311 1316 usu
1338 1278 1622 1329 praepositionis
1660 1275 1727 1316 ἐπὶ

1067 1334 1144 1372 vid.
1166 1342 1261 1372 nott.
1282 1334 1330 1371 ad
1342 1336 1404 1383 IV,
1417 1333 1470 1375 45
1494 1341 1530 1371 et
1539 1333 1586 1370 de
1605 1334 1727 1383 sigui-

1066 1391 1242 1428 ficatione
1273 1393 1376 1429 vocis
1404 1390 1609 1441 ἐπωνυμίη
1629 1396 1726 1427 nott.

1067 1447 1115 1484 ad
1145 1449 1180 1492 Ι,
1218 1448 1281 1488 14.
1315 1448 1384 1485 Cr.
1417 1446 1466 1484 ad
1486 1446 1579 1484 haec
1600 1448 1726 1483 Hero—

1069 1503 1149 1541 doti
1171 1504 1286 1541 verba
1306 1504 1453 1541 confert
1472 1502 1646 1540 Eustath.
1676 1501 1726 1540 ad

1068 1559 1200 1610 Odyss.
1222 1560 1289 1607 ΙΙΙ,
1309 1560 1391 1600 415
1409 1572 1496 1610 pag.
1509 1560 1587 1599 135
1608 1560 1725 1596 Basil.

1064 1618 1193 1652 ——In
1222 1629 1328 1668 seqq.
1361 1614 1469 1662 dedi,
1499 1613 1604 1681 quod
1634 1616 1723 1666 plu-

1063 1673 1150 1708 rimi
1179 1673 1363 1709 iubebant
1393 1670 1505 1709 codd.
1541 1666 1723 1736 οἷξιὸχρεα

1063 1741 1131 1779 pro
1154 1724 1354 1779 αξιοχρεω,
1365 1735 1406 1765 ut
1424 1729 1489 1775 IV,
1513 1729 1591 1768 129
1610 1723 1722 1775 ἄξιό-

1064 1800 1175 1836 χρεος
1196 1799 1264 1835 pro
1286 1780 1350 1832 αξι
1354 1781 1520 1836 όχρεως,
1550 1784 1720 1835 itemque

1062 1855 1157 1877 mox
1175 1844 1318 1894 χρῇσαι
1338 1855 1406 1892 pro
1423 1841 1594 1891 χρηΐσαι,
1617 1839 1722 1892 quod

1063 1896 1257 1935 Schaeser.
1296 1905 1334 1934 et
1362 1897 1498 1934 Matth.
1529 1895 1724 1935 exhibent.

1063 1955 1128 1992 Tu
1149 1954 1249 1991 conf.
1272 1954 1316 2002 V,
1343 1957 1406 1995 18.
1428 1956 1496 1994 20.

1274 2043 1365 2094 Cap.
1386 2043 1522 2079 LXVI.

1117 2117 1295 2171 Ἀθῆναι
1324 2144 1380 2150 —
1408 2122 1585 2173 ἐγίνοντο
1608 2119 1722 2173 μέζο-

1061 2180 1154 2227 νες]
1194 2181 1276 2216 Ποο
1315 2181 1363 2215 ex
1393 2179 1477 2216 loco
1511 2177 1615 2215 haud
1643 2180 1721 2216 solo

1062 2248 1110 2271 an
1131 2237 1245 2286 ipsius
1259 2237 1447 2286 scriptoris
1469 2235 1615 2272 eluceat
1635 2235 1722 2271 aui-

1054 2304 1146 2337 ·mus
1186 2305 1207 2328 a
1253 2299 1504 2343 tyrannorum
1560 2292 1720 2342 imperio

1065 2360 1180 2398 qnam
1211 2350 1380 2384 maxime
1411 2349 1554 2384 alienus
1582 2355 1620 2384 et
1647 2360 1720 2398 po·-

1062 2406 1185 2454 pnlari
1206 2406 1366 2455 imper10
1388 2406 1627 2455 potissimum
1649 2402 1719 2440 de-

1063 2461 1182 2497 ditus:
1206 2461 1243 2498 ld
1266 2460 1369 2512 quod
1390 2462 1452 2498 alii
1472 2472 1625 2512 quoque
1645 2460 1720 2496 loci

1061 2518 1101 2553 in
1126 2518 1203 2553 eius
1225 2518 1324 2555 libris
1346 2518 1447 2554 obvii
1470 2515 1637 2552 indicare
1658 2517 1717 2553 vi-

1062 2573 1209 2610 dentur.
1251 2575 1308 2611 Cf.
1330 2575 1409 2620 vn,
1434 2573 1512 2613 156
1535 2572 1600 2608 fin.
1627 2571 1717 2612 164.

1061 2632 1193 2680 Neque
1222 2637 1350 2666 tamen
1384 2627 1422 2665 id
1451 2629 1521 2664 sibi
1562 2627 1718 2665 indulsit

1061 2684 1235 2722 historiae
1256 2693 1372 2736 pater,
1394 2692 1434 2721 ut
1455 2685 1620 2734 partium
1634 2691 1717 2721 stu-

1062 2741 1124 2777 dio
1147 2743 1333 2778 obnoxius
1355 2754 1481 2777 rerum
1502 2739 1717 2791 fidemper-

1062 2799 1229 2836 turbaret
1259 2806 1371 2850 atque
1393 2804 1589 2836 everteret.
1658 2796 1718 2834 Cf.
