1897 3340
426 191 510 232 708
819 184 1277 224 HERODOTI

398 296 581 347 Ξέόντας
610 296 784 351 Κρῆτας
811 295 1030 351 τιμωροὺς
1058 291 1281 352 Μενέλεῳ.
1311 290 1410 335 ἀντὶ
1436 291 1605 335 τούτων
1634 291 1734 336 ‹st-45

430 376 510 421 σφι
552 360 874 419 ἀπονοστήσασι
913 362 960 406 ἐκ
993 362 1172 416 Τροίης,
1203 359 1331 415 λιμόν
1359 375 1403 402 τε
1424 360 1497 403 καὶ
1524 359 1679 415 λοιμὸν

428 431 630 488 γενέσθαι
669 430 742 473 καὶ
788 428 958 472 αὐτοῖσι
996 428 1068 470 καὶ
1100 432 1211 470 τοῖσι
1240 426 1520 483 προβάτοισι·
1559 427 1601 478 ἔς
1620 442 1678 480 τε,

429 499 478 543 τὸ
509 498 711 551 δεύτερον
740 496 1031 551 ἐρημωθείσης
1053 494 1233 550 Κρήτης,
1262 493 1366 549 μετοέ
1385 498 1472 537 τῶν
1499 493 1681 538 ὑπολοί-

403 573 532 608 ὃπων
559 565 732 617 τρίτους
762 562 898 618 αὐτὴν
926 565 1011 604 νῦν
1039 562 1243 616 νέμεσθαι
1273 565 1460 617 Κρῆτας.
1513 560 1572 603 Ἡ
1602 561 1682 617 μὲν

431 631 484 687 δή
519 632 669 686 Πυθίη
697 628 986 684 ὑπομνήσασα
1013 632 1161 678 ταῦτα,
1190 629 1280 684 ἔσχε
1295 629 1590 685 βουλομένους
1617 645 1681 673 τι·
1737 629 1819 671 586

431 697 619 754 μωρέειν
646 702 758 740 τοῖσι
779 696 967 752 Ἕλλησι.
1680 715 1684 717 -

520 764 729 808 Θεσσαλοὶ
751 764 797 808 δὲ
815 762 902 808 ὑπὸ
924 761 1161 820 ἀναγκαίης
1189 763 1238 807 τὸ
1257 768 1432 819 πρῶτον
1464 762 1685 819 ἐμήδισαν,
1695 767 1740 802 50

273 774 372 819 172

104 838 249 868 Thessali
280 838 378 865 Grae-

105 882 206 900 corum
218 873 305 899 rebus
316 872 376 907 pri-

105 916 185 936 mum
208 907 313 935 favent

375 944 559 1000 λιτότητα
587 948 756 985 invenies
789 949 819 994 I,
849 949 918 989 99.
948 948 1032 996 VII,

376 1010 402 1049 8
436 1007 474 1051 ξ.
504 1010 540 1044 1.
599 1004 660 1041 Ad
694 1018 806 1041 voces
836 1002 1033 1055 τιμωρούς

380 1059 570 1114 Μενέλεῳ
614 1061 716 1098 conf.
757 1067 851 1098 nott.
883 1060 930 1097 acl
951 1062 1031 1108 Vll,

383 1120 476 1159 169.
516 1118 614 1154 Cum
633 1115 815 1154 Herodoti
834 1115 906 1153 hac
922 1117 1033 1154 laude

318 1198 321 1201 -
382 1173 429 1211 de
453 1175 673 1210 Prasiorum
697 1172 918 1210 fortitudine
939 1187 1033 1210 con-

381 1231 539 1268 veniunt
555 1229 688 1267 laudes
718 1230 956 1267 Cretensibus
986 1231 1033 1267 ab

381 1288 551 1324 Homero
582 1286 768 1334 tributae,
797 1286 903 1323 cuius
932 1287 1036 1323 locos

382 1342 564 1380 indicabit
593 1341 741 1380 Hoeck.
776 1344 812 1379 Π
845 1355 934 1394 pag.
954 1343 1036 1384 400

381 1412 462 1451 seq.

441 1483 558 1539 λιμόν
587 1502 627 1528 τε
663 1486 731 1527 καὶ
769 1484 904 1539 λοιμὸν
930 1484 1042 1540 γενέ-

369 1545 513 1592 Ισθαι]
567 1544 806 1581 Cretensibus
837 1557 915 1580 non
937 1545 1042 1580 aliter

386 1613 430 1637 ac
451 1601 603 1651 reliquis
621 1602 776 1637 Graecis
791 1602 892 1636 mala
907 1613 926 1636 e
941 1601 1041 1636 bello

386 1657 559 1693 Troiano
582 1656 762 1693 accidisse
784 1656 961 1692 credibile
982 1657 1042 1693 vi-

389 1711 500 1749 detur
531 1711 680 1749 Hoeck.
709 1714 745 1748 11
765 1725 803 1762 p.
824 1711 917 1753 405.
947 1714 1041 1759 417,

389 1769 475 1806 viris
505 1769 581 1806 scil.
612 1768 821 1805 fortissimis
850 1769 977 1804 multis
999 1780 1042 1804 ac

389 1825 622 1875 principibus
649 1831 732 1862 tum
759 1825 798 1860 in
819 1825 918 1860 bello
940 1825 1043 1861 occi-

389 1881 438 1918 sis
464 1887 548 1917 tum
578 1881 617 1916 in
653 1879 777 1917 reditu
818 1881 1044 1925 interemtis,

390 1935 640 1974 seditionibus
653 1936 758 1973 domi
769 1938 920 1984 exortis,
943 1949 1048 1988 quas,

392 1993 447 2029 uti
468 1992 521 2040 fit,
543 1993 663 2031 fames
684 2006 726 2030 ac
748 1994 859 2043 pestis
881 2000 934 2030 est
955 2006 1050 2030 con-

391 2055 542 2093 secuta3
590 2050 642 2085 ita
682 2056 723 2085 ut
755 2056 882 2086 vetere
920 2062 1049 2085 rerum

392 2112 491 2142 statu
511 2117 662 2155 prorsus
682 2106 906 2142 labefactata
929 2104 1048 2142 adeo-

394 2173 470 2211 que
484 2174 613 2197 everso
627 2174 726 2197 nova
740 2161 897 2198 demum
919 2174 1048 2197 rerum

394 2217 508 2251 facies
550 2218 745 2263 existeret,
779 2218 940 2253 Doribus
971 2218 1046 2252 im·-

394 2272 657 2320 migrantibus,
679 2273 743 2322 qui
764 2284 839 2307 una
859 2284 947 2307 cum
968 2272 1047 2307 aliis

394 2328 564 2363 tribubus
574 2328 764 2363 coniuncti
775 2328 812 2362 in
824 2328 912 2363 alias
926 2328 1048 2363 Grae-

395 2383 475 2419 ciae
493 2389 615 2432 partes
639 2389 752 2433 atque
773 2384 886 2419 etiam
906 2384 944 2419 in
958 2384 1048 2420 Cre-

396 2445 476 2475 tam
503 2439 720 2485 invaserint,
753 2452 866 2489 quam
894 2441 1048 2476 tertium

397 2495 597 2531 incoluisse
626 2493 798 2531 dicantur
811 2525 821 2542 ,
841 2496 871 2531 si
892 2495 1048 2546 quidem

395 2553 504 2601 primi
534 2551 682 2588 incolae
720 2552 793 2588 sint
832 2551 1046 2601 indigenae,

397 2608 527 2643 Minoe
567 2613 775 2657 regnante3
823 2608 929 2644 alleri
965 2616 1048 2659 post

399 2663 570 2699 Siculam
598 2664 734 2699 Minois
764 2664 1048 2713 expeditionem

398 2720 555 2769 ingressi
584 2726 621 2756 et
649 2720 797 2756 barbari
827 2727 863 2755 et
892 2722 1046 2768 Graeci3

398 2777 498 2813 tertii
515 2777 633 2813 Dores
653 2788 753 2813 anno
775 2776 894 2824 ferme
915 2784 1047 2814 cente-

1087 948 1183 986 simo
1201 946 1488 1000 quadragesimo
1503 954 1586 998 post
1594 947 1739 985 bellum

1089 1006 1303 1042 Troianum
1328 1002 1403 1040 huc
1420 1003 1566 1040 advecti
1594 1011 1630 1041 et
1651 1016 1740 1040 cum

1088 1061 1239 1098 residua
1259 1061 1474 1098 incolarum
1498 1059 1741 1097 multitudine

1089 1117 1296 1155 coniuncti.
1312 1113 1371 1149 ⁴.-
1401 1115 1463 1153 Ad
1490 1128 1625 1153 vocem
1644 1130 1742 1166 προ-

1090 1171 1245 1226 βάτοισι
1273 1171 1374 1210 conf.
1394 1174 1425 1221 I,
1450 1174 1542 1212 133.
1564 1175 1657 1213 207.

1260 1286 1353 1336 Cap.
1383 1284 1573 1323 CLXXII.

1150 1371 1194 1415 τό
1210 1377 1369 1427 πρῶτον
1382 1371 1574 1425 ἐμήδισαν
1589 1370 1643 1420 ὥς
1663 1369 1743 1412 διέ-

1096 1432 1238 1480 δεξαν]
1273 1430 1483 1468 Larcherus
1521 1429 1636 1466 deleri
1665 1430 1747 1467 vult

1096 1485 1140 1527 τὸ
1172 1490 1354 1539 πρῶτον,
1384 1494 1449 1524 aut
1468 1487 1499 1525 si
1528 1487 1745 1533 retineatur,

1099 1545 1275 1581 collocari
1304 1551 1387 1594 post
1419 1540 1491 1582 ὅτι.
1548 1543 1672 1580 Verba
1693 1539 1748 1588 ὥς

1099 1599 1288 1648 διέδεξαν,
1311 1598 1510 1650 Schweigl‘
1521 1611 1674 1636 aeusero
1685 1599 1749 1634 in-

1098 1664 1261 1708 terprete
1303 1657 1451 1693 valent:
1512 1656 1590 1702 uti,
1627 1655 1751 1702 sicuti,

1099 1713 1382 1764 quemadmodum
1392 1711 1627 1757 ostenderunt,
1637 1723 1751 1747 nem-

1098 1783 1147 1820 pe
1174 1771 1230 1806 uti
1245 1769 1382 1819 quidem
1401 1781 1443 1804 ea
1459 1781 1499 1804 re
1515 1796 1524 1814 ,
1546 1779 1643 1819 quae
1655 1779 1752 1804 con-

1100 1827 1207 1863 tiuuo
1229 1824 1368 1862 deinde
1398 1824 1601 1875 exponitur
1621 1823 1753 1873 (nem-

1076 1895 1079 1897 ·
1099 1896 1148 1934 pe
1168 1883 1299 1932 legatis
1327 1880 1376 1918 ad
1396 1882 1628 1918 Graecorum
1657 1892 1753 1917 con-

1105 1938 1238 1975 cilium
1267 1938 1388 1975 missis
1408 1950 1499 1974 cum
1519 1937 1571 1974 eis
1590 1934 1753 1973 manda-

1105 1997 1264 2046 tis,quae
1278 2007 1372 2031 mox
1386 1991 1752 2040 commemorantur)

1104 2054 1194 2089 satis
1229 2055 1261 2088 et
1288 2052 1467 2100 perspicue
1515 2048 1752 2085 ostenderunt.

1106 2107 1341 2144 ostenderunt
1373 2111 1499 2141 autem
1531 2116 1575 2140 ea
1595 2104 1752 2152 ratione,

1102 2176 1168 2199 non
1205 2162 1342 2210 placere
1379 2161 1449 2197 sibi
1493 2159 1753 2196 Aleuadarum

1104 2217 1257 2254 artificia
1275 2216 1341 2264 (de
1362 2217 1498 2268 quibus
1518 2215 1594 2253 vid.
1617 2217 1698 2264 Vn,
1713 2218 1754 2257 6.

1107 2275 1214 2319 130)
1245 2286 1371 2324 neque
1403 2286 1441 2309 se
1465 2279 1589 2322 partes
1609 2273 1755 2323 ample-

1103 2341 1218 2365 xuros
1247 2343 1324 2365 esse
1345 2330 1568 2376 Persarmn,
1596 2330 1667 2366 nisi
1686 2341 1754 2365 ne-

1103 2386 1271 2422 cessitate
1302 2385 1441 2422 fuerint
1469 2385 1601 2423 coacti,
1638 2384 1750 2422 Conf.

1108 2440 1200 2481 174.
1276 2443 1332 2478 Ita
1371 2439 1755 2492 Schweighaeuserus

1105 2496 1248 2534 addens
1268 2498 1306 2534 in
1317 2499 1431 2536 verbo
1442 2498 1649 2548 composito
1670 2497 1756 2536 δια-

1106 2550 1311 2593 ὂεικνύναι
1347 2555 1532 2591 maiorem
1560 2552 1755 2606 quandam

1105 2611 1183 2647 vim
1212 2611 1331 2646 inesse
1371 2617 1484 2661 atque
1516 2611 1556 2646 in
1593 2609 1756 2660 simplici

1104 2667 1244 2712 verbo,
1275 2673 1317 2703 ut
1348 2667 1376 2713 I,
1402 2669 1468 2706 31.
1491 2668 1559 2705 73.
1597 2667 1644 2711 ΙΙ,
1665 2664 1756 2706 134.

1108 2724 1196 2761 162.
1214 2724 1278 2770 111,
1291 2724 1358 2762 72.
1376 2724 1443 2761 82.
1462 2722 1607 2768 V111,3.
1633 2720 1756 2769 [118]

1104 2779 1172 2827 IX,
1203 2778 1270 2820 58.
1328 2778 1432 2824 Quae
1463 2790 1511 2814 ex
1539 2782 1644 2828 parte
1679 2778 1756 2814 iam

1846 3170 1882 3340 ἴα,
