1897 3340
92 304 159 323 cum
177 295 367 323 Graecorum

93 329 295 357 nobilissimos
319 325 367 354 Si-

94 371 221 399 cyonem
243 361 371 389 invitas·

93 401 151 429 set,
178 401 209 423 ut
228 405 263 423 ex
281 395 318 422 iis

94 431 265 465 deligeret,
286 428 335 455 cui

93 460 186 491 filiam
207 462 369 498 Agaristen

94 498 308 534 desponsaret,

95 1241 150 1268 alii
171 1239 295 1268 alitlnde
313 1248 347 1266 se

93 1275 166 1302 illuc
191 1273 351 1303 conserunt
362 1282 369 1299 :

424 185 507 224 4⁰2

826 183 1286 220 HERODOTI

395 288 767 346 ΞἈριστωνύμου,
796 293 877 333 τοῦ
902 290 1151 345 Μύρωνος,
1180 294 1262 334 τοῦ
1286 288 1497 346 Ἀνδρέω,
1525 293 1688 347 γίνεται

427 359 628 415 θυγάτηρ
658 362 710 415 τῇ
743 356 915 413 οὔνομα
937 353 993 414 ἦν
1018 356 1256 413 Ἀγαρίστη.
1297 358 1460 414 ταύτην
1490 356 1686 414 ἠθέλησε,

422 427 637 483 Ἑλλήνων
673 423 850 468 πάντων
879 425 1067 478 ἐξευρών
1096 425 1173 469 τὸν
1204 424 1409 478 ἄριστον,
1445 425 1585 484 τούτῳ
1614 427 1744 481 ’γυ-40

396 499 561 538 3ναῖκα
591 496 861 545 προσθεῖναι.
915 489 1165 548 Ὀλυμπίων
1195 488 1258 536 ὧν
1286 492 1466 545 ἐόντων,
1516 493 1590 537 καὶ
1617 509 1687 536 νι-

428 566 518 607 κῶν
556 561 602 604 ἐν
633 558 805 603 αὐτοῖσι
833 560 1055 618 τεθρίππῳ
1093 559 1115 603 ὁ
1148 560 1435 616 Κλεισθένης,
1484 559 1688 616 κήρυγμα

427 627 664 684 ἐποιήσατο
704 626 849 679 υὅστις
883 624 1098 682 Ἑλλήνων
1138 626 1302 671 ἑωυτόν
1342 627 1458 680 ἀξιοῖ
1485 626 1687 671 Κλεισθέ-

427 712 553 748 ,,νεος
590 696 790 751 γαμβρὸν
826 693 1053 751 γενέσθαι,
1097 694 1217 750 ἥκειν
1253 695 1296 746 ἐς
1326 694 1561 750 ἑξηκοστὴν
1589 693 1688 750 ἡμέ-

425 779 558 820 ,,ρην,
597 761 627 818 ἢ
664 763 737 806 καὶ
766 762 1004 817 πρότερον,
1035 762 1079 813 ἐς
1109 766 1339 806 Σικυῶνα·
1381 761 1440 813 ὥς
1470 761 1689 816 κυρώσον-

424 847 523 883 „vos
562 831 848 882 Κλεισθένεος
886 830 964 874 τὸν
1003 829 1144 887 γάμον
1171 831 1220 874 ἐν
1244 832 1455 890 ἐνιαυτῷ,
1497 830 1582 874 ἀπὸ
1615 831 1745 885 τῆς45

394 898 690 954 4,,έξηκοστῆς
733 896 976 955 ἀρξαμένου
1020 898 1225 955 ἦμέρης.“
1289 897 1509 941 Ἐνθαῦτα
1542 894 1690 952 Ἑλλή-

422 982 514 1010 νων
542 965 640 1010 ὃσοι
669 967 794 1021 σφίσι
822 982 867 1010 τε
898 964 1071 1009 αὐτοῖσι
1098 960 1211 1022 ἦσαν
1239 966 1313 1010 καὶ
1333 966 1477 1023 πάτρῃ
1498 964 1690 1020 ἐξωγκω-

423 1034 574 1090 μένοι,
621 1032 822 1088 ἐφοίτεον
850 1037 1111 1090 μνηστῆρες·
1155 1038 1269 1077 τοῖσι
1305 1032 1575 1088 Κλεισθένης
1616 1031 1692 1074 καὶ
1747 1040 1829 1082 497
1865 1059 1869 1080 ;

425 1100 596 1157 δρόμον
624 1103 697 1144 καὶ
724 1103 994 1158 παλαίστρην
1023 1100 1318 1158 ποιησάμενος
1338 1099 1408 1144 ἐπ’
1445 1099 1565 1156 αὐτῷ
1595 1097 1691 1142 τού-

267 1175 364 1220 127
421 1185 480 1223 τῳ
512 1166 608 1224 εἶχε.
661 1166 763 1213 Ἀπὸ
795 1168 874 1225 μὲν
912 1168 965 1224 δὴ
993 1168 1172 1225 Ἰταλίης
1199 1164 1306 1225 ἦλθε
1336 1169 1637 1225 Σμινδυρίδης
1667 1164 1749 1208 650

559 1432 652 1483 Cap.
674 1431 848 1467 CXXVI.

425 1491 497 1530 τοῦ
517 1484 737 1540 Μύρωνος,
747 1490 820 1527 τοῦ
842 1482 1031 1538 Ἀνδρέω]

371 1545 571 1585 Clisthenis
606 1557 698 1583 avus
733 1542 835 1594 apud
869 1545 1033 1580 Puusau.

370 1605 417 1651 11,
447 1606 472 1643 8
502 1603 540 1647 §.
574 1604 592 1641 l
635 1607 794 1638 vocatur
833 1595 1031 1649 ῙΙι’ρῤων;

370 1662 547 1712 princeps
566 1658 734 1693 familiae
755 1657 824 1692 suit
841 1654 1033 1705 Orthago-

371 1729 429 1753 ras
448 1745 457 1763 ,
498 1714 546 1751 de
577 1726 654 1764 quo
676 1713 776 1749 conf.
798 1718 894 1749 nott.
915 1712 963 1748 ad
983 1712 1028 1760 V,

371 1775 424 1813 67
446 1771 532 1808 coll.
553 1768 748 1806 Plutarch.
769 1770 827 1804 De
856 1770 902 1806 N.
926 1769 971 1805 V.
992 1781 1032 1818 p.

371 1828 453 1869 553
474 1829 534 1875 B.,
568 1825 672 1862 unde
692 1838 782 1863 vera
801 1825 912 1861 lectio
928 1837 1032 1861 nunc

371 1887 412 1920 in
432 1883 643 1920 Pausaniae
664 1883 726 1919 l.l.
746 1882 916 1918 restituta
936 1877 1034 1919 Μύ-

373 1955 515 1993 ρωνος.
526 1942 560 1976 Ν
562 1934 1033 1989 omeu'Aer'oeschwgh.

374 2003 475 2034 recte
496 1995 651 2033 deducit
672 1995 719 2031 ab
739 1990 924 2046 Ἀνδρέας
937 2023 947 2041 ,
968 1996 1033 2030 10-

372 2055 457 2090 nice
476 2048 692 2102 Ἀνδρέης,
712 2058 754 2087 ut
785 2049 937 2089 Πυθέω
949 2050 1031 2098 Vll,

375 2111 450 2150 181
475 2121 496 2144 a
519 2106 686 2154 Πυθέας
704 2120 735 2144 s.
756 2105 936 2156 Πυθέης.

427 2163 836 2215 νικῶν-τεθρίππῳ]
861 2161 1034 2199 Schultz.

373 2221 398 2257 l.
427 2221 453 2258 l.
484 2234 520 2270 p.
542 2222 567 2260 6
598 2220 684 2255 coll.
706 2219 876 2255 voemel.
902 2219 928 2254 l.
950 2219 973 2256 1.
995 2232 1034 2268 p.

374 2277 400 2315 9
421 2275 494 2312 hoc
524 2275 638 2311 refert
667 2273 715 2310 ad
746 2275 896 2324 Olymp.
921 2273 988 2325 222,
1009 2273 1035 2324 ‘f-

374 2344 404 2368 s.
427 2332 507 2371 576
526 2344 559 2369 a.
584 2329 671 2366 Chr.
697 2343 736 2366 n.
752 2329 931 2366 harcheri
946 2343 1036 2365 seu-

374 2389 494 2424 tentia
513 2385 651 2423 reiecta
667 2387 765 2437 ‚Qui
796 2385 892 2422 hunc
913 2386 1035 2422 victo-

376 2444 472 2479 riam
504 2442 552 2480 ad
581 2443 732 2493 Olymp.
754 2443 821 2478 Lll
841 2456 870 2480 s,
896 2442 978 2482 572
999 2454 1034 2479 a.

377 2499 466 2537 Chr.
487 2513 523 2537 n.
547 2500 737 2535 retulerat.
760 2500 850 2535 Utut
868 2505 933 2544 est,
955 2505 1034 2535 sta-

375 2557 445 2592 tim
466 2563 549 2606 post
579 2556 818 2606 Olympicum
839 2556 1037 2592 victoriam

377 2613 439 2648 ille
459 2625 662 2662 procorum
676 2619 908 2649 conventum
929 2613 1037 2648 insti-

378 2670 491 2705 tuisse
512 2668 660 2706 videnu-
675 2697 684 2714 ‚
715 2670 765 2704 ita
787 2675 826 2704 ut
841 2669 1037 2718 Agaristae

378 2727 532 2776 nuptiae
553 2738 641 2762 oum
661 2726 831 2773 Megacle
853 2724 953 2760 haud
976 2725 1038 2761 in-

377 2781 582 2819 commode
606 2782 816 2819 reserantur
837 2781 882 2818 ad
904 2782 1037 2832 proxi-

422 1234 727 1292 Ἱπποκράτεος
754 1237 1026 1294 Συβαρίτης,
1057 1234 1105 1288 ὃς
1133 1236 1203 1280 ἐπὶ
1230 1241 1432 1281 πλεῖστον
1462 1234 1515 1292 δὴ
1545 1236 1693 1291 χλιδῆς

1088 1445 1199 1469 mum
1231 1443 1377 1468 annum
1411 1429 1494 1472 576
1523 1442 1558 1468 a.
1587 1402 1684 1466 (3119.
1707 1441 1750 1466 n.

1088 1490 1166 1526 sive
1188 1487 1236 1524 ad
1258 1488 1334 1528 571
1361 1500 1394 1524 a.
1412 1487 1501 1524 Chr.
1527 1500 1567 1525 n.
1588 1507 1644 1516 —-
1686 1484 1751 1522 Ad

1089 1551 1362 1594 argumentum
1400 1544 1474 1580 loci
1503 1543 1604 1580 conf.
1636 1543 1751 1579 etiam

1087 1601 1230 1638 Athen.
1252 1600 1314 1646 vl,
1336 1613 1374 1649 p.
1396 1603 1476 1640 273
1494 1599 1538 1636 C.
1569 1605 1607 1635 et
1634 1600 1691 1635 xl
1710 1612 1750 1649 p.

1090 1656 1168 1697 541
1203 1658 1249 1692 B.
1283 1654 1442 1692 Diodor.
1474 1656 1551 1692 Sic.
1586 1655 1637 1692 T.
1657 1657 1693 1691 11
1714 1669 1752 1705 p.

1089 1714 1170 1754 550
1202 1713 1368 1750 wessel.
1390 1735 1442 1740 -—-
1483 1714 1528 1748 Iu
1552 1725 1633 1764 seq.
1662 1710 1751 1748 dedi

1089 1764 1193 1820 ἦσαν
1218 1781 1286 1819 pro
1309 1767 1416 1808 ἕσαν.

1147 1829 1249 1864 τοῖσι
1269 1818 1648 1874 Κλεισθένης-ἐπ’
1674 1818 1752 1862 αυ’-·

1090 1883 1147 1935 τῷ
1169 1877 1296 1934 τούτῳ
1333 1877 1437 1931 εἶχε]
1469 1878 1689 1930 Schweigh.
1710 1881 1752 1916 in

1091 1939 1222 1975 Lexic.
1252 1937 1396 1974 Herod.
1426 1937 1521 1973 haec
1550 1937 1603 1974 ita
1630 1938 1752 1974 iuter-

1088 2001 1276 2045 pretatur:
1320 1993 1510 2031 Clisthenes
1519 1993 1666 2043 —fieri
1685 2006 1753 2030 cu·-

1089 2055 1232 2088 raverat
1257 2053 1289 2087 et
1317 2050 1368 2087 ad
1387 2049 1481 2087 hunc
1517 2050 1751 2100 ipsumfinem

1083 2111 1218 2158 parata
1232 2107 1369 2144 habuit.

1261 2195 1352 2245 Cap.
1381 2192 1574 2231 cxxvn.

1151 2270 1197 2320 ὃς
1225 2271 1291 2312 ἐπὶ
1310 2268 1629 2319 πλεῖστον-εἷς
1643 2268 1749 2324 οἷνὴρ

1092 2324 1280 2378 Arvinam]
1311 2331 1336 2369 i.
1359 2343 1392 2366 e.
1410 2332 1471 2379 qui
1491 2342 1580 2366 unus
1599 2331 1750 2366 omnium

1091 2389 1240 2423 maxime
1258 2389 1407 2423 eminens
1426 2386 1572 2423 luxuria
1599 2386 1749 2424 advene-

1089 2446 1162 2479 rat.
1219 2442 1303 2480 x‘id.
1328 2441 1462 2479 Matth.
1485 2444 1549 2481 Gr.
1573 2442 1637 2480 Gr.
1659 2454 1748 2493 pag.

1091 2500 1185 2539 859.
1253 2500 1340 2535 Alia
1386 2498 1530 2536 addidit
1564 2497 1749 2535 Valckeu.

1094 2557 1268 2592 hnitaiur
1288 2557 1521 2592 locutionem
1542 2556 1749 2592 Pausanias

1093 2613 1123 2658 1,
1155 2612 1181 2652 5
1214 2613 1251 2656 ξ.
1273 2612 1310 2660 5,
1350 2613 1414 2648 ubi
1445 2612 1545 2648 conf.
1576 2611 1749 2648 Siebelis.

1093 2669 1151 2705 Ac
1172 2675 1264 2705 teste
1294 2667 1492 2705 Athenaeo
1512 2669 1586 2704 XII
1605 2680 1643 2717 p.
1665 2666 1744 2706 541

1095 2725 1138 2762 C.
1170 2726 1256 2764 coll.
1280 2726 1331 2762 vl
1350 2739 1388 2775 p.
1420 2726 1500 2765 273
1522 2725 1568 2760 B.
1590 2723 1634 2760 C.
1655 2735 1748 2760 ceu-

1094 2788 1178 2819 tum
1188 2782 1303 2835 coqui
1321 2788 1357 2818 et
1372 2777 1605 2835 ὀρνιθευταὶ
1615 2780 1749 2818 Smin-
