1897 3340
409 204 493 244 456
812 203 1268 240 HERODOT!

356 308 511 365 18,,μέν
538 310 619 354 εἶσι
649 311 693 354 οἱ
723 308 988 362 ἀδικέοντες,
1020 309 1079 362 εἷς
1103 312 1148 356 δὲ
1171 310 1194 355 ὁ
1226 309 1514 368 ἀδικεόμενος.
1547 312 1720 369 ὁμὲν95

409 377 519 433 ,ψὰρ
544 377 790 432 διαβάλλων
819 377 991 430 ἀδικέει,
1026 377 1079 422 οὐ
1109 378 1348 434 παρεόντος
1376 381 1664 437 κατηγορέων·

357 443 461 496 19,,ὁ
501 444 546 488 δὲ
573 443 756 497 ἀδικέει,
795 443 1138 502 ἀναπειθόμενος
1167 447 1270 500 πρὶν
1299 447 1331 503 ἦ
1363 446 1573 501 ἀτρεκέως
1601 450 1665 492 έκ-

408 510 566 567 ,,μάθῃ.
627 510 651 554 ὁ
682 513 728 555 δὲ
759 511 812 567 δή
842 511 989 557 ἀπεών
1017 517 1096 557 τοῦ
1124 513 1259 569 λόγου
1288 512 1391 558 τάδε
1420 515 1467 558 έν
1497 515 1667 560 αὐτοῖσι

409 578 670 630 ,,οἷδικεέται,
713 581 963 635 διαβληθείς
991 596 1034 624 τε
1054 579 1142 624 ὑπὸ
1171 586 1249 625 τοῦ
1280 581 1452 637 ἑτέρου,
1481 583 1555 626 καὶ
1589 599 1667 626 νο-

354 646 610 701 20,,μισθεὶς
639 645 752 701 πρός
779 648 859 690 τοῦ
895 648 1045 702 ἑτέρου
1074 647 1208 700 κακὸς
1237 647 1359 693 εἶναι.
1413 649 1519 694 Ἀλλ’
1543 653 1580 694 εἰ
1610 649 1692 707 δήῑ

410 716 506 766 ,,δεῖ
531 729 579 769 γε
604 713 778 766 πάντως
809 714 877 758 ἐπὶ
904 715 1007 766 τούς
1036 713 1197 770 ἄνδρας
1225 716 1411 768 τούτους
1446 717 1668 773 στρατεύε-

409 787 567 834 ,,σθαι,
611 780 740 837 φέρε,
779 782 982 838 βασιλεὺς
1011 782 1090 838 μὲν
1129 782 1262 835 αὐτὸς
1301 784 1347 828 έν
1386 784 1512 841 ἤθεσι
1556 790 1697 838 τοῖσι,

413 849 645 904 ,,Περσέων
673 848 858 904 μενέτω·
889 849 1033 907 ἡμέων
1063 851 1109 895 δὲ
1139 849 1402 906 ἀμφοτέρων
1441 855 1669 908 παραβαλ-

412 918 635 972 ,,λομένων
652 917 705 960 vo}
735 919 875 970 τέκνα,
901 919 1183 975 στρατηλάτεε
1201 916 1331 969 αὐτὸς
1362 919 1440 970 σὺ,
1483 920 1696 972 έπιλεξοέ-5

411 984 569 1037 ,,μενός
587 1000 632 1028 τε
661 983 824 1039 ἄνδρας
851 985 957 1037 τούς
985 985 1168 1039 ἐθέλεις,
1197 987 1272 1029 καὶ
1291 986 1441 1042 λαβών
1468 987 1671 1042 στρατιήν

355 1052 602 1109 21,,ὁκόσην
631 1052 727 1096 τινὰ
755 1051 943 1109 βούλεαι.
999 1053 1072 1097 καὶ
1100 1051 1155 1109 ἢν
1184 1053 1263 1108 μὲν
1291 1057 1344 1110 τῇ
1375 1053 1429 1097 σύ
1460 1055 1596 1110 λέγεις
1624 1054 1670 1097 ἀ-

411 1121 627 1178 ,,ναβαίνῃ
657 1120 826 1176 βασιλέϊ
852 1121 904 1165 τά
933 1119 1184 1177 πρήγματα,
1214 1122 1475 1164 κτεινέσθων
1504 1123 1549 1164 οἱ
1575 1121 1670 1176 ἐμοὶ

411 1190 609 1240 ,,παῖδες,
649 1187 759 1243 πρὸς
800 1189 848 1233 δὲ
884 1187 1056 1232 αὐτοῖσι
1091 1188 1164 1232 καὶ
1202 1187 1306 1243 ἐγώ·
1345 1187 1400 1245 ἢν
1430 1188 1476 1232 δὲ
1505 1193 1558 1246 τῇ
1587 1189 1670 1244 ἐγώ

403 1256 652 1312 ,,προλέγω,
692 1258 737 1300 οἱ
773 1257 843 1300 σοὶ
883 1260 1021 1301 ταῦτα
1059 1254 1341 1312 πασχόντων,
1389 1255 1472 1300 σὺν
1511 1256 1558 1301 δέ
1589 1269 1669 1312 σφι
1683 1264 1726 1297 10

354 1385 459 1421 Tom
485 1381 578 1422 VIII*
602 1384 662 1422 ed.
681 1385 835 1436 Bipont.
867 1407 919 1413 —
966 1387 1012 1422 In

354 1453 461 1493 seqq.
481 1443 597 1479 verba
626 1436 675 1480 ου’
704 1437 923 1494 παρεόντος
939 1457 1013 1480 κα-

355 1497 555 1549 τηγορέων
574 1499 702 1536 valent
732 1499 814 1536 dam
841 1500 1013 1536 absentem

355 1558 521 1602 accusat,
563 1557 780 1592 criminatur.
857 1556 1014 1608 Aliquot

355 1609 468 1647 codd.
489 1610 690 1663 παρέοντι.

410 1665 434 1706 ό
460 1664 503 1706 δὲ
532 1664 583 1718 δή
616 1663 750 1706 ἀπεών
767 1669 838 1705 τοῦ
861 1665 1007 1718 λόγου]

352 1723 378 1758 i.
400 1735 434 1759 e.
465 1725 518 1770 ei,
549 1726 612 1774 qui
637 1737 659 1761 a
692 1736 841 1760 sermone
857 1723 1009 1772 (crimi—

354 1778 545 1827 natione)
585 1781 704 1817 absens
743 1783 815 1828 est,
846 1782 884 1817 in
916 1780 1009 1816 hisce

352 1836 492 1872 iniuria
505 1837 556 1886 fit
587 1835 786 1887 (duplici)
823 1835 885 1873 hoc
911 1836 1009 1873 modo

353 1887 517 1943 (τάδε),
547 1895 587 1928 ut
607 1897 640 1930 et
661 1893 705 1930 ab
725 1892 836 1929 altero
863 1905 1009 1930 accuse—

353 1951 412 1984 tur
432 1953 465 1986 et
487 1949 531 1985 ab
547 1949 658 1986 altero
679 1948 792 1986 malus
811 1961 882 1986 esse
906 1953 1010 2000 pute—

355 2007 426 2042 tur.
467 2005 650 2057 Sequitur
671 2006 922 2056 participium,
943 2006 1010 2042 ubi

354 2061 403 2096 ob
424 2074 686 2112 praegressum
705 2058 798 2101 τάδε
811 2069 1009 2113 exspecta-

352 2116 417 2153 bas
439 2113 536 2156 ὥστε
566 2119 626 2155 vel
653 2119 775 2155 simile
796 2118 899 2170 qnid.
950 2118 1009 2156 Cf.

352 2172 488 2210 Matth.
509 2175 574 2211 Gr.
597 2174 662 2213 Gr.
684 2187 772 2226 pag.
796 2176 913 2215 1093.

629 2264 665 2308 ξ.
696 2265 735 2304 8.

412 2338 454 2378 ἐν
471 2336 593 2389 ἤθεσι
614 2344 715 2379 τοῖσι
736 2337 951 2390 Περσέων]
984 2340 1009 2377 i.

356 2409 389 2431 e.
410 2398 448 2432 in
480 2395 670 2434 Persarum
702 2396 852 2433 sedibus.
912 2396 1011 2431 Satis

354 2458 513 2499 notum,
545 2451 647 2502 apud
675 2454 824 2490 Ionicos
850 2454 1011 2503 scripto-

357 2521 415 2544 res
436 2505 542 2557 ἤθεα
565 2512 677 2545 certas
691 2508 764 2545 dici
787 2508 900 2554 sodex,
922 2511 1008 2558 sisa

358 2564 550 2602 domicilia.
584 2565 698 2600 Plura
721 2567 768 2602 G.
788 2567 816 2601 l.
839 2564 1007 2602 Bekker.

357 2621 396 2656 in
418 2621 585 2671 Specim.
609 2620 822 2657 Philostrat.
849 2634 932 2671 pag.
956 2625 1009 2662 30

359 2690 465 2728 seqq,
535 2678 640 2722 Quae
680 2680 861 2714 continuo
890 2679 1008 2713 subii-

355 2734 528 2770 ciuntur:
551 2731 686 2784 ἡμέων
707 2731 749 2772 δὲ
771 2730 1010 2785 οἷμφοτὲρων

354 2788 718 2841 παραβαλλομένων
730 2788 777 2829 τοὶ
789 2790 1009 2834 τέκναμιιο-

1065 1385 1135 1420 lim
1153 1386 1331 1434 πάρει-8,·
1359 1384 1517 1422 nostram
1535 1396 1615 1421 vero
1625 1387 1724 1421 utro-

1067 1454 1132 1490 que
1177 1441 1299 1478 liberos
1333 1455 1412 1478 suos
1441 1441 1664 1492 periclitante
1691 1453 1722 1478 s.

1069 1498 1159 1534 belli
1183 1498 1327 1535 vicibus
1355 1498 1607 1549 periculisque
1628 1497 1726 1534 obii-

1071 1555 1205 1601 ciente,
1229 1561 1459 1604 exponente.
1507 1555 1628 1604 Attigi
1639 1566 1726 1590 ver-

1070 1611 1165 1646 bum
1195 1607 1521 1661 παραβάλλεσθαι
1551 1609 1599 1647 ad
1629 1610 1727 1646 Plu-

1065 1665 1185 1706 tarch.
1215 1665 1457 1717 Philopoem.
1478 1680 1516 1716 p.
1539 1667 1601 1706 52.
1624 1664 1727 1702 Add.

1065 1722 1341 1774 VVyttenbach.
1356 1723 1404 1760 ad
1424 1724 1532 1760 Sele(
1540 1729 1580 1761 tt.
1593 1723 1720 1759 Histo-

1063 1780 1152 1819 ricc.
1175 1792 1261 1829 pag.
1284 1779 1378 1820 351.

1120 1834 1189 1873 καὶ
1229 1832 1283 1886 ἢν
1319 1833 1390 1885 μὲν
1429 1837 1479 1889 τῇ
1521 1830 1568 1873 σύ
1591 1833 1727 1886 λέγεις,

1068 1886 1269 1946 ἀναβαίνῃ
1297 1889 1452 1942 βασιλέϊ
1475 1887 1523 1929 ἰα’
1542 1887 1729 1943 πρήγμα-

1067 1949 1132 1996 τα]
1163 1949 1189 1984 ἰ.
1211 1961 1244 1986 e.
1266 1950 1300 1985 si
1318 1961 1372 1985 res
1397 1950 1462 1995 ita,
1492 1951 1533 1984 ut
1549 1949 1624 1995 -αἰε,
1651 1948 1731 1996 regi

1066 2006 1278 2042 successerit.
1336 2005 1411 2041 Ubi
1440 2003 1590 2040 videtur
1629 2000 1730 2041 οἴνα-

1067 2060 1221 2111 βαίνειν
1241 2059 1345 2097 idem
1364 2061 1442 2097 fere
1461 2072 1595 2096 sonare
1615 2066 1729 2110 atque

1067 2112 1426 2167 &noeaivsmquod
1447 2115 1494 2152 de
1510 2116 1726 2166 rebus‚quae

1066 2175 1229 2209 eveniunt
1239 2177 1463 2222 eventumque
1475 2173 1728 2213 liabenmlsur-

1067 2229 1146 2278 pari
1177 2230 1366 2265 novimus.
1423 2230 1501 2264 Nec
1535 2227 1646 2265 valde
1666 2241 1730 2264 re-

1068 2283 1167 2320 cedit
1199 2279 1442 2335 (ἷναχωρεῖν,
1475 2283 1521 2321 de
1551 2298 1627 2336 quo
1649 2283 1727 2321 dixi

1068 2340 1116 2376 ad
1144 2341 1223 2387 vll,
1254 2340 1293 2381 4.
1325 2363 1376 2368 ——
1423 2343 1480 2377 De
1515 2342 1728 2391 imperativi

1067 2398 1191 2433 forma
1212 2396 1464 2444 κτεινέσθων,
1486 2398 1618 2434 Atticis
1634 2398 1728 2434 scri-

1068 2454 1236 2503 ptoribus
1257 2454 1372 2503 vulgo
1383 2455 1535 2499 tributa,
1559 2467 1607 2490 ex
1626 2454 1727 2491 Ioui-

1067 2510 1119 2545 cis
1155 2517 1267 2561 atque
1301 2511 1446 2547 Doricis
1486 2511 1727 2560 scriptoribus

1066 2566 1173 2615 plura
1204 2566 1249 2601 ad
1280 2565 1354 2603 Ιι.Ι.
1375 2568 1527 2616 collegit
1547 2567 1724 2616 exempla

1067 2621 1315 2659 Valckenaer.
1374 2624 1438 2659 Tu
1476 2622 1554 2663 vid.
1590 2621 1727 2663 Matth,

1069 2679 1134 2715 Gr.
1157 2680 1222 2715 Gr.
1245 2692 1333 2729 pag.
1355 2681 1451 2719 375.

1125 2735 1239 2773 οἷσοὶ
1262 2738 1384 2773 ταῦτα
1404 2730 1655 2784 πασχόντων]
1683 2736 1725 2770 ln

1069 2798 1239 2828 mentem
1258 2793 1360 2829 venit
1388 2787 1531 2830 wv’wi:
1568 2804 1584 2828 e
1599 2804 1620 2828 a
1634 2791 1727 2828 dem
