1897 3340
281 431 381 475 110

114 495 260 531 prot-uari
285 495 388 521 decer-

111 532 206 558 nitur.
245 529 348 555 Dilata

115 572 233 599 pugna,
260 563 359 601 ‹lonco-

113 607 230 624 summa
242 597 371 631 impetu,

114 640 193 667 quac
213 631 273 670 aiio
293 629 341 656 die

113 673 207 701 penes
226 665 319 690 alnum

114 703 286 732 praetorem
312 699 380 723 erat

113 732 150 759 ad
186 732 359 759 Miltiadem

113 766 295 793 devenisset.

281 976 379 1020 111

112 1040 198 1068 Acies
217 1040 352 1067 Gracco-

110 1083 174 1101 rum
202 1083 259 1109 quo
279 1074 387 1101 ordine

110 1108 260 1136 instructa
280 1107 384 1136 fuerit.

445 191 530 230 384

846 192 1313 229 HERODOTI

444 297 620 354 „aton-tim]
660 303 748 342 τῶν
786 299 832 343 ἐν
871 305 924 358 τῇ
959 302 1150 345 Ἑλλάδι·
1194 300 1250 357 ἢν
1280 302 1324 345 δὲ
1361 301 1442 356 τήν
1469 306 1558 346 τῶν
1594 302 1707 347 ἀπο-

444 364 754 418 ,,σπευὸ“όντων
793 369 874 424 τήν
913 370 1139 426 συμβολήν
1180 370 1276 425 ἕλῃ,
1317 367 1496 421 ὑπάρξει
1524 385 1593 412 τοι
1620 373 1707 412 τῶν

440 434 550 489 ,ἐγώ
590 434 789 486 κατέλεξα
824 434 1006 491 οἷγαθῶν
1034 438 1086 480 τά
1127 438 1342 482 ἐναυτία.“
1406 440 1551 480 Ταῦτα
1571 437 1706 491 λέγων

445 499 470 545 ὁ
501 500 770 557 Μιλτιάδης,
798 509 1066 557 προσκτᾶται
1096 505 1175 550 τόν
1196 505 1488 560 Καλλίμαχον.
1530 511 1762 559 προσγε-35

445 570 630 625 νομένης
662 569 707 612 δὲ
743 574 820 612 τοῦ
848 573 1123 628 πολεμάρχου
1159 578 1237 630 τῆς
1265 572 1459 628 γνώμης,
1500 569 1707 626 ἐκεκύρω-

413 644 436 677 2
445 652 494 679 το
533 637 807 692 συμβάλλειν.

877 639 1004 682 Μετὰ
1042 641 1106 695 δὲ,
1156 643 1200 684 οἱ
1237 640 1489 695 στρατηγοὶ,
1544 642 1633 680 τῶν
1677 637 1706 694 ἡ

383 717 390 730 ’
451 703 604 760 γνώμη
635 703 761 758 ἔφερε
793 707 1081 762 συμβάλλειν,
1130 708 1189 760 ὥς
1229 707 1415 751 ἑκάστου
1446 705 1595 750 αὐτῶν
1624 705 1707 761 ἐγί-

444 788 543 815 νετο
584 774 830 828 πρυτανηΐη
866 777 940 829 τῆς
988 773 1170 830 ἡμέρης,
1214 776 1436 831 Μιλτιάδῃ
1477 774 1707 826 παρεδίδο-

445 850 550 882 σαν·
582 837 605 881 ὁ
638 839 706 889 δὲ,
756 838 1008 895 δεκόμενος,
1053 840 1109 884 οὔ
1137 858 1179 885 τι
1199 859 1261 886 κω
1293 841 1517 897 συμβολήν
1547 839 1706 884 ἐποιέεέ

442 922 492 950 το
506 938 517 960 ,
546 907 650 960 πρίν
668 922 716 961 γε
737 901 790 963 δή
813 905 952 952 αὐτοῦ
981 912 1226 966 πρυτανηίη
1256 909 1438 965 ἐγένετο.

1717 910 1764 949 4ο

517 971 594 1024 Ὡς
637 973 683 1015 δὲ
715 972 758 1024 ἐς
789 973 958 1027 ἐκεῖνον
995 981 1225 1034 περιῆλθε,
1274 976 1469 1020 ἐνθαῦτα
1505 975 1558 1032 δὴ
1586 974 1705 1020 ἐτάσ-

384 1271 451 1308 ubi
478 1271 589 1309 latius
619 1273 752 1323 serpsit
780 1275 882 1311 vocis
912 1276 966 1312 vis
997 1275 1046 1312 ad

336 1325 339 1329 ”
384 1330 533 1376 omnia,
566 1342 662 1381 quae
682 1330 802 1378 laesa,
824 1344 941 1382 prava
959 1345 1046 1368 ma-

382 1385 469 1422 lave
507 1386 603 1434 sint,
643 1387 908 1436 transferatur,
947 1389 1045 1426 bene

383 1443 562 1479 convenit
599 1443 715 1479 verbo
749 1443 958 1493 διασείειν,
1005 1447 1046 1482 in

384 1511 460 1550 quo
483 1499 612 1535 similis
641 1499 770 1549 imago
805 1502 959 1538 subesse
979 1503 1040 1539 vi-

383 1553 507 1592 detur.
535 1576 591 1582 —
625 1554 688 1592 Ad
719 1557 836 1594 verba
856 1561 968 1597 θεῶν
989 1555 1038 1597 τά

384 1607 450 1650 ἶσα
479 1607 684 1661 νεμόντων
713 1614 815 1650 conf.
846 1614 908 1661 VI,
937 1617 982 1654 11
1003 1621 1040 1651 et

382 1666 432 1703 ad
452 1669 565 1704 verba
587 1667 629 1706 ἐκ
651 1666 717 1707 σέο
728 1665 892 1721 ἅρτηται
909 1671 977 1718 ΠΙ,
990 1673 1039 1725 19

381 1724 511 1775 ibique
530 1731 626 1763 nott.

437 1778 490 1830 ἢν
512 1778 553 1819 δὲ
569 1777 643 1831 τήν
663 1782 745 1819 τῶν
766 1776 1042 1822 ἀποσπευδόν-

381 1850 461 1876 των
488 1834 563 1888 τη“ν
591 1834 799 1888 συμβολήν
827 1837 919 1893 ἕλῃ]
960 1840 985 1876 i.
1007 1852 1042 1876 e.

382 1894 437 1929 sin
470 1893 524 1930 lais
554 1893 782 1943 suffragatus
805 1894 943 1946 fueris,
982 1898 1046 1946 qui

378 1949 551 2000 proelium
571 1950 789 1988 dissuadent.
842 1953 926 2000 Ubi,
944 1965 1043 2004 quae

381 2006 428 2041 sit
466 2008 520 2043 vis
559 2009 847 2057 praepositionis
887 2004 965 2048 άπό
1000 2010 1041 2045 in

381 2062 497 2099 verbo
520 2058 802 2111 άποσπεύδειν,
823 2065 889 2102 vix
903 2078 1042 2116 quem-

383 2130 499 2168 quam
539 2119 682 2155 latebit.
741 2119 827 2157 Vid.
865 2128 961 2157 nott.
992 2120 1040 2158 ad

381 2174 463 2221 VII,
493 2177 558 2214 17.
615 2176 774 2211 Minime
812 2190 902 2213 vero
934 2190 1040 2227 opus,

381 2243 471 2266 cum
494 2229 678 2269 Valcken.
709 2233 911 2269 rescribere
945 2230 1038 2284 τήν

381 2283 424 2324 δὲ
455 2284 520 2337 (sc.
554 2283 743 2338 γνώμην)
776 2291 856 2327 τῶν
886 2285 1035 2328 άποσπ.

379 2339 454 2392 τήν
484 2340 688 2393 συμβολήν
730 2340 782 2393 ἣν
823 2343 913 2398 ἕλῃ,
964 2359 1036 2382 nec

377 2399 499 2449 magis
515 2400 638 2449 placet
657 2399 800 2436 Reiskii
820 2402 1036 2438 coniectura

377 2455 572 2492 scribentis
607 2451 662 2506 ἢν
694 2454 737 2494 δὲ
768 2459 849 2496 τῶν
887 2453 1034 2496 άποσπ.

377 2508 453 2562 τήν
471 2510 674 2562 συμβολήν
696 2511 761 2566 ἔχῃ
792 2514 818 2549 i.
840 2527 874 2550 e.
894 2516 927 2550 si
954 2527 1034 2551 vero

378 2570 426 2605 iis
445 2568 689 2615 adhaerescas,
724 2571 785 2618 qui
803 2570 942 2607 student
953 2583 1034 2607 con-

376 2625 517 2675 flictum
543 2624 718 2674 impedire.
739 2646 794 2652 —
829 2624 1034 2678 συμβολήν

379 2693 468 2717 cum
490 2679 709 2731 Schweigh.
732 2688 767 2717 et
786 2683 902 2719 Gaiss.
934 2682 1033 2731 dedi,

380 2737 601 2786 Florentini,
634 2738 837 2786 Sancrosti,
873 2739 1034 2776 aliorum

380 2795 612 2831 auctoritate.
688 2794 813 2845 Vulgo
858 2797 1035 2847 συμβου-

443 1051 576 1084 σοντο
608 1034 692 1083 ὦδε
719 1039 943 1096 Ἀθηναῖοι
973 1043 1032 1096 ὥς
1060 1043 1392 1101 συμβαλέοντες.
1428 1047 1508 1086 τοῦ
1529 1042 1608 1099 μὲν
1637 1044 1706 1086 δε-

443 1109 538 1160 ξιοῦ
557 1108 704 1163 κέρεος
731 1109 879 1165 ἡγέετο
903 1110 927 1154 ὁ
951 1111 1222 1168 πολέμαρχος
1242 1112 1534 1167 Καλλίμαχος·
1567 1109 1592 1154 ὁ
1620 1111 1704 1166 γὰρ

1100 1272 1201 1327 λη’ν,
1230 1283 1273 1313 ut
1308 1287 1420 1326 supra
1449 1274 1515 1320 111,
1551 1276 1569 1313 1
1614 1285 1762 1311 omnes.

1100 1334 1320 1370 Articulum
1339 1329 1412 1382 τη“ν
1437 1337 1526 1366 ante
1556 1331 1635 1369 τῶν
1661 1325 1762 1369 oino-

1104 1386 1357 1429 σπευδόντων
1397 1385 1618 1437 Schweigh.
1657 1387 1762 1424 inse-

1101 1447 1188 1494 ruit,
1218 1459 1297 1482 non
1318 1444 1538 1495 improbans
1557 1441 1620 1491 τά,
1645 1443 1762 1480 Wes-

1095 1504 1244 1553 selingii
1263 1504 1303 1540 in
1316 1501 1484 1538 editione
1502 1498 1605 1552 quod
1625 1506 1758 1538 exstat.

1330 1626 1424 1675 cap.
1447 1623 1530 1660 CX.

1154 1729 1233 1767 τῶν
1266 1725 1295 1778 ἦ
1333 1719 1469 1779 γνώμη
1505 1721 1647 1774 ἔφερε]
1699 1721 1759 1760 cf.

1098 1791 1195 1822 nott.
1227 1783 1276 1821 ad
1309 1784 1355 1830 V,
1389 1783 1482 1821 118.
1538 1780 1632 1816 Mox
1671 1777 1761 1816 dedi

1099 1836 1234 1879 αὐτῶν
1274 1852 1343 1892 pro
1391 1832 1567 1884 αὐτέων,
1606 1850 1758 1887 πρυτα-

1099 1897 1193 1948 νηΐη
1221 1903 1275 1934 est
1289 1893 1530 1947 praesidium,
1573 1898 1616 1928 ut
1642 1893 1758 1943 vulgo

1099 1952 1281 2002 dicimus,
1319 1961 1516 1990 summum
1540 1948 1757 1998 imperium,

1099 2010 1203 2062 quod
1224 2010 1377 2046 alternis
1390 2006 1522 2044 diebus
1534 2004 1668 2055 obtigit
1678 2007 1760 2041 sin-

1097 2067 1194 2116 gulis
1225 2065 1399 2103 ducibus.
1455 2060 1501 2098 ld
1531 2073 1621 2097 vero
1656 2060 1759 2112 apud

1097 2123 1189 2159 alios
1219 2134 1373 2174 quoque
1394 2119 1634 2167 magistratus
1657 2119 1759 2154 obti-

1095 2179 1234 2226 nuisse,
1258 2185 1299 2215 ut
1310 2190 1379 2228 per
1397 2177 1496 2212 vices
1517 2174 1587 2210 sub
1608 2173 1681 2211 alio
1696 2187 1757 2211 es—

1095 2242 1179 2271 sent
1199 2233 1381 2286 praeside,
1402 2230 1553 2268 monuit
1581 2229 1755 2267 Boeckh.

1094 2292 1135 2327 iu
1170 2292 1282 2342 Corp.
1312 2290 1484 2339 Inscript.
1505 2288 1522 2323 I
1545 2298 1632 2336 pag.
1658 2286 1756 2327 234.

1093 2346 1155 2384 Ad
1170 2348 1403 2385 locutionem
1415 2343 1464 2384 οὔ
1477 2358 1511 2382 τι
1522 2357 1579 2380 κω
1591 2344 1632 2378 in
1647 2355 1757 2395 seqq.
1769 2377 1776 2394 ,

1093 2405 1195 2443 cons.
1226 2405 1369 2441 Iacobs.
1396 2401 1444 2439 ad
1467 2399 1614 2438 Aeliau.
1634 2400 1682 2439 N.
1703 2400 1753 2437 A.

1090 2461 1193 2508 XIV,
1219 2465 1268 2503 16
1289 2473 1377 2512 pag.
1397 2459 1494 2500 480·

1310 2585 1403 2635 Cap.
1431 2581 1532 2618 CXI.

1147 2687 1368 2738 περιῆλθε]
1401 2686 1511 2724 Conf.
1540 2690 1570 2737 1,
1592 2692 1631 2730 7·
1656 2692 1748 2731 120-

1091 2743 1157 2798 ῙῘῙ,
1189 2744 1255 2784 65.
1286 2744 1366 2791 Vll,
1407 2742 1498 2783 158.
1563 2747 1607 2782 In
1643 2759 1749 2798 seqq.

1094 2799 1172 2839 ὠδε
1200 2798 1248 2836 ad
1268 2802 1464 2852 sequentia
1485 2809 1655 2853 spectare
1685 2815 1748 2838 re-

1862 1099 1863 1118 „⁴
1862 1075 1864 1091 ψ
1860 999 1867 1060 —›-—
1861 246 1867 987 ——-————-—--——----—---——-—-—-
1862 189 1865 239 ——

1859 2046 1860 2053 ⁴
1859 1994 1861 2024 ⁴⁴
1859 1950 1861 1977 A„
1852 1135 1873 1912 ⁴*fiv—-u-————---ZA·—⁴—-———t—-⁴-—-0-⁴v⁴

1878 2062 1884 2078 Φ
1878 1980 1885 2022 ⁴⁷-
1888 1774 1890 1778 .
