1897 3340
436 255 519 294 494

830 253 1290 290 HERODOTI

309 363 374 408 35
431 377 523 416 γας,
555 359 768 410 συνέκοψέ
797 376 839 402 τε
859 359 1000 403 ἐκεῖνα
1027 359 1168 403 πάντα
1199 360 1272 403 καὶ
1301 362 1479 405 διέλυσε.
1534 363 1609 415 Ὡς
1650 365 1688 409 δ’

675 428 681 439 Ι

108 428 235 459 '‘mm'’
253 428 378 462 [summ
435 427 803 482 ἐπύθετοΞερξης,
834 427 956 470 δεινὰ
972 427 1241 482 ποιεύμενος,
1271 428 1349 471 τὸν
1373 428 1746 485 Ἑλλήσποντουὲιο

107 462 248 488 habenda
281 463 306 488 G
312 471 377 489 rac-

106 495 172 522 cian-
187 495 321 522 mendaci
334 498 345 530 ]

107 529 137 555 in
149 528 378 568 Hellespontum

436 496 599 539 ἐκέλευε
635 494 883 549 τριηκοσίας
922 494 1146 539 ἐπικέσθαι
1198 494 1374 551 μάστιγι
1419 497 1584 553 πληγάς
1618 501 1691 543 καὶ

106 563 228 594 stolide,
245 571 273 588 ιιι
294 571 379 597 prae-

107 596 202 622 fecum
222 596 306 623 fabra
313 605 339 622 ιιι

106 630 347 668 cruidclitersuc-

106 670 119 689 S
128 668 161 690 ΙΙ.

381 703 445 755 qui
468 701 579 737 elecem
600 697 718 735 stadia
745 699 1035 750 Hellespontum

381 771 482 794 nunc
502 757 623 792 latum
651 768 730 791 esse
749 757 875 794 sumit.

574 844 666 895 cap.
689 845 851 884 xxxv.

435 922 546 962 δεινοὶ
565 919 830 974 ποιεύμενος]
854 925 910 959 De
926 923 1034 961 locu-

379 982 481 1017 tione
521 980 621 1017 conf.
656 987 753 1016 nott.
792 980 840 1017 ad
873 982 937 1023 111,
969 979 1033 1020 14.

380 1036 478 1074 Add.
509 1037 590 1084 vn,
615 1037 770 1083 1.V111‚
794 1039 859 1077 16.
883 1035 945 1076 15.
967 1037 1033 1074 93.

376 1095 471 1130 Mox
504 1105 593 1129 cum
623 1091 840 1142 Schweigh.
862 1099 898 1128 et
918 1090 1034 1128 Gaisf.

377 1149 467 1187 dedi
486 1147 646 1195 ἐκέλευε,
666 1156 708 1186 ut
720 1150 957 1185 Florentinus
978 1149 1035 1183 al—

377 1213 510 1257 terque
530 1206 719 1241 Parisinus
753 1205 875 1242 codex
894 1217 1035 1254 sugge-

377 1263 495 1310 rebat,
508 1274 575 1312 pro
587 1260 690 1301 §asts
702 1277 725 1300 v
737 1274 758 1301 6
769 1276 797 1309 ε,
811 1261 914 1314 quod
928 1260 1036 1297 Bek-

377 1317 449 1355 ker
476 1319 642 1354 retinuit.

434 1373 644 1414 ἐπικέσθαι
673 1371 831 1426 μα’στιγι
863 1369 1033 1425 πληγὰς]

376 1433 452 1468 ΡιὉ
501 1429 708 1470 ἐπικέσθαι
759 1431 835 1481 legi
881 1443 1035 1482 quoque

375 1501 483 1538 posse
537 1485 767 1526 ἐπικὲεσθαι
807 1487 1035 1543 Sylburgius

377 1550 623 1580 annotaverat
635 1543 683 1580 ad
697 1545 862 1582 Brisson.
884 1545 941 1579 De
953 1556 1033 1593 reg.

375 1602 480 1638 Pers.
503 1601 662 1650 princip.
682 1601 730 1648 II,
751 1603 804 1640 73
826 1612 914 1650 pag.
933 1601 1035 1647 7533

328 1678 331 1682 ·
376 1655 592 1695 ἐπιθέσθαι
600 1657 786 1692 maluerat
796 1657 928 1692 PauW.
942 1656 1034 1692 Val-

375 1714 423 1759 la,
464 1725 579 1764 quem
617 1713 753 1763 reliqui
791 1714 910 1749 secuti
946 1718 1034 1748 sunt

376 1768 549 1815 editores,
569 1770 703 1805 Latine
714 1767 876 1805 reddidit
887 1769 1013 1819 infligi
1022 1781 1032 1815 ς

375 1825 424 1861 ad
453 1838 607 1861 sensum
642 1824 798 1876 quidem
836 1831 950 1872 recte,
990 1831 1033 1861 ut

375 1882 437 1917 alii
463 1882 537 1918 loci
566 1882 646 1927 VII,
679 1880 730 1921 54
761 1889 797 1917 et
830 1882 928 1927 VIII,
953 1882 1032 1921 109

374 1938 459 1986 (ubi
472 1939 714 1988 μαστιγῶσαι
723 1933 909 1987 τόνἙλλή
914 1949 1033 1975 σπον-

375 1994 462 2043 τον)
502 2000 727 2030 monstrant.
794 1994 847 2030 At
899 2006 1033 2031 vereor

375 2049 554 2102 equidem
582 2061 837 2100 magnopere,
873 2056 915 2086 ut
943 2048 1033 2098 ἔφι-

373 2106 518 2145 κέσθαι
558 2106 721 2142 eandem
754 2106 1032 2156 perstringendi,

374 2176 404 2199 s.
438 2163 657 2212 percutiendi
673 2161 813 2199 habeat
839 2162 1032 2212 significa-

374 2220 519 2255 tionem
541 2226 655 2270 atque
687 2219 847 2254 verbum
867 2216 1032 2256 καθικέ-

375 2278 494 2321 σθαι,
531 2287 657 2325 neque
686 2273 762 2310 hnc
796 2272 893 2310 trahi
922 2286 1031 2323 posse

375 2329 528 2367 credam
538 2330 705 2367 Platonis
714 2331 842 2366 locum
862 2330 901 2365 in
914 2330 1029 2379 Hipp.

374 2387 464 2422 mai.
485 2400 523 2436 p.
545 2389 626 2427 292
645 2387 693 2424 A.
723 2399 849 2437 neque
874 2387 1031 2422 Homeri

373 2443 599 2479 versiculum
637 2443 682 2479 Il.
710 2443 756 2491 V,
784 2441 880 2482 748.
935 2440 1029 2478 Mihi

374 2498 519 2535 facilior
575 2497 724 2535 videtur
767 2497 1030 2536 Valckenaerii

374 2556 482 2603 ratio,
512 2555 751 2605 explicantis:
782 2553 847 2594 ἐπὶ
862 2551 929 2594 τὸν
943 2553 1030 2593 Ἑλ-

373 2606 597 2662 λήσποντον
645 2609 819 2650 ἐκέλευσε
867 2625 1029 2662 τριηκο-

375 2668 463 2715 σίας
487 2665 646 2706 ἱκέσθαι
675 2662 838 2719 μοῖστιγι
861 2664 1026 2719 πληγάς.

375 2725 425 2760 Et
455 2724 586 2761 confer
606 2725 652 2760 sis
673 2736 785 2773 supra
805 2725 885 2770 vll,
908 2726 952 2764 9:
987 2723 1027 2771 ἐς

374 2777 422 2818 τὰ
443 2777 541 2819 ἄλλα
567 2778 690 2831 λέγων
715 2779 846 2819 ἐπίκεο
877 2775 1026 2831 ἀληθέ-

376 2847 515 2876 σταταε
545 2849 695 2875 sermone
721 2840 783 2874 tuo
810 2848 928 2875 verum
956 2850 1025 2875 acu

1091 701 1254 747 tetigisti.
1270 722 1325 728 ——-
1382 703 1509 752 ipsum
1538 716 1626 739 vero
1647 704 1746 740 Xer-

1090 757 1147 791 xis
1168 756 1330 804 facinus,
1354 771 1428 808 quo
1451 760 1564 796 iratus
1585 761 1622 796 in
1642 772 1748 796 mare

1090 813 1262 850 saeviisse
1277 814 1392 850 fertur
1411 816 1565 865 flagellis
1587 823 1621 852 et
1643 829 1747 853 com-

1090 867 1248 918 pedibus
1269 868 1456 918 demissis,
1488 872 1612 922 plures
1641 879 1747 909 vete-

1090 937 1178 960 rum
1210 935 1557 964 commemorarunt
1588 941 1610 964 a
1644 930 1748 965 Bris-

1090 982 1197 1017 sonio
1227 983 1285 1018 De
1325 995 1406 1032 reg.
1437 984 1557 1021 Perss.
1586 985 1747 1035 princip.

1090 1038 1156 1084 ΙΙΙ,
1177 1040 1229 1078 73
1263 1039 1384 1075 acciti.
1443 1040 1553 1084 Quod
1581 1054 1601 1076 a
1627 1042 1748 1077 Grae-

1091 1094 1143 1129 cis
1182 1094 1389 1130 confictum
1422 1108 1501 1132 esse
1540 1097 1748 1146 suspicatur

1091 1148 1338 1187 Valckenaer.
1378 1164 1468 1188 cum
1508 1153 1665 1189 Stanlei.
1690 1152 1749 1199 ‚ad

1090 1205 1268 1257 Aeschyl.
1298 1209 1419 1244 Perss.
1450 1208 1545 1256 752,
1571 1221 1661 1246 cum
1693 1211 1749 1246 ira

1092 1263 1189 1311 regis
1209 1263 1257 1299 ob
1283 1271 1441 1313 pontem
1460 1266 1691 1315 tempestatis
1710 1267 1749 1302 vi

1091 1317 1290 1355 disiectum
1339 1319 1592 1372 Aeschylique
1632 1321 1750 1359 verba

1090 1373 1250 1412 Athenis
1281 1375 1478 1414 decantata
1504 1378 1655 1414 facilem
1687 1378 1747 1415 fa-

1091 1431 1202 1467 bulae
1236 1432 1439 1482 fingendae
1469 1446 1599 1471 ansam
1636 1436 1747 1484 inge-

1091 1488 1162 1524 niis
1182 1489 1316 1526 Atticis
1345 1491 1527 1540 praebere
1557 1492 1748 1541 potuerint

1090 1545 1288 1596 multaque
1299 1548 1456 1583 omnino
1469 1546 1516 1583 de
1525 1547 1646 1584 Persis
1656 1547 1748 1584 falsa

1090 1613 1111 1636 a
1143 1601 1295 1638 Graecis
1324 1616 1382 1639 res
1407 1616 1492 1639 suas
1511 1603 1748 1654 amplifican-

1090 1657 1188 1693 tibus
1208 1657 1344 1694 tradita
1375 1672 1453 1695 esse
1473 1667 1630 1696 constet.
1668 1661 1747 1696 Nec

1091 1713 1198 1748 aliter
1226 1714 1305 1750 fere
1337 1714 1383 1750 de
1412 1713 1469 1752 his
1497 1716 1624 1753 statuit
1650 1717 1748 1752 Lar-

1090 1767 1237 1806 cherus.
1259 1770 1320 1807 Ad
1339 1771 1484 1807 fabulas
1495 1770 1628 1808 itidem
1639 1770 1747 1819 haec,

1090 1838 1188 1876 quae
1217 1825 1264 1862 de
1294 1828 1436 1863 catenis
1455 1828 1552 1863 mari
1572 1829 1748 1864 immissis

1088 1889 1308 1930 narrantur,
1358 1884 1475 1920 relata
1512 1884 1594 1921 vult
1612 1885 1748 1920 Blom-

1088 1936 1190 1974 field.
1230 1939 1269 1974 in
1317 1939 1439 1976 Gloss.
1477 1938 1527 1976 ad
1565 1939 1745 1991 Aeschyl.

1087 1995 1192 2031 Pers.
1233 1996 1329 2035 728.
1390 1997 1448 2032 Ac
1481 2009 1616 2033 verum
1654 2009 1745 2033 sane

1088 2057 1165 2098 est,
1201 2049 1296 2086 nihil
1327 2051 1512 2089 eiusmodi
1537 2054 1579 2089 in
1600 2053 1745 2090 Ctesiae

1089 2107 1276 2157 excerptis
1294 2107 1475 2144 traditum
1487 2115 1656 2156 exstare3
1675 2122 1745 2145 ne-

1088 2175 1163 2213 que
1181 2169 1311 2199 tamen
1337 2163 1424 2200 ideo
1445 2177 1602 2201 omnem
1620 2166 1746 2202 Hero-

1087 2218 1167 2254 doti
1198 2220 1454 2256 narrationem
1483 2220 1662 2272 equidem
1682 2234 1745 2258 re-

1085 2275 1239 2310 iecerim
1248 2282 1289 2311 ut
1304 2289 1454 2325 prorsus
1473 2276 1614 2325 fictam,
1627 2290 1745 2329 quam

1087 2331 1201 2366 etiam
1231 2333 1382 2369 orientis
1403 2344 1537 2382 regum
1568 2334 1682 2370 fastui
1700 2345 1745 2371 ao

1084 2387 1281 2437 superbiae
1293 2387 1402 2426 valde
1423 2401 1634 2440 congruere
1656 2391 1745 2442 qui-

1083 2444 1139 2480 vis
1159 2443 1353 2483 concedet.
1383 2446 1491 2481 Bene
1509 2458 1662 2498 quoque
1680 2447 1743 2482 in-

1084 2505 1141 2535 ter
1177 2500 1248 2536 alia
1284 2502 1457 2538 observat
1483 2503 1615 2553 Bring.
1646 2500 1660 2551 (
1671 2503 1743 2538 Hi-

1083 2556 1230 2593 storicc.
1270 2558 1311 2593 in
1360 2557 1517 2596 difficill.
1558 2557 1742 2596 Herodoti

1083 2612 1178 2649 locc.
1208 2611 1444 2651 adnotamm.
1473 2614 1639 2652 Londini
1659 2615 1741 2652 Go-

1081 2667 1237 2705 thortun
1257 2670 1404 2719 (1829)
1432 2671 1482 2707 IV
1497 2684 1535 2721 p.
1568 2672 1621 2710 29
1641 2670 1741 2722 seq.)

1082 2724 1129 2761 de
1149 2726 1278 2762 Xerxe
1298 2727 1586 2777 Hellespontum
1602 2733 1639 2763 et
1654 2740 1741 2764 ver-

1080 2781 1137 2818 bis
1164 2789 1201 2818 et
1219 2783 1435 2819 verberibus
1455 2784 1648 2834 puniente,
1660 2796 1740 2820 non

1080 2845 1124 2874 ut
1155 2836 1202 2875 de
1230 2837 1388 2877 homine
1408 2839 1567 2887 Graeco,
1597 2838 1663 2877 sed
1696 2846 1739 2876 ut
