1897 3340
108 1010 174 1056 37

484 218 1136 259 TERPSICHORE.
1196 221 1240 257 V.

1437 224 1493 264 57

236 334 340 384 ,,τοῦ
370 331 469 386 ἱροῦ
497 330 576 372 τοῦ
606 327 654 370 ἐν
683 327 961 383 Βραγχίδῃσι,
989 326 1043 370 τοὶ
1072 330 1264 408 Κροῖσος
1294 328 1317 372 ὁ
1348 329 1495 382 Λυδὸς

237 398 463 453 ,,οἷνέθηκε.
503 395 663 449 πολλὰς
692 393 775 450 εἶχε
794 395 969 445 ἐλπίδας
999 394 1300 452 ἐπικρατήσειν
1321 401 1396 452 τῆς
1417 403 1494 442 θα·
1507 407 1550 440 55

233 464 441 520 ,,λάσσης·
486 463 558 506 καὶ
591 462 708 506 οὕτω
746 462 908 514 αὐτούς
946 478 990 505 τε
1035 462 1144 514 ε’ξειν
1172 463 1361 519 χρήμασι
1390 470 1494 521 χρᾶ-

234 565 260 586 ,,
250 538 381 583 ,σθαι,
412 530 485 573 καὶ
513 546 619 581 τους
648 533 883 586 πολεμίους
920 528 974 574 ου’
1005 529 1210 587 συλήσειν
1241 531 1381 576 αὐτάέ

1441 533 1494 576 τὰ

208 601 286 643 ὅδὲ
314 597 511 655 χρήματα
552 593 610 655 ἦν
645 603 784 642 ταῦτα
822 599 1007 655 μεγάλα,
1051 596 1111 649 ώς
1147 597 1385 654 δεδήλωταί
1421 618 1497 655 μοι

233 668 280 711 ἐν
308 670 370 723 τῷ
399 665 558 724 πρώτῳ
595 671 685 709 τῶν
714 665 871 722 λόγων.
911 666 1033 722 Αὕτη
1063 665 1141 722 μὲν
1171 666 1224 723 δή
1257 667 1337 711 οὐκ
1374 669 1550 712 ἐνίκαῦο

203 733 261 791 6η
289 733 455 791 γνώμη.
513 733 657 777 ἐδόκεε
690 734 735 778 δὲ
766 734 883 791 ὅμως
915 734 1199 779 ἀπίστασθαι·
1231 729 1309 779 ἕνα
1338 752 1382 779 τε
1414 734 1494 780 αὕ-

231 807 319 847 τῶν
358 799 591 846 πλώσαντα
630 801 674 853 ἐς
710 806 930 846 Μυοῦντα
960 802 1001 854 ἐς
1038 802 1087 847 τὸ
1120 803 1416 858 στρατόπεδον
1443 803 1494 848 τὸ

232 869 319 914 α’πὸ
357 874 432 926 τῆς
462 869 618 921 Νάξου
657 868 863 921 ἀπελθὸν,
903 870 979 914 έὸν
1007 871 1221 925 ἐνθαῦτα,
1253 873 1497 928 συλλαμβά-

232 955 326 982 νειν
347 941 582 993 πειρᾶσθαι
601 937 706 988 τούς
734 938 803 981 ἐπὶ
821 941 910 981 τῶν
936 942 1049 981 νεῶν
1072 938 1351 990 ἐπιπλέοντας
1372 951 1496 994 στρα-

230 1005 405 1063 τηγούς.

464 1004 841 1062 Ἀποπεμφθέντος
871 1006 917 1049 δὲ
942 1004 1224 1063 Ἰητραγόρεω
1253 1007 1356 1052 κατ’
1391 1007 1678 1072 αυτοδόΡΧᾶῑ
1690 1013 1780 1052 tyran
1753 1020 1830 1107 ΞΒ

231 1078 388 1126 τοῦτο,
425 1075 500 1118 καὶ
537 1073 829 1130 συλλαβόντος
872 1073 988 1132 δόλῳ
1015 1073 1214 1119 Ὀλίατον
1252 1076 1497 1133 Ἰβανώλιος
1552 1079 1616 1139 b¹¹¹¹

232 1209 367 1268 Κώην
401 1210 691 1267 Ἐρξανδρεω,
731 1214 793 1268 τῷ
822 1214 1009 1264 Δαρεῖος
1038 1210 1298 1268 ἰἈυτιλήνην
1337 1213 1500 1269 ἐδωρή-

233 1290 360 1333 σατο,
399 1281 473 1324 καὶ
500 1278 809 1337 Ἀρισταγόρην
832 1277 1119 1333 (Ηρακλείδεω
1158 1282 1383 1336 Κυμαῖον,
1423 1282 1498 1326 καὶ

177 1477 234 1512 De
268 1476 350 1527 ipso
378 1475 667 1515 Branchidarum
686 1478 831 1529 templo

176 1531 253 1570 vid.
273 1539 370 1574 nott,
390 1533 439 1570 ad
457 1535 487 1581 Ι,
509 1535 576 1574 92.

230 1585 279 1627 τὰ
320 1591 493 1640 Κροῖσος
515 1588 537 1630 ὁ
562 1585 698 1636 Λυδός
740 1584 833 1629 οἷνέ-

173 1645 296 1695 θηκε]
318 1645 405 1683 Vid.
425 1659 538 1697 supra
557 1648 586 1694 Ι,
601 1646 668 1687 50.
685 1646 752 1687 51.
765 1648 833 1687 92.

174 1704 268 1739 Mox
297 1716 387 1739 cum
416 1710 576 1742 recentt.
613 1702 701 1740 edd.
732 1704 834 1739 inta-

175 1766 281 1797 ctum
310 1761 446 1811 reliqui
476 1755 774 1812 ἐπικρατήσειν,
813 1772 835 1796 a

175 1815 381 1854 Schaefero
401 1824 593 1854 mutatum
611 1817 652 1853 in
674 1816 836 1867 ἐπικρα-

174 1875 313 1924 τῆσαι,
345 1887 435 1910 cum
455 1873 530 1911 duo
551 1874 636 1910 fibri
657 1873 835 1910 afferrent

175 1926 451 1982 ἐπικρατήσας.
484 1932 619 1982 Neque
640 1932 744 1967 enim
756 1931 835 1966 ulla

175 2000 270 2037 opus
291 1986 572 2025 emendatione.
619 1988 753 2024 Futuri
772 1988 835 2023 in-

175 2043 341 2081 finitivus
360 2058 472 2095 supra
500 2057 654 2096 quoque
683 2045 835 2081 inveni-

175 2107 237 2137 tur
269 2102 315 2149 V,
355 2102 432 2143 35:
484 2100 646 2147 ἐλπίδας
677 2097 835 2151 μετήσε-

176 2161 287 2196 σθαι.
346 2158 488 2195 Sensus
518 2159 593 2195 loci
630 2157 726 2194 nihil
760 2157 836 2194 du-

175 2214 280 2252 bius:
310 2213 491 2263 DIagnam
510 2216 719 2265 concipiebat
729 2227 835 2265 spem,

170 2270 273 2321 sore,
305 2275 345 2308 ut
366 2273 420 2308 his
436 2274 595 2322 pecuniis
613 2274 761 2321 potituS,
773 2284 836 2321 per

175 2339 272 2365 mare
309 2328 486 2377 Aegaeum
529 2329 702 2378 Asiaeque
728 2328 836 2365 litora

176 2384 430 2423 dominaretur.
504 2385 570 2423 Sic
612 2384 836 2437 ἐπικρατεῖν

175 2443 256 2480 τῶν
274 2439 517 2494 πραγμάτων
540 2443 604 2489 IV,
629 2442 722 2483 164.

234 2497 276 2536 ἐν
307 2501 363 2553 τῷ
393 2494 537 2551 πρώτῳ
560 2501 640 2537 τῶν
673 2494 833 2551 λόγων]

177 2554 288 2591 Conf.
308 2556 337 2602 Ι,
359 2558 427 2596 92.
456 2557 690 2606 VVesseling.
721 2569 834 2606 prae-

176 2617 278 2647 terea
298 2612 445 2649 confert
474 2613 653 2649 Strabon.
684 2613 776 2649 XIV
794 2626 833 2663 p.

177 2666 257 2707 634
279 2668 320 2704 C.
342 2682 370 2706 s.
389 2668 467 2710 941
490 2671 536 2706 Β.
561 2692 618 2696 —
647 2668 710 2706 Ad
728 2683 836 2721 seqq.

178 2724 312 2761 verba·
343 2724 454 2764 ε’νίκα
481 2724 510 2776 ἦ
528 2722 667 2778 γνώμη
688 2728 790 2763 conf.
806 2727 836 2774 1,

179 2780 246 2818 61.
303 2782 377 2818 Pro
400 2777 551 2821 αυτὲων
579 2782 667 2820 dedi
689 2780 838 2822 αὐτων.

179 2835 237 2871 De
257 2835 408 2887 Ilffyunte
429 2838 596 2877 diximus
617 2838 665 2876 ad
692 2838 839 2888 1‚142

889 1478 935 1514 In
954 1476 1030 1514 fine
1051 1490 1134 1527 cap.
1155 1473 1249 1524 τούς
1269 1473 1425 1516 ἐπὶτῶν
1446 1480 1549 1517 νεῶν

889 1531 1146 1579 ἐπιπλέοντας
1179 1531 1421 1584 στρατηγούς
1445 1548 1552 1584 prae-

884 1590 999 1642 fectos
1017 1590 1151 1637 classis,
1170 1591 1318 1640 opinor,
1349 1589 1444 1626 dixit
1457 1620 1466 1637 ‚
1495 1590 1554 1629 his

889 1648 1050 1686 navibus
1063 1645 1253 1685 advectos.
1286 1647 1396 1685 Cous.
1409 1648 1474 1696 IV,
1486 1650 1552 1688 87.

1060 1771 1152 1823 cap.
1180 1771 1381 1808 xxxva.

950 1872 1196 1923 Μυλασσέα]
1228 1876 1286 1910 De
1314 1871 1389 1910 hoc
1419 1873 1551 1911 Cariae

892 1930 1033 1982 oppido
1066 1931 1165 1968 conf.
1196 1938 1293 1968 nott.
1323 1930 1371 1967 ad
1400 1932 1430 1977 Ι,
1457 1933 1550 1971 171.

890 1991 1000 2025 Nunc
1021 1987 1109 2026 add.
1119 1986 1328 2025 Prokesch.
1346 1989 1385 2023 in
1397 1988 1554 2026 Annall.

890 2046 1098 2083 Viennens.
1120 2046 1273 2082 T.LIX
1298 2045 1469 2095 Anzeige
1490 2046 1552 2082 Bl.

891 2115 981 2153 pag.
1014 2105 1038 2142 3
1068 2116 1148 2154 seq.
1206 2103 1300 2138 Mox
1325 2108 1426 2138 recte
1447 2115 1552 2139 nnnc

893 2158 1040 2196 editum
1085 2157 1305 2210 Τερμερέα,
1355 2159 1422 2195 ubi
1459 2160 1552 2195 olim

891 2229 1094 2267 perperam
1121 2214 1329 2281 Τερμενέα.
1388 2215 1552 2266 „ste-ph.

891 2275 987 2324 Byz·
1015 2272 1211 2325 Τέρμερα,
1245 2267 1362 2318 πόλις
1383 2274 1554 2320 Λυκίας,

893 2326 972 2369 απὸ
991 2328 1214 2381 Τερμέρου·
1237 2345 1258 2368 ο
1250 2327 1438 2379 πολίτης
1463 2332 1553 2394 Τερ-

893 2384 1050 2438 μερεύς.
1111 2386 1228 2423 Fuit·
1218 2400 1260 2422 m
1283 2386 1416 2422 Cariae
1435 2387 1494 2437 Ly
1497 2387 1554 2422 ci-

893 2457 1016 2495 aeque
1037 2443 1188 2482 fimbus.
1249 2443 1381 2480 Cariae
1417 2441 1554 2493 Τερμέ-

894 2515 982 2552 ριον
995 2507 1032 2536 et
1051 2500 1198 2552 χωρίον
1218 2498 1414 2550 Τέρμερον
1432 2512 1554 2549 agno-

891 2558 962 2595 scit
992 2557 1130 2594 Strabo
1160 2557 1251 2593 XIV
1280 2570 1319 2607 p.
1352 2557 1431 2598 657
1454 2558 1499 2593 Β.
1523 2570 1554 2592 s.

891 2615 971 2655 971
995 2614 1058 2661 A.‚
1087 2614 1149 2651 cuj
1170 2614 1302 2650 Cariae
1321 2613 1362 2649 in
1381 2614 1453 2649 situ
1473 2614 1554 2648 He-

893 2669 1050 2707 rodotus
1099 2671 1181 2719 VII,
1236 2672 1289 2711 98
1329 2669 1551 2719 congruit.“

898 2727 1177 2776 lVesseling.
1216 2728 1291 2763 Pro
1310 2721 1554 2777 Ἐρξάνδρεω

894 2785 1135 2821 Florentinus
1166 2782 1280 2820 habet
1299 2778 1554 2832 Ἐρξάνδρου.

896 2842 962 2878 Tu
991 2841 1123 2878 confer
1143 2841 1190 2878 sis
1212 2845 1307 2876 nott.
1338 2837 1387 2874 ad
1407 2838 1470 2884 lv,
1487 2839 1553 2877 97.

1584 1114 1633 1141 ·an
1621 1055 1740 1149 {¹11¹'[a.
1751 1114 1827 1150 5οη,

232 1141 495 1193 Μυλασσέα
549 1144 624 1187 καὶ
660 1143 863 1187 Ἱστιαῖον
904 1143 1084 1197 Τύμνεω
1128 1146 1370 1198 Τερμερέα,
1421 1146 1497 1189 καὶ
1552 1154 1634 1193 390
