1897 3340
0 3148 10 3253 σι’-ν

422 252 507 293 512
816 248 1280 288 HERODOTI

425 361 553 416 σγίδα
591 359 978 414 παραμειβόμενος.
1009 359 1089 413 τὴν
1114 357 1234 413 Ἴδην
1270 358 1317 400 δὲ
1345 355 1494 407 λαβών
1524 357 1565 407 ἐς
1594 354 1686 410 ἀρι-

395 427 584 483 3στερήν
623 427 749 481 χέρα,
791 427 859 481 ἤϊε
890 427 932 477 ἐς
970 426 1051 482 τήν
1093 425 1250 468 Ἰλιάδα
1279 429 1376 481 γῆν.
1434 424 1508 468 καὶ
1536 427 1689 477 πρῶτα

426 494 506 550 μέν
535 497 577 538 οἱ
616 493 704 537 ὑπὸ
741 498 795 551 τῇ
819 494 914 550 Ἴδῃ
951 492 1088 536 νύκτα
1127 491 1406 548 ἀναμείναντι
1435 493 1615 547 βρονταί
1644 507 1688 534 τε

423 563 498 606 καὶ
528 565 768 616 πρηστῆρες
794 561 1125 612 ἐπεισπίπτουσι,
1156 562 1229 603 καί
1255 577 1352 602 τινα
1385 557 1522 603 αὐτοῦ
1550 558 1686 616 ταύτῃ
1700 565 1745 600 30

371 837 465 867 rent.
487 825 585 879 Lyd.
615 827 672 861 De
701 837 841 861 menss.
864 825 901 869 ξ.
927 824 974 862 18
994 836 1034 873 p.

373 887 453 926 169
473 897 551 935 seq.
575 881 634 918 ed.
655 880 793 917 Roeth.
831 882 916 931 Ipsa
946 880 1034 916 urbs

371 940 420 978 ad
432 942 544 976 maris
556 940 684 976 sinum
694 937 1034 988 Adramyttenum,

373 998 439 1049 qui
459 995 548 1033 inde
568 995 793 1039 vocabatur,
814 992 966 1030 condita
988 992 1034 1028 ab

372 1052 668 1090 Atheniensibus
689 1052 901 1088 etiamnum
928 1055 1036 1085 vetus

376 1111 530 1147 retinuit
550 1120 694 1145 nomen
715 1107 926 1144 Aclramz'tti.
948 1103 1035 1142 vid.

376 1166 598 1205 Strab.xlll
610 1179 647 1215 p.
658 1166 738 1204 606
750 1176 779 1200 s.
795 1177 831 1214 p.
849 1161 930 1202 904
942 1162 988 1199 A.
1001 1167 1037 1197 et

377 1237 418 1274 p.
440 1225 516 1262 611
533 1235 640 1273 seqq.
661 1234 689 1256 s.
711 1222 805 1260 910.
815 1216 1037 1256 Tzschuck.

380 1279 429 1316 ad
440 1279 566 1316 Mehl.
589 1279 615 1314 l.
635 1283 732 1313 nott.
743 1288 880 1326 exegg.
896 1276 978 1324 (ΙΙΙ,
994 1275 1036 1323 1)

340 1328 344 1333 .
376 1336 523 1387 p.526.
544 1335 581 1382 A
601 1346 677 1385 qua
697 1333 791 1368 urbe
822 1330 1038 1368 extenditur

377 1393 453 1430 lata
465 1391 651 1442 planities,
666 1390 771 1426 cuius
784 1396 932 1439 partem
952 1401 1038 1423 me-

378 1447 607 1486 ridionalem
655 1445 705 1482 ad
748 1447 837 1483 istos
877 1443 1038 1482 Thebae

380 1517 559 1555 campos,
590 1515 685 1555 quos
715 1501 931 1539 Herodotus
951 1500 990 1541 h.
1012 1501 1038 1537 l.

347 1562 350 1565 ’
378 1567 675 1604 commemorat,
696 1559 807 1596 refert
829 1555 1039 1595 Prokesch.

379 1619 663 1666 Erinnerungg.
696 1622 767 1654 etc.
796 1617 850 1651 III
879 1629 918 1665 p.
939 1615 1036 1654 283.

385 1674 545 1721 Theben,
575 1684 692 1724 quam
712 1673 827 1708 etiam
846 1670 1041 1721 Hypopla-

382 1733 473 1768 ciam
483 1736 634 1776 vocant,
646 1729 718 1764 nisi
737 1726 867 1778 oppidi
880 1729 919 1763 iu
931 1724 1041 1763 The-

379 1789 452 1824 bae
465 1788 620 1837 regione
641 1785 701 1821 siti
721 1791 776 1821 est
787 1797 943 1831 nomen,
963 1783 1042 1818 iam

380 1845 489 1881 novit
518 1845 730 1888 Homerus,
761 1842 872 1878 sitam
892 1842 930 1876 in
951 1850 1042 1889 agro

382 1900 496 1938 fertili
516 1912 537 1936 a
557 1896 716 1935 meridie
737 1898 879 1934 Troiae
899 1903 936 1933 et
955 1896 1044 1945 ipsis

384 1957 561 1994 Troianis
589 1953 803 2002 subditam,
834 1952 922 1991 dein
942 1945 1044 1989 ’vero

385 2014 433 2050 ab
454 2012 604 2050 Achille
623 2017 774 2061 captam
788 2024 831 2047 ac
847 2016 1045 2047 vastatam.

386 2069 499 2110 Conf,
528 2070 572 2106 ll.
602 2069 631 2116 I,
664 2069 758 2107 366.
788 2068 835 2116 II,
858 2068 954 2107 691.
982 2066 1046 2111 VI,

387 2127 481 2166 397.
521 2126 617 2166 416.
663 2125 798 2171 XXII,
838 2121 919 2163 479
960 2122 1047 2158 coll.

387 2182 514 2218 Strab.
535 2182 559 2217 l.
580 2181 605 2217 l.
626 2192 713 2230 pag.
735 2182 816 2221 612
846 2192 876 2215 s·
907 2180 989 2218 910
1011 2184 1048 2213 et

387 2235 651 2275 Tzschuckel.
665 2237 686 2273 l.
708 2242 790 2272 nott
803 2246 940 2284 exegg.
963 2235 1046 2281 (111,

392 2294 434 2341 1)
445 2307 482 2344 P·
495 2293 588 2334 525.
612 2290 674 2328 Ad
687 2288 932 2340 ’Ἄντανδρον
943 2290 991 2325 cs.
1002 2290 1047 2336 V,

388 2351 443 2390 26
465 2356 502 2385 et
523 2349 565 2384 C.
583 2348 626 2386 0.
649 2348 796 2383 Miiller.
819 2344 1046 2383 Orchomen.

389 2418 477 2455 pag.
490 2403 570 2444 444
582 2401 754 2452 (notante
777 2402 878 2452 Cn).
900 2401 961 2437 Ad
978 2414 1048 2438 vo-

391 2474 453 2498 ces
482 2458 554 2510 τήν
575 2455 730 2497 Ἰλιάδα
754 2461 832 2510 γῆν
857 2457 933 2495 vid.
952 2465 1048 2494 nott.

391 2517 440 2554 ad
451 2518 496 2563 V,
511 2519 602 2556 122.
624 2517 681 2551 De
700 2514 928 2552 Idaemoute
942 2515 1049 2564 plura

392 2573 497 2610 dabit
518 2570 746 2609 Tzschncke
768 2570 815 2607 ad
834 2572 924 2607 Mel.
945 2573 974 2614 1,
1000 2572 1048 2610 18

391 2631 428 2676 ς,
450 2630 476 2670 4
497 2635 593 2665 nott.
628 2641 764 2677 exegg.
785 2628 878 2676 (ΙΙΙ,
903 2628 942 2674 1)
964 2639 1052 2677 pag.

393 2687 487 2728 538.
545 2684 656 2730 Quod
695 2691 823 2721 autem
855 2682 1052 2720 Leonem-

392 2743 463 2779 lier
490 2741 733 2790 (Beschreib.
757 2739 793 2778 d.
823 2742 954 2777 Ebene
975 2753 1050 2777 von

393 2799 512 2836 Troia
533 2811 572 2849 p.
596 2798 649 2839 56
670 2810 774 2849 seqq.
797 2796 857 2833 ed.
878 2796 1050 2845 vernae.)

394 2853 488 2892 haec
514 2854 631 2894 verba
659 2855 711 2891 ita
729 2854 810 2892 vult
830 2854 970 2905 accipi,
1011 2859 1053 2890 ut

297 639 364 684 43
424 629 586 684 συχνόν
607 627 761 684 ὅμιλον
782 629 1051 685 διέφθειραν.
1079 625 1364 684 Ἀπικομένου
1386 627 1431 670 δὲ
1461 630 1542 670 τοῦ
1563 639 1691 681 στρα-

94 703 293 735 Scamander.
312 704 350 731 ob

94 739 257 768 immanem
267 737 370 766 biben-
399 754 405 756 --

1091 823 1278 861 exercitus
1319 823 1540 874 processerit
1569 824 1749 859 sinistrum

1091 880 1181 917 Idae
1193 880 1370 916 brachium
1393 893 1523 925 versus,
1545 878 1583 915 id
1603 891 1749 925 vereor,

1090 944 1133 973 ut
1143 938 1296 986 linguae
1316 937 1417 986 leges
1430 937 1659 986 permittant,
1680 935 1751 970 be-

1091 1006 1218 1044 neque
1252 994 1329 1028 iam
1355 993 1505 1028 monuit
1535 992 1704 1042 Heynius
1724 991 1751 1026 l.

1091 1050 1118 1086 l.
1139 1063 1175 1099 p.
1198 1049 1251 1089 57
1272 1055 1366 1085 nott.
1387 1049 1442 1084 nil
1463 1047 1565 1084 aliud
1577 1047 1750 1094 indicari,

1091 1106 1164 1142 nisi
1191 1107 1378 1142 exercitum
1413 1106 1468 1140 ita
1496 1117 1565 1140 esse
1587 1115 1755 1153 progres-

1093 1175 1179 1207 sum,
1192 1165 1231 1198 ut
1249 1161 1296 1198 acl
1318 1161 1453 1197 laevam
1477 1159 1756 1196 habueritIdam

1092 1222 1250 1256 montem.
1309 1216 1420 1262 Quod
1441 1218 1471 1254 si
1490 1218 1555 1254 vix
1576 1215 1756 1253 credibile

1093 1274 1278 1321 videatur,
1309 1267 1490 1310 militibus
1513 1285 1621 1310 oram
1639 1273 1757 1308 mari-

1092 1333 1228 1369 timam
1240 1331 1451 1380 legentibus
1463 1331 1502 1366 in
1518 1331 1650 1366 itinere
1662 1329 1757 1366 Sar-

1095 1388 1203 1425 dibus
1224 1386 1407 1438 Abydum
1427 1385 1601 1423 facieudo
1615 1384 1662 1422 ad
1675 1386 1755 1422 lae-

1094 1458 1184 1483 vam
1203 1444 1316 1481 fuisse
1336 1443 1458 1491 Idam,
1488 1442 1580 1479 illud
1601 1454 1757 1494 quoque

1095 1502 1216 1539 teneri
1235 1501 1351 1538 velim
1368 1530 1377 1547 ,
1407 1501 1545 1536 multas
1570 1512 1648 1536 esse
1666 1498 1757 1535 Idae

1095 1566 1219 1609 partes
1229 1570 1271 1593 ac
1284 1555 1448 1603 brachia,
1460 1569 1624 1608 quorum
1635 1567 1758 1592 unum

1097 1615 1251 1651 forsitan
1274 1612 1322 1650 ad
1353 1615 1478 1663 ipsum
1498 1625 1604 1649 mare
1622 1624 1757 1662 porre-

1098 1678 1215 1716 ctum,
1230 1670 1351 1706 Persis
1371 1671 1441 1705 iter
1454 1669 1678 1705 facientibus
1695 1680 1758 1704 sa-

1098 1739 1265 1779 nequam
1286 1725 1334 1762 ad
1354 1726 1502 1762 laevam
1523 1738 1601 1761 esse
1620 1731 1759 1775 potne-

1097 1786 1158 1821 rit.
1177 1805 1233 1810 —-
1270 1781 1331 1818 Ad
1361 1795 1472 1819 voces
1503 1777 1627 1820 αὐτοῦ
1660 1775 1759 1819 ταύ-

1098 1856 1145 1894 τῃ
1168 1839 1269 1877 conf.
1289 1845 1383 1876 nott.
1405 1838 1453 1875 ad
1474 1839 1537 1886 IV,
1555 1839 1621 1879 80.
1648 1836 1740 1877 135.

1304 1963 1396 2014 Cap.
1425 1962 1564 1998 XLIII.

1157 2061 1418 2114 Ἀπικομένου
1436 2061 1477 2102 δὲ
1497 2065 1569 2101 τοῦ
1592 2062 1762 2111 στρατοῦ

1103 2137 1141 2162 κ.
1173 2137 1206 2160 τ.
1242 2122 1294 2169 t]
1340 2121 1445 2165 Quae
1478 2120 1556 2169 ipsa
1593 2117 1761 2168 pluribus

1105 2179 1226 2216 verbis
1256 2176 1505 2226 interpositis,
1537 2187 1630 2210 mox
1651 2187 1764 2224 repe-

1104 2241 1236 2271 tuntur
1273 2233 1395 2269 verbis
1427 2230 1491 2270 ἐπὶ
1533 2232 1677 2269 τοῦτον
1711 2226 1762 2279 δή

1103 2287 1169 2329 τὸν
1191 2286 1371 2338 ποταμὸν
1403 2286 1456 2332 ὥς
1476 2282 1638 2325 ἀπίκετο
1667 2284 1765 2335 Ξέρ-

1105 2348 1187 2396 ξης.
1246 2345 1356 2381 Cous.
1387 2343 1581 2381 Sohaefer.
1606 2341 1654 2379 ad
1674 2343 1765 2378 Dio-

1104 2416 1188 2454 nys·
1210 2403 1458 2438 Halicarnass.
1479 2402 1536 2436 De
1567 2399 1767 2450 composit.

1104 2460 1235 2496 verbb.
1266 2471 1354 2509 pag.
1391 2459 1490 2504 191,
1534 2468 1650 2507 quem
1677 2456 1766 2491 citat

1109 2515 1179 2552 Cr.
1213 2518 1313 2551 Nam
1344 2512 1559 2551 Scamander
1591 2511 1668 2557 (de
1687 2523 1765 2562 quo

1106 2572 1222 2609 ssuvio
1243 2572 1351 2622 plura
1371 2568 1599 2607 Tzschucke
1612 2567 1660 2604 ad
1675 2567 1766 2603 Mel.

1107 2629 1138 2674 Ι,
1171 2631 1222 2669 18
1256 2629 1292 2673 §.
1326 2631 1350 2668 3
1380 2633 1474 2663 nott.
1496 2637 1634 2674 exegg.
1654 2625 1718 2670 III,
1742 2627 1763 2662 1

1107 2698 1196 2735 pag.
1219 2684 1300 2724 536
1337 2683 1470 2734 seqq.)
1511 2683 1677 2731 primus,
1717 2691 1766 2715 ex

1108 2753 1184 2792 quo
1216 2739 1396 2776 Sardibus
1436 2738 1593 2788 profecti
1629 2738 1766 2773 Persae
1827 2769 1830 2771 ,

1106 2798 1178 2834 iter
1198 2797 1382 2843 fecerant,
1413 2795 1547 2831 fluvius
1574 2793 1686 2830 fuisse
1708 2791 1769 2828 di-

1108 2855 1217 2902 citur,
1240 2854 1305 2906 qui
1328 2859 1460 2904 epotus
1483 2849 1676 2898 defecerit,
1697 2860 1768 2886 cu-
