1897 3340
436 281 520 321 514
838 278 1302 317 HERODOTI

436 387 566 431 ἔθυσε
605 389 716 444 βοῦς
758 389 920 443 χιλίας·
959 387 1065 444 χοάς
1109 387 1154 430 δὲ
1186 388 1230 430 οἷ
1256 384 1388 442 μάγοι
1415 388 1531 429 τοῖσι
1558 383 1700 441 ἥρωσι

436 456 623 512 ἐχέαντο.
680 458 818 498 ταῦτα
857 455 903 498 δὲ
940 455 1302 512 ποιησαμένοισι,
1350 452 1511 503 νυκτός
1555 450 1756 508 φόβος40

405 523 481 575 Βές
509 523 559 567 τὸ
590 522 888 576 στρατόπεδον
917 522 1098 567 ἐνέπεσε.
1139 521 1228 577 ἅμα
1255 519 1395 578 ἡμέρῃ
1426 520 1473 564 δὲ’
1502 519 1703 575 ἐπορεύε-

435 607 484 634 το
508 591 723 641 ἐνθεῦτεν,
752 589 798 631 ἐν
824 587 1028 646 ἀριστερῇ
1058 590 1136 645 μὲν
1156 588 1355 644 ἀπέργων
1381 588 1593 631 Ῥοίτειον
1621 586 1700 631 πό·

435 662 504 701 λιν
536 657 611 700 καὶ
639 654 929 712 Ὀφρύνειον,
960 657 1033 700 καὶ
1062 657 1318 712 Δάρδανον,
1349 654 1456 710 ἥπερ
1488 654 1541 711 δή
1566 653 1699 711 Ἀβύ-

437 727 499 781 δῳ
530 721 722 780 ὅμουρός
750 723 858 767 ἐστι·
899 724 946 766 ἐν
975 723 1091 780 δεξιῇ
1123 725 1181 776 δὲ,
1215 722 1430 780 Γέργιθας
1465 721 1699 779 Τευκρούς.

378 905 432 946 ut,
462 910 530 948 pro
562 897 670 934 solita
697 902 870 934 veterum
903 908 1037 946 super-

375 956 525 992 stitione
563 952 604 990 id
631 966 777 990 numen
805 953 874 989 sibi
906 953 1038 1003 propi-

375 1013 474 1048 tium
510 1009 698 1047 redderet.
775 1007 885 1045 Unde
922 1009 1037 1045 simul

375 1067 608 1117 intelligitur,
632 1079 653 1103 a
665 1067 870 1103 Persarum
882 1065 1037 1115 religio-

375 1124 488 1161 nibus
514 1136 592 1161 non
611 1135 763 1174 prorsus
799 1120 1037 1158 abhorruisse

374 1181 572 1217 notionem
615 1179 663 1216 de
710 1179 931 1216 numinibus
977 1178 1038 1215 se-

374 1237 525 1273 mincis.

431 1307 527 1344 χοας
562 1288 606 1331 δὲ
635 1290 676 1330 οἱ
705 1286 827 1343 μάγοι
853 1293 954 1329 τοῖσι
986 1285 1038 1340 ἥ-

376 1361 474 1401 ρωσι
515 1346 698 1399 ἐχέαντο]
740 1344 836 1398 χοοῖς
880 1345 1037 1397 ἐχέαντο

374 1404 558 1443 Valcken.
580 1411 680 1441 recte
691 1405 835 1454 accepit
854 1416 922 1453 pro
944 1398 1039 1453 ἐνή-

375 1474 513 1514 γισανς
544 1460 592 1498 de
613 1474 688 1514 quo
708 1462 824 1498 verbo
844 1459 920 1498 vid.
939 1466 1037 1496 nott.

350 1557 354 1560 ,
376 1518 425 1555 ad
445 1520 474 1568 1,
499 1519 591 1558 167.
649 1519 728 1553 Nec
759 1518 865 1553 aliter
884 1516 1038 1553 intelle-

375 1576 473 1611 xisse
488 1573 600 1612 video
616 1575 751 1625 Heyne
772 1572 820 1610 ad
838 1572 1038 1610 Lecheva-

372 1632 443 1668 lier
476 1631 501 1666 l.
534 1631 560 1666 l.
591 1642 680 1680 pag.
715 1630 768 1669 58
798 1635 894 1666 nott.
954 1629 1035 1666 Sub

372 1687 531 1725 heroibus
552 1693 680 1723 autem
700 1684 739 1722 h.
759 1686 785 1722 l.
806 1683 987 1723 Kleuker.
1008 1685 1035 1722 l.

372 1744 398 1782 l.
427 1755 515 1794 pag.
544 1740 597 1783 24
629 1743 789 1792 intelligi
818 1743 899 1779 vult
920 1742 1036 1778 heroes

372 1799 594 1847 Homericos,
621 1801 753 1850 quinti,
775 1796 1034 1848 Xenophonte

373 1869 528 1908 quoque
539 1862 651 1899 teste,
673 1856 792 1906 Cyrus
805 1862 918 1906 atque
930 1855 1035 1905 Magi

373 1913 669 1963 uniuscuiusque
683 1918 812 1959 terrae,
825 1923 941 1963 quam
951 1923 1034 1961 per-

372 1975 556 2015 mearent,
577 1967 711 2005 heroes
732 1966 917 2005 advocare
938 1980 1034 2004 con-

372 2026 564 2063 sueverint
590 2023 806 2075 indigenas,
841 2037 934 2076 quos
964 2024 1033 2061 sibi

370 2082 551 2132 propitios
572 2079 784 2118 redderent.
820 2083 954 2132 Neque
973 2087 1034 2117 ta-

369 2139 419 2174 lia
449 2136 651 2174 abhorrere
680 2144 788 2187 putat
817 2150 837 2173 a
856 2137 1033 2173 Persicae

370 2194 562 2243 religionis
599 2192 750 2241 indolet,
807 2194 838 2230 si
874 2192 1030 2244 quidem

370 2250 509 2286 Persae
547 2247 680 2286 heroes
728 2262 806 2285 nou
846 2256 1030 2300 tanquam

372 2304 463 2342 deos
481 2307 590 2355 ipsos,
612 2304 679 2341 sed
698 2311 739 2341 ut
759 2305 890 2353 genios
911 2305 1030 2340 bonos

371 2362 449 2398 sive
468 2362 609 2398 summi
619 2362 710 2397 boni
729 2362 830 2410 genii
841 2362 1030 2397 ministros

371 2425 486 2469 atque
507 2416 705 2463 adiutores,
729 2417 856 2467 quales
885 2430 1031 2453 vocan-

370 2480 432 2510 tur
460 2473 609 2520 Feruer,
630 2474 813 2509 coluerint
835 2479 947 2524 atque
968 2474 1029 2508 in-

369 2530 600 2567 vocaverint.
670 2530 722 2565 At
753 2530 862 2566 Gallo
903 2529 1026 2578 docto,

370 2584 547 2623 Choiseul
568 2606 590 2613 -·
609 2585 780 2622 Gonsfier
802 2616 811 2634 ,
870 2587 1027 2638 Voyage

369 2643 601 2694 pittoresque
633 2649 703 2678 etc.
747 2643 781 2677 11
819 2655 907 2694 pag.
945 2644 1026 2684 385

368 2700 433 2736 vix
454 2698 630 2735 credibile
650 2698 809 2746 videtur,
840 2701 970 2749 Magos
992 2701 1030 2736 in

369 2757 560 2805 peregrini
580 2753 702 2792 herois
725 2754 910 2792 honorem
933 2757 1030 2792 liba-

369 2813 491 2849 tiones
512 2812 662 2856 fecisse3
706 2813 832 2863 itaque
853 2813 1029 2849 Herodo-

371 2874 454 2905 tum
475 2867 568 2906 haec
598 2869 723 2906 forsan
750 2881 799 2905 ex
832 2871 1027 2907 Ilellauico

1095 895 1330 946 descripsisse
1359 903 1544 935 autumat.
1611 897 1656 932 In
1678 908 1754 948 quo

1094 965 1158 989 me
1193 952 1351 1003 quidem
1380 965 1460 990 non
1489 953 1755 991 assentientem

1092 1007 1260 1046 habebit.

1150 1083 1290 1133 νυκτὸς
1300 1083 1429 1137 φόβος
1439 1108 1493 1114 —
1504 1085 1679 1136 ἐνέπεσε]
1709 1089 1755 1125 111

1095 1144 1174 1180 aliis
1204 1144 1308 1180 libris
1338 1150 1458 1180 exstat
1479 1142 1647 1183 ἕσέπεσε.
1703 1145 1756 1181 At
1818 1177 1828 1184 .

1095 1200 1196 1237 conf.
1211 1201 1274 1247 IV,
1288 1201 1383 1240 203.
1403 1200 1501 1248 VIII,
1519 1202 1585 1241 37.
1598 1201 1757 1238 Miscell.

1096 1258 1277 1295 Observv.
1297 1258 1350 1292 111
1368 1269 1457 1307 pag.
1482 1255 1574 1296 144.

1148 1345 1343 1386 ΓΡοίτειον
1375 1341 1520 1393 πόλιν]
1563 1345 1755 1384 Rhoeteum

1094 1415 1116 1439 a
1146 1404 1261 1453 Sigeo
1284 1399 1359 1455 (de
1388 1415 1463 1454 quo
1482 1401 1560 1439 vid.
1579 1409 1676 1444 nott,
1706 1401 1755 1440 ad

1093 1461 1138 1506 V,
1161 1461 1232 1509 64)
1255 1460 1450 1509 sexaginta
1470 1458 1596 1496 stadiis
1623 1472 1753 1496 remo-

1093 1523 1177 1553 tum
1196 1523 1290 1553 teste
1312 1516 1488 1553 strabon.
1509 1516 1602 1552 XIII
1621 1514 1752 1566 p.595
1807 1514 1810 1517 ’
1868 1494 1870 1497 -

1093 1586 1123 1611 s.
1163 1575 1244 1613 890
1270 1574 1342 1621 A.,
1391 1573 1432 1608 in
1476 1572 1751 1623 promontorio,

1094 1628 1198 1683 quod
1243 1643 1346 1666 nunc
1386 1636 1525 1666 vocant
1559 1628 1752 1666 Tscleacate

1091 1685 1218 1722 Barna
1246 1684 1427 1737 quodque
1447 1686 1540 1721 olim
1569 1692 1607 1722 et
1625 1686 1752 1736 ipsum

1091 1740 1306 1778 Rhoeteum
1326 1742 1550 1790 vocabatur,
1571 1741 1751 1791 probabi-—

1089 1799 1173 1834 liter
1192 1798 1263 1834 fuit
1285 1804 1530 1843 exstructum,
1552 1799 1617 1834 ubi
1646 1810 1750 1834 nunc

1089 1856 1194 1892 vicus
1205 1856 1299 1891 mari
1311 1854 1456 1891 adiacet
1467 1855 1622 1891 nomine
1631 1853 1751 1891 Erin-

1091 1911 1183 1948 Kevz'
1199 1925 1229 1948 s.
1248 1911 1302 1948 El
1325 1911 1487 1958 Gulmes,
1518 1917 1604 1958 aut,
1625 1917 1668 1947 ut
1688 1910 1751 1947 alii

1089 1969 1268 2014 scribunt,
1281 1966 1642 2004 It—Guelmes-Kevz'.
1663 1965 1749 2004 vid.

1089 2023 1292 2061 thhuck.
1320 2023 1369 2060 ad
1398 2024 1488 2064 Mel,
1520 2025 1550 2071 I,
1583 2025 1633 2064 18
1663 2024 1700 2068 ξ.
1723 2022 1749 2062 5

1088 2088 1184 2118 nott.
1215 2092 1352 2130 exegg.
1374 2078 1454 2130 (111,
1483 2080 1525 2127 1)
1546 2091 1632 2130 pag.
1654 2078 1750 2120 542.

1089 2139 1209 2173 Kruse
1239 2138 1265 2172 1.
1296 2149 1408 2186 snpia
1440 2134 1541 2172 laud.
1563 2148 1650 2186 pag.
1681 2136 1749 2175 68·

1089 2191 1478 2229 Choisenl-Gouflier
1496 2192 1522 2228 l.
1553 2192 1578 2227 l.
1604 2193 1639 2227 11
1658 2203 1748 2241 pag.

1087 2247 1182 2288 444.
1239 2249 1362 2293 Quem
1381 2249 1509 2284 vicum
1535 2246 1746 2284 Larcherus

1085 2305 1211 2340 minus
1222 2312 1322 2341 recte
1334 2317 1401 2355 pro
1415 2311 1588 2341 veterum
1602 2304 1747 2354 Ophry-

1085 2373 1146 2397 neo
1167 2359 1298 2409 habet,
1332 2360 1435 2412 quod
1464 2373 1543 2398 non
1571 2359 1620 2398 ad
1639 2372 1746 2397 mare

1086 2418 1156 2454 suit
1175 2419 1289 2454 situm
1303 2447 1312 2463 ,
1347 2416 1414 2454 sed
1443 2418 1481 2453 in
1503 2424 1625 2454 tractu
1644 2418 1746 2453 inte-

1086 2475 1173 2510 riori
1186 2473 1535 2524 propel)ar‹lanum
1554 2475 1592 2510 iu
1612 2479 1744 2510 monte

1084 2531 1198 2581 sylvis
1209 2530 1438 2579 abundante,
1459 2544 1530 2567 nec
1542 2530 1675 2581 procul
1695 2529 1743 2565 ab
1793 2554 1797 2558 -
1846 2563 1847 2576 ¹

1086 2600 1131 2623 eo
1159 2588 1266 2631 loco,
1306 2600 1381 2639 quo
1414 2588 1585 2625 Hectoris
1613 2586 1743 2637 sepul·

1084 2657 1193 2681 crum
1226 2657 1304 2680 esse
1342 2643 1510 2680 tradunt.
1574 2643 1648 2679 Vix
1682 2649 1743 2678 ta-

1085 2714 1176 2736 men
1210 2701 1418 2738 accuratius
1458 2697 1588 2750 oppidi
1627 2700 1741 2735 situm

1085 2757 1251 2794 indicare
1266 2759 1376 2804 licet,
1409 2769 1528 2807 quum
1549 2753 1619 2791 hae
1639 2756 1744 2806 ipsae
1805 2788 1807 2790 .
1842 2770 1843 2794 ς

1085 2815 1257 2863 regiones
1279 2812 1403 2850 adhuc
1431 2825 1565 2863 parum
1580 2812 1654 2848 sint
1673 2823 1741 2848 co-

1083 2872 1212 2921 gnitae
1241 2883 1284 2908 ac
1307 2870 1564 2921 perlustratae.
1629 2867 1738 2906 Conf.
