1897 3340
310 203 395 243 810
563 201 831 241 EXCURSUS
851 204 902 241 1v
931 204 1001 240 AD
1031 203 1354 244 HERODOTUM
1384 204 1447 255 Vl,
1478 209 1545 249 69.
1782 219 1802 237 0

312 315 506 366 vatimque
524 327 614 354 suus
633 316 827 353 constabat
847 313 992 364 honor,
1013 329 1080 353 sua
1107 317 1295 354 sanctitas.
1352 319 1490 368 Arguit
1517 319 1577 356 vel
1599 319 1791 357 Astrabaci

313 380 475 419 heroum
499 383 648 434 publice
668 384 920 436 privatimque
951 383 1143 422 residuum
1163 385 1452 423 Lacedaemone
1475 383 1569 437 (vid.
1591 387 1734 425 Herod.
1764 401 1785 424 e

310 450 473 488 Pausan.
493 451 518 488 l.
533 450 626 502 1.).“
645 473 702 479 -—

421 518 625 569 comparat
645 517 734 555 dein
760 519 797 556 C
804 532 833 556 r.
854 519 999 571 Hygini
1016 520 1273 557 narrationem
1302 522 1408 560 Poet.
1430 528 1568 562 astron.
1596 536 1656 573 cp.
1679 524 1731 563 23
1752 536 1791 573 p.

307 583 388 626 473
417 599 496 637 seq.
518 598 591 623 van
618 586 779 634 Staver„
816 599 915 638 quae
949 600 1066 639 quam
1086 591 1254 626 maxime
1275 588 1350 627 huc
1371 590 1500 626 referri
1521 590 1646 640 possit,
1678 590 1730 625 ita
1750 596 1791 627 ut

308 652 452 690 Baccho
477 655 594 703 prisco
620 654 773 703 adeoque
811 654 932 692 Sileno
964 655 1161 693 simillimus
1185 658 1316 695 evadat
1347 658 1434 694 idem
1467 657 1526 695 ille
1551 658 1790 703 Astrahacuu

309 734 398 758 cum
414 722 614 772 utrobique
634 723 869 772 magicarum
888 735 1017 758 rerum
1039 721 1446 776 daemoniacarumque
1465 725 1665 763 manifesta
1675 727 1791 764 vesti-

307 789 382 838 gia.
410 790 490 825 Nec
509 789 735 826 Astrabacus
756 790 883 827 minus
897 789 1004 826 asello
1023 791 1173 827 iunctus
1193 793 1417 841 insaniaeque
1436 793 1652 844 implicitus,
1674 807 1791 846 quam

307 854 492 894 Bacchus.
548 858 681 894 Neutri
710 859 803 894 item
834 856 938 895 deest
963 858 1187 908 significatio
1221 864 1407 897 astrorum.
1464 861 1697 911 Cogitandus
1719 875 1789 899 au-

307 930 385 961 tem
414 923 453 962 h.
488 924 514 964 l.
546 932 600 962 est
627 924 975 963 Bacchus-Silenus
1010 927 1220 977 priscarum
1244 928 1473 978 religionum
1494 930 1789 980 Pelasgicarum,

305 1004 403 1043 quae
424 990 526 1042 apud
545 993 773 1031 Dodonaeos
793 995 963 1045 inprimis
979 995 1234 1034 invaluerunt.
1293 994 1405 1041 Quod
1433 1009 1524 1034 vero
1545 996 1645 1047 apud
1666 998 1790 1049 Hygi-

303 1072 401 1096 num
434 1061 459 1099 l.
489 1062 517 1098 l.
575 1060 748 1099 Bacchus
776 1064 880 1099 asino
900 1063 977 1111 illi,
1015 1076 1092 1115 quo
1121 1063 1244 1100 fuerat
1264 1070 1405 1112 vectus,
1425 1077 1560 1101 vocem
1582 1063 1788 1101 humanam

302 1125 448 1164 dedisse
469 1126 627 1176 dicitur,
656 1130 827 1166 Balaami
848 1131 974 1168 asinae
993 1132 1181 1183 loquentis
1201 1130 1305 1167 idem
1325 1132 1501 1169 meminit
1521 1145 1541 1168 e
1569 1134 1682 1169 sacris
1708 1134 1788 1169 He-

298 1196 501 1232 braeorum
519 1197 676 1248 scriptis,
697 1198 846 1250 aliaque
868 1197 1032 1249 disputat
1051 1198 1099 1236 ad
1125 1199 1219 1236 asini
1239 1200 1316 1237 vim
1339 1206 1375 1237 et
1402 1207 1627 1251 potestatem
1660 1201 1700 1237 in
1720 1214 1788 1238 ve-

297 1269 423 1300 terum
451 1265 696 1315 religionibus
727 1265 1036 1316 cognoscendam
1063 1273 1100 1304 et
1127 1266 1430 1317 perspiciendam
1449 1268 1655 1319 aptissima.
1711 1270 1788 1306 Nos

292 1329 370 1368 huc
390 1344 434 1368 ea
449 1338 598 1370 tantum
618 1332 887 1382 adscribamus,
909 1348 1007 1387 quae
1023 1333 1290 1373 dissertationis
1311 1335 1429 1372 finem
1452 1337 1686 1374 constituunt
1718 1337 1787 1388 [p.

296 1399 420 1447 27OJ:
479 1402 587 1448 „Iam
613 1401 707 1438 illud
737 1415 1054 1455 unumquemque
1085 1401 1259 1440 advertat
1283 1403 1329 1440 ab
1353 1403 1526 1442 Hebraeis
1553 1417 1631 1442 non
1658 1405 1785 1443 minus

299 1480 417 1519 quam
439 1481 460 1504 a
480 1469 627 1507 Graecis
649 1470 689 1508 in
718 1471 886 1521 imagine
915 1473 1011 1509 asini
1043 1477 1080 1508 et
1100 1472 1255 1508 asinarii
1273 1473 1373 1520 genii
1395 1469 1489 1509 haec
1520 1471 1596 1510 duo
1616 1473 1783 1510 includi:

296 1536 466 1586 primum
485 1541 624 1586 agreste
645 1539 739 1575 vitae
757 1551 867 1587 genus
883 1539 1149 1589 solitariumque
1168 1538 1410 1584 ac·silvestre;
1440 1538 1579 1577 deinde
1599 1541 1785 1579 lasciviam
1839 1590 1844 1596 υ

297 1611 412 1656 atque
438 1618 553 1642 rerum
578 1618 800 1643 venerearum
829 1607 1071 1657 cupiditatem.
1132 1607 1302 1653 Quarum
1329 1620 1458 1644 rerum
1485 1607 1581 1645 nihil
1611 1610 1715 1646 abest
1736 1609 1783 1646 ab

295 1671 486 1710 Astrabaci
510 1673 589 1710 sive
610 1671 733 1710 herois
759 1674 838 1710 sive
857 1676 960 1724 genii
979 1675 1121 1712 fabula.
1177 1675 1419 1725 Aggregatur
1444 1688 1466 1712 a
1495 1676 1691 1714 Clemente
1722 1674 1783 1713 hic

295 1739 374 1789 ipse
404 1743 488 1788 τοῖς
507 1745 665 1793 μιαροῖς
684 1743 710 1779 i.
731 1756 765 1779 e.
781 1743 944 1780 scelestis
965 1756 1008 1780 ac
1029 1743 1148 1781 saevis
1169 1741 1434 1782 daemonibus.
1490 1746 1541 1781 Et
1561 1758 1691 1796 reapse
1712 1743 1782 1782 ad-

293 1814 417 1857 portat
436 1821 565 1846 saevas
588 1809 793 1859 refigiones
820 1810 1066 1863 crudeliaque
1095 1824 1214 1859 sacra,
1247 1811 1360 1849 ducta
1383 1813 1430 1849 ab
1451 1813 1630 1849 extremis
1651 1813 1723 1850 oris
1744 1819 1782 1850 et

293 1887 392 1926 quae
422 1876 650 1913 silvestrium
683 1876 887 1916 hominum
916 1892 959 1917 ac
988 1886 1183 1930 pastorum
1214 1893 1322 1917 sensa
1352 1893 1395 1917 ac
1426 1893 1551 1917 mores
1572 1881 1782 1918 luculenter

291 1950 465 1992 arguant.
523 1943 601 1981 Sed
618 1946 732 1982 etiam
753 1945 826 1984 hoc
848 1949 965 1984 altero
985 1961 1092 1984 more
1112 1948 1313 1984 asinariam
1337 1954 1514 1985 naturam
1534 1947 1698 1985 declarat
1717 1950 1780 1985 ille

290 2011 488 2047 Laconum
507 2013 653 2061 genius,
677 2013 779 2066 quod
796 2016 965 2054 venereis
985 2016 1097 2054 rebus
1116 2014 1315 2067 indulgere
1336 2023 1373 2054 et
1394 2030 1483 2054 cum
1503 2017 1662 2053 muliere
1683 2029 1779 2053 con-

286 2079 469 2116 cumbere
488 2079 668 2123 dicitur.“

400 2149 531 2195 „Haec
552 2151 681 2187 omnia
700 2152 766 2188 ubi
787 2152 823 2188 in
842 2164 962 2188 unum
979 2151 1187 2202 collegeris,
1209 2150 1381 2201 dispicias
1401 2163 1552 2187 necesse
1574 2158 1626 2188 est
1636 2154 1775 2201 prisca-

289 2225 365 2250 rum
382 2215 589 2263 religionum
607 2217 777 2255 indolem
796 2220 937 2256 scilicet
958 2232 1089 2255 earum
1106 2247 1116 2265 ,
1147 2231 1266 2269 quae,
1302 2224 1343 2253 ut
1372 2216 1413 2253 fit
1443 2218 1480 2253 in
1503 2220 1697 2268 pastoritio
1718 2220 1776 2257 vi-

289 2286 348 2316 tae
368 2294 521 2330 genere,
543 2292 579 2321 et
594 2287 722 2322 ritibus
741 2286 902 2333 horrent,
933 2300 976 2323 ac
998 2288 1101 2335 quasi
1116 2287 1300 2322 sarmentis
1327 2285 1516 2322 silvescunt
1546 2290 1577 2323 et
1598 2289 1704 2336 vagis
1722 2301 1775 2324 se-

289 2349 390 2386 dibus
416 2350 599 2400 seruntur,
636 2356 668 2389 et
692 2354 889 2403 promiscuo
914 2353 1051 2404 lateque
1079 2355 1114 2391 in
1133 2353 1264 2403 vulgus
1293 2357 1482 2403 grassante
1501 2357 1672 2394 vaticinio
1690 2368 1772 2393 con-

288 2417 514 2457 turbantur.“
