1897 3340
430 203 516 244 39⁰

825 201 1289 240 HERODOTI

279 311 379 357 116
434 308 520 366 ἤδη
553 309 601 354 ἐν
628 312 726 366 τῇσι
744 312 886 366 νηυσί.
946 305 1079 354 Οὗτοι
1107 309 1186 365 μὲν
1207 307 1260 365 δή
1280 308 1549 364 περιέπλωον
1576 308 1694 354 Σού-

438 393 550 422 νιον.
601 376 828 433 Ἀθηναῖοι
858 377 903 422 δὲ
934 376 991 429 ὥς
1025 379 1175 421 ποδῶν
1212 374 1328 432 εἶχον
1356 375 1533 432 τάχιστα
1571 378 1693 434 ἐβοή-

437 450 548 490 θεον
577 443 619 496 ἒς
646 445 696 488 τὸ
730 443 853 496 ἄστυ,
890 446 965 489 καὶ
1001 444 1202 500 ἔφθησάν
1231 460 1274 486 τε
1304 442 1562 499 ἀπικόμενοι
1590 445 1695 499 πρὶν

433 512 464 570 ἢ
483 511 586 563 τούς
609 512 856 568 βαρβάρους
875 512 1008 568 ἥκειν,
1037 514 1110 556 καὶ
1130 511 1577 566 ἐστρατοπεδεύσαντο
1599 510 1696 555 ἄπι-

435 579 589 636 γμὲνοι
628 579 670 630 ἐξ
703 577 971 635 Ἡρακληΐου
1013 584 1093 624 τοῦ
1132 581 1178 624 ἐν
1208 583 1460 632 Μαραθῶνι
1497 580 1543 623 ἐν
1573 576 1721 635 ἄλλῳΙ

409 647 683 703 ΞἹΙρακλήίῲ
711 651 772 704 τῷ
801 647 848 691 ἐν
877 646 1165 702 Κυνοσάργεϊ.
1204 649 1247 690 οἵ
1276 648 1322 691 δὲ
1351 646 1567 703 βάρβαροι
1598 649 1699 702 τῇσι

435 715 566 771 νηυσὶ
614 713 1012 771 ὑπεραιωρηθέντες
1054 713 1285 770 Φαλήρου,
1347 719 1477 758 τοῦτο
1518 714 1602 770 γάρ
1641 709 1698 769 ἦν

436 782 627 825 ἐπίνειον
656 780 750 825 τότε
778 785 868 824 τῶν
894 781 1157 838 Ἀθηναίων,
1197 781 1306 836 ὑπὲρ
1337 781 1500 826 τούτου
1530 781 1698 825 ἀνακω-

435 848 664 908 χεύσαντες
692 847 769 901 τὰς
788 852 914 909 νῆας,
945 848 1177 896 ἀπέπλωον
1205 847 1346 894 ὀπίσω
1370 848 1413 902 ἐς
1441 849 1521 909 τὴν
1539 844 1725 907 Ἀσίην.5

105 375 159 404 scd
179 375 258 411 quod
277 381 347 404 astu

105 409 269 444 diligenter
280 416 379 437 custo-

105 443 164 471 diri
181 443 329 475 viderent,

105 477 135 503 in
155 477 256 505 Asiam
271 485 380 506 rever-

106 514 220 539 tantur.

379 998 522 1036 tulisse.
579 998 637 1034 Ao
670 996 783 1035 simili
819 996 936 1036 modo
957 998 1041 1049 ely-

379 1067 498 1106 peum
535 1066 688 1104 pugnae
725 1054 838 1090 fuisse
887 1056 1040 1105 signum

382 1110 496 1148 tradit
515 1110 673 1147 Diodor.
694 1112 783 1158 XX,
806 1110 873 1150 51.
921 1113 1040 1147 Mira-

382 1174 445 1204 tur
471 1167 513 1203 C.
546 1168 590 1203 Ο.
611 1167 760 1203 ΜϋΙΙθΓ.
783 1168 858 1215 (De
877 1169 1040 1206 Minerv.

382 1221 532 1261 Poliad.
561 1235 650 1273 pag.
684 1226 757 1270 19,
788 1224 854 1260 ubi
885 1223 931 1260 de
962 1225 1041 1260 Mi-

341 1329 344 1334 ·
383 1292 525 1317 nervae
551 1280 660 1329 signo
691 1278 855 1330 disputat
888 1281 929 1316 in
954 1293 1040 1317 arce

382 1337 436 1373 ita
457 1337 654 1383 collocato,
685 1343 728 1372 ut
739 1335 888 1373 cassidis
911 1344 947 1373 et
968 1336 1040 1373 ha-

382 1398 462 1430 stae
482 1393 603 1443 cuspis
619 1393 697 1428 iam
718 1393 764 1429 ab
779 1394 822 1430 iis
844 1395 1042 1444 conspice-

383 1456 508 1497 retur,
540 1450 606 1501 qui
628 1449 805 1486 Samium
824 1450 1043 1487 circumna-

385 1506 558 1555 vigarent
586 1507 919 1556 promontorium)
953 1520 1045 1544 scu-

384 1568 470 1599 tum
505 1563 546 1598 in
580 1562 746 1612 acropoli
791 1563 983 1599 sublatum
1021 1576 1044 1600 a

383 1618 507 1655 Persis
538 1630 628 1654 cum
655 1616 882 1654 Marathone
909 1620 1044 1656 solvis-

384 1680 487 1722 sent,
518 1674 684 1724 conspici
703 1676 882 1725 potuisse.
919 1677 1045 1727 Equi—

388 1729 479 1768 dem
497 1731 539 1766 in
558 1731 693 1767 talibus
714 1729 881 1767 iudicare
908 1733 1044 1780 nolim,

388 1786 482 1839 quid
502 1788 658 1824 omnino
677 1787 758 1822 fieri
769 1789 934 1837 potuerit
945 1788 1049 1825 fieri-

389 1856 466 1896 que
484 1845 650 1894 potuisse
668 1844 863 1897 probabile
882 1845 943 1882 sit.

587 1977 680 2029 Cap.
716 1978 852 2016 CXVI.

448 2064 504 2113 ὥς
523 2066 660 2106 ποδῶν
679 2063 804 2117 εἶχον]
833 2069 933 2105 Male
954 2068 1048 2105 olim

392 2121 543 2172 εἴχοντο
557 2151 568 2173 ,
592 2122 696 2175 quod
716 2122 863 2160 dudum
884 2126 1048 2161 correxit

391 2177 576 2215 Valcken-
647 2180 789 2216 Sensus
830 2181 933 2216 enim
971 2187 1046 2216 est:

393 2238 560 2284 quantum
595 2236 746 2285 pedibus
776 2236 963 2282 valebant,
1007 2243 1050 2272 ut

391 2291 460 2337 IX,
492 2291 544 2330 58
576 2292 661 2330 coll.
690 2292 787 2338 vm,
811 2294 905 2332 107.
935 2290 1050 2329 Thu-

392 2345 478 2397 cyd.
499 2347 563 2394 vl,
590 2349 657 2386 97.
676 2348 756 2395 VII,
776 2350 814 2391 2,
845 2349 928 2395 alia,
951 2361 1049 2400 quae

390 2401 574 2439 Valcken.
606 2405 739 2442 attulit.
798 2403 882 2442 vid.
911 2403 1046 2446 matth.

392 2459 457 2497 Gr.
482 2460 548 2496 Gr.
567 2472 654 2510 pag.
677 2460 771 2500 (543.
814 2460 959 2497 Vocem
979 2457 1049 2499 τοί-

391 2527 520 2565 χιστα,
561 2528 658 2567 quae
698 2515 970 2554 Valckenaerio
1001 2531 1049 2555 ex

391 2573 726 2622 interpretamento
755 2574 794 2609 in
824 2580 973 2610 textum
994 2575 1047 2610 ir-

393 2629 548 2679 repsisse
577 2628 797 2677 videbatur,
836 2630 933 2666 bene
961 2637 1047 2668 tue-

395 2691 456 2722 tur
466 2683 860 2735 Schweighaeusems,
873 2700 941 2723 nec
957 2700 1047 2723 sane

394 2741 544 2778 insolita
574 2741 676 2792 apud
697 2741 933 2779 Herodotum
955 2742 1048 2781 haec

396 2798 573 2836 orationis
586 2798 802 2838 verbositas.
823 2821 878 2827 —
894 2799 956 2838 Ad
975 2801 1048 2838 loci

1096 1004 1368 1048 argumentum
1381 997 1755 1037 faoitFrontin.Stra-

1095 1061 1172 1105 teg.
1192 1055 1256 1102 IV,
1276 1057 1302 1094 7
1324 1056 1361 1100 ξ.
1382 1054 1451 1095 43.

1154 1110 1263 1160 ἔφθη
1270 1108 1344 1149 σάν
1361 1125 1402 1149 τε
1414 1105 1647 1161 ἀπικόμενοι
1657 1109 1756 1160 πρὶν

1094 1162 1142 1217 ἢ]
1175 1167 1286 1204 Conf.
1301 1174 1398 1204 nott.
1419 1166 1468 1204 ad
1487 1168 1550 1214 VI,
1566 1169 1659 1214 108,
1687 1168 1756 1204 ubi

1096 1225 1211 1260 etiam
1242 1222 1290 1260 de
1319 1225 1491 1260 Herculis
1518 1224 1607 1261 fano
1628 1225 1757 1260 Mara-

1095 1278 1245 1318 thonio.
1301 1282 1359 1316 De
1401 1281 1573 1317 Herculis
1610 1281 1756 1331 templo

1097 1338 1138 1373 in
1169 1338 1389 1388 Cynosarge
1415 1335 1494 1374 vid.
1523 1343 1620 1374 nott.
1641 1336 1689 1373 ad
1709 1337 1756 1385 V,

1099 1395 1151 1434 63
1193 1400 1230 1430 et
1270 1392 1318 1430 de
1356 1394 1479 1430 forma
1520 1391 1759 1445 Ἡρακληΐου

1097 1448 1234 1487 Matth.
1257 1451 1321 1491 Gr,
1343 1450 1409 1489 Gr.
1429 1462 1518 1501 pag.
1538 1452 1634 1490 221.

1154 1504 1555 1558 ὑπεραιωρηθέντες]
1585 1507 1610 1543 i.
1633 1519 1667 1543 e.
1693 1518 1761 1544 na-

1100 1563 1200 1599 vibus
1220 1576 1321 1613 super
1334 1562 1484 1599 Phalera
1493 1565 1654 1612 suspensi
1657 1563 1736 1599 sive
1746 1574 1760 1599 ε

1102 1631 1207 1669 quum
1225 1632 1330 1656 naves
1345 1632 1448 1669 prope
1476 1618 1665 1655 Plcalerum
1685 1618 1761 1656 ali-

1103 1674 1271 1725 quamdiu
1301 1677 1338 1712 in
1367 1675 1441 1711 alto
1466 1677 1657 1711 tenuissent
1680 1676 1761 1712 sive

1096 1735 1283 1782 postquam
1318 1732 1470 1768 navibus
1493 1733 1527 1767 in
1558 1732 1633 1767 alto
1651 1743 1763 1781 supra

1104 1787 1294 1824 Phalerum
1351 1786 1573 1836 aliquamdiu
1625 1788 1765 1836 agitati

1103 1847 1224 1891 essent,
1236 1845 1489 1894 fluctuassent.
1508 1844 1564 1879 Ita
1577 1842 1762 1894 Schwgh.

1102 1902 1144 1937 in
1173 1902 1269 1936 Lex.
1303 1899 1467 1947 Herod.,
1497 1900 1565 1936 ubi
1592 1900 1690 1936 bene
1710 1900 1764 1937 ci-

1102 1963 1158 1994 tat
1186 1957 1248 2003 VI,
1273 1959 1350 1997 103
1381 1956 1446 1996 fin.
1476 1956 1619 1994 Iacobs.
1653 1955 1702 1992 ad
1721 1955 1762 1994 h.

1103 2014 1131 2054 l.
1153 2014 1324 2050 observat
1337 2011 1383 2048 de
1399 2013 1664 2062 navigantibus
1684 2013 1764 2049 fre-

1103 2070 1279 2120 quentius
1310 2067 1383 2104 dici
1414 2067 1658 2118 ὕπεραίρειν.
1718 2070 1764 2105 Iu

1104 2126 1227 2175 glossa
1239 2123 1454 2160 llerodotea
1470 2132 1524 2161 est
1541 2123 1767 2176 αἰωρηθέν-

1104 2193 1189 2227 τες*
1221 2178 1560 2230 μετεωρισθέντες.
1598 2202 1655 2208 —
1701 2180 1765 2218 Ad

1105 2238 1221 2274 verba
1232 2238 1450 2288 sequentia:
1483 2239 1600 2275 τοῦτο
1622 2234 1698 2288 γοῖρ
1710 2232 1766 2288 ἦν

1105 2292 1281 2332 ἐπίνειον
1306 2288 1393 2330 τότε
1415 2295 1494 2331 τῶν
1519 2288 1760 2342 Ἀθηναίων,

1102 2351 1293 2400 pertinent
1314 2350 1521 2385 Pausaniae
1551 2351 1665 2386 verba
1685 2351 1714 2398 Ι,
1739 2353 1761 2391 1

1106 2407 1144 2451 §.
1176 2409 1215 2446 2.
1274 2405 1385 2450 Quod
1410 2407 1580 2457 sequitur
1609 2402 1766 2445 οἷνακω-

1105 2457 1328 2513 χεύσαντες,
1350 2469 1531 2498 monente
1544 2461 1765 2513 Schweigh-

1105 2531 1185 2555 non
1206 2525 1283 2555 tam
1304 2519 1403 2554 valet
1425 2513 1765 2570 ἀναχωρήσαντες,
1830 2537 1834 2542 ’

1104 2576 1194 2611 utin
1211 2576 1333 2624 glossa
1345 2581 1398 2611 est
1409 2574 1589 2611 Herodot.
1607 2581 1644 2611 et
1663 2573 1766 2626 apud

1104 2630 1339 2682 Hesychium
1351 2632 1368 2666 Ι
1378 2645 1413 2681 p.
1427 2632 1520 2675 329,
1530 2630 1651 2678 sed,ut
1663 2629 1766 2682 apud

1105 2687 1270 2725 eundem
1318 2685 1551 2738 Hesychium
1590 2686 1764 2724 additum

1104 2745 1266 2795 legitur:
1299 2739 1519 2795 μετεώρους
1538 2741 1764 2795 κατέχοντες

1105 2800 1164 2851 (in
1184 2801 1259 2839 alto
1283 2803 1472 2848 tenentes).
1530 2800 1633 2838 Alibi
1665 2800 1764 2840 valet
