1897 3340
0 924 12 974 'i

399 231 484 272 5⁰4
794 229 1253 268 HERODOTI

371 337 584 394 Ξφάσμα,
613 336 818 392 ἐπαρθείς
851 354 896 382 τε
924 342 1038 382 τοῖσι
1067 335 1322 393 δωρήμασι,
1366 334 1510 380 ἐλθών
1539 333 1659 387 παρὰ

399 405 577 460 Ξέρξεα,
608 404 721 460 ἔλεγε
748 403 874 448 τάδε·
905 401 990 458 „³52
1013 406 1211 454 δέσποτα,
1240 403 1419 460 χρήσαις
1449 402 1504 445 ἅν
1524 418 1565 445 τι
1584 404 1662 445 τεῦ
1670 409 1716 443 50

399 473 670 529 ,βουλοίμην
699 477 854 528 τυχεῖν,
884 473 933 516 τὸ
955 473 1022 516 σοὶ
1043 473 1121 527 μὲν
1142 472 1333 528 ἐλαφρὸν
1355 469 1558 526 τυγχάνει
1587 469 1663 513 έὸν

399 538 728 595 ,,ὑπουργῆσαι,
766 539 864 594 ἐμοὶ
903 540 950 583 δὲ
993 539 1100 595 μέγα
1148 537 1449 594 γενόμενον,·“
1503 538 1665 593 ,Ξέρξης

401 608 448 651 δὲ
484 610 574 650 πᾶν
614 610 780 661 μᾶλλον
817 606 982 649 δοκέων
1020 623 1096 662 μιν
1134 606 1310 662 χρήσειν
1346 606 1374 661 ἢ
1403 605 1451 648 τό
1493 604 1664 661 ἐδεήθη,

402 675 485 730 ἔφη
515 689 558 716 τε
588 672 908 729 ὑπουργήσειν,
938 674 1012 717 καὶ
1043 673 1096 729 δή
1118 672 1344 728 ἀγορεύειν
1374 673 1540 716 ἐκέλευε
1570 671 1720 715 ὅτευ55

375 742 559 785 3ὁέοιτο.
619 739 642 783 ὁ
675 741 740 788 δὲ,
772 740 862 783 ἐπεί
888 755 933 783 τε
963 744 1099 783 ταῦτα
1127 739 1306 796 ἤκουσε,
1347 741 1461 794 ἔλεγε
1499 739 1665 794 θαρσή-

402 819 481 859 σας
509 808 632 852 τάδε·

665 802 748 858 ,ῘΩ
777 807 976 860 δέσποτα,
1003 805 1268 862 τυγχάνουσί
1287 824 1362 862 μοι
1388 810 1539 859 παῖδες
1569 807 1666 851 ἐόν-
1703 846 1707 847 ⁷

405 891 499 928 ,,τες
527 876 664 925 πέντε,
695 876 770 918 καί
798 886 933 930 σφεας
952 874 1270 930 καταλαμβάνει
1289 875 1455 926 πάντας
1484 875 1572 929 ἅμα
1595 876 1667 918 σοὶ

375 942 748 996 4,,στρατεύεσθαι
769 941 837 984 ἐπὶ
856 942 935 997 τὴν
959 941 1158 985 Ἑλλάδα.
1217 941 1271 985 σύ
1304 944 1372 994 δὲ,
1405 938 1440 985 (3
1470 945 1666 998 βασιλεῦ,

403 1009 501 1064 ,ἐμὲ
527 1009 570 1060 ές
598 1008 697 1053 τόδε
724 1008 893 1065 ἡλικίης
912 1007 1076 1065 ἥκοντα
1099 1009 1325 1063 οἰκτείρας,
1355 1010 1445 1052 τῶν
1473 1025 1548 1064 μοι
1568 1010 1665 1051 παί-
1677 1016 1721 1049 60

403 1080 519 1129 „Sum
560 1076 638 1120 ἕνα
674 1076 931 1130 παράλυσον
960 1079 1035 1132 τῆς
1065 1079 1321 1133 στρατηίης,
1363 1075 1444 1120 τόν
1472 1074 1666 1130 πρεσβύ-
1724 1079 1805 1120 529

350 1245 702 1298 Schweighaeuser.
717 1260 727 1285 :
748 1248 908 1298 Domine,
921 1261 1010 1298 gra-

342 1306 596 1355 tificatmusne
630 1318 682 1356 es,
724 1306 812 1355 quod
836 1307 924 1344 mihi
947 1318 1010 1343 ve·-

350 1361 412 1398 Iz‘m
433 1358 663 1410 contangere?
692 1360 915 1410 Bekkerus,
938 1375 1009 1398 au—

350 1424 453 1455 ctore
474 1418 675 1466 Siivernio,
691 1417 883 1456 exhibuit:
911 1414 1010 1473 χρῄ-

352 1485 423 1520 σας
442 1471 494 1513 οἷν
515 1488 581 1512 τευ
615 1475 836 1526 βουλοίμην
864 1479 1009 1525 τυχεῖν.

353 1529 632 1579 Schneiderus‚
660 1538 703 1567 ut
720 1538 827 1568 notat
851 1532 1010 1578 Criu

350 1588 447 1623 Lex.
477 1587 543 1623 Gr.
564 1600 594 1626 ε.
617 1601 653 1627 v.
674 1583 782 1638 χράω
802 1561 1011 1638 legendum

351 1649 480 1680 censet
517 1639 676 1694 χρήσας.
736 1644 916 1694 Stegerus
950 1656 1013 1680 re-

351 1700 463 1737 scribi
473 1699 578 1736 iubet
592 1714 636 1750 χρ
644 1694 667 1753 ῄ
672 1710 743 1745 σας
755 1699 877 1751 (quod
888 1701 1014 1750 ipsum

353 1755 464 1792 affert
485 1756 675 1793 Sancrofti
686 1756 797 1805 liber)
821 1753 872 1795 ἄν
892 1772 929 1795 τι
947 1757 1015 1794 τεῦ

353 1811 574 1863 βουλοίμην
603 1816 755 1862 τυχεῖν,
793 1825 925 1862 rogans
953 1813 1015 1849 vel

353 1867 512 1917 rogando
533 1868 671 1918 aliquid
696 1882 720 1905 α
742 1872 774 1906 te
792 1869 893 1906 velim
911 1871 1016 1918 impc-

354 1928 461 1972 trare,
473 1923 597 1961 deleto
608 1925 688 1961 scil.
711 1925 1016 1976 interrogati⁰uis

355 1982 479 2031 signo.
493 1981 544 2017 At
564 1981 801 2018 benemonet
813 1982 1016 2033 Lipsiensis
1075 2006 1081 2010 -

357 2050 491 2074 censor
517 2037 701 2086 (Erga‘uz.
722 2038 783 2076 ΒΙ.
800 2040 905 2078 1833
928 2050 1015 2089 pag.

357 2091 444 2143 44),
471 2095 541 2131 τεῦ
574 2094 757 2130 Doricum
778 2107 846 2145 pro
878 2098 950 2133 σοῦ
971 2095 1018 2131 ab

357 2148 543 2186 Herodoti
592 2149 752 2187 dialecto
802 2149 1017 2187 abhorrere.

359 2205 443 2249 Quo
465 2205 602 2242 eodem
632 2213 813 2242 monente
841 2219 933 2242 mox
955 2220 1018 2242 re-

358 2261 487 2310 scripsi
524 2258 685 2314 χρῄσειν
721 2275 789 2312 pro
829 2263 1017 2312 χρηίσειν,

361 2316 464 2368 quod
485 2315 711 2353 Schaeserus
732 2317 887 2354 dederat
907 2330 1020 2353 eum-

360 2386 436 2424 que
463 2379 612 2409 secutus
636 2372 889 2421 Gaissordius‚
929 2386 1018 2410 cum

360 2429 476 2478 vulgo
498 2435 659 2465 exstaret
679 2425 852 2479 χρήσειν.
909 2429 1017 2465 Idem

362 2484 594 2522 Gaissordius
615 2486 682 2531 IX,
698 2488 788 2532 110,
802 2492 837 2522 et
857 2488 929 2525 111
956 2499 1010 2522 re-

361 2548 421 2579 cte
453 2540 556 2577 dedit
582 2539 713 2594 χρῄζει
746 2549 782 2578 et
810 2541 1016 2607 χρῄζοντα,

362 2598 429 2634 ubi
450 2596 602 2634 Schaei.
626 2597 770 2646 χρηίζει
788 2605 824 2634 et
836 2599 1018 2648 χρηίζον-

363 2669 424 2693 τα.
490 2653 567 2691 Sed
607 2655 704 2696 wll,
749 2657 825 2695 132
874 2667 1018 2702 omnes,

364 2718 551 2762 quantiun
589 2711 678 2757 scio,
700 2706 947 2759 χρηΐζοντωι.
987 2713 1019 2747 Ε

365 2767 466 2803 libris
504 2767 648 2817 scriptis
680 2765 773 2802 nilnl
805 2774 1020 2808 annotatur.

365 2822 426 2860 Ad
447 2823 560 2861 verba
580 2836 686 2874 seqq.
707 2819 752 2862 το“
775 2821 838 2861 σοὶ
851 2820 921 2874 μὲν
933 2823 1021 2863 έλα-

1066 1246 1174 1300 φρόν
1203 1263 1239 1288 κ.
1270 1262 1302 1287 τ.
1336 1251 1369 1287 λ.
1427 1247 1611 1286 Valcken.
1630 1261 1725 1286 con-

1064 1307 1138 1342 fert
1169 1303 1427 1355 -Theognidis
1460 1307 1576 1343 verba
1618 1305 1726 1342 initio

1065 1362 1242 1399 carminis
1272 1368 1309 1398 et
1331 1361 1523 1400 Andocid.
1552 1362 1655 1400 Orat.
1678 1360 1727 1399 de

1064 1425 1240 1470 mysterr.
1267 1419 1351 1455 init.

1122 1473 1199 1514 καῖ
1224 1471 1284 1525 δή
1320 1470 1511 1527 άγορεύ
1529 1473 1636 1522 ειν]
1666 1475 1730 1511 Ex

1067 1544 1146 1568 uno
1181 1531 1354 1568 Parisino
1382 1532 1478 1568 libro
1509 1529 1730 1581 Schweigh.

1070 1595 1106 1625 et
1126 1587 1243 1625 Gaisf.
1263 1594 1488 1638 receperunt
1522 1582 1731 1638 διαγορεύ-

1072 1659 1142 1683 ειν.
1199 1643 1392 1695 Equidem
1428 1657 1518 1681 cmn
1546 1642 1731 1680 Matthiae

1071 1707 1107 1737 et
1127 1698 1294 1736 Bekker.
1315 1713 1337 1736 a
1358 1700 1592 1751 reliquorum
1611 1699 1731 1736 libro-

1069 1770 1156 1794 rum
1190 1757 1352 1793 lectione
1392 1755 1584 1794 discedere
1611 1756 1731 1793 nolui.

1070 1814 1135 1850 Sic
1174 1811 1242 1851 καὶ
1271 1810 1320 1863 δή
1350 1813 1541 1849 iuvenitur
1564 1813 1633 1859 IX,
1653 1811 1731 1853 348.

1071 1871 1124 1911 88
1156 1869 1243 1906 coll.
1278 1872 1344 1909 11.
1373 1872 1398 1909 7
1424 1870 1462 1915 §.
1492 1871 1533 1910 2.
1551 1866 1732 1919 Aeschyl-

1073 1924 1290 1976 Choephor.
1306 1925 1400 1973 557,
1434 1925 1502 1962 ubi
1522 1924 1571 1962 cf.
1589 1924 1733 1962 Blomf.

1147 1981 1209 2018 Ad
1229 1995 1341 2018 usum
1355 1982 1460 2019 verbi
1479 1976 1736 2033 καταλαμβά-

1074 2053 1136 2077 νει
1161 2039 1261 2076 conf.
1279 2045 1375 2075 nott.
1397 2037 1445 2075 ad
1473 2039 1538 2085 111,
1561 2037 1630 2078 42.

1074 2145 1077 2147 .
1131 2097 1210 2133 τῶν
1231 2110 1298 2144 μοι
1310 2092 1468 2133 παίδων
1488 2092 1557 2133 ἕνα
1577 2090 1734 2145 παρά-

1075 2153 1236 2190 λυσον
1291 2152 1383 2199 τῆς
1433 2151 1737 2202 στρατηΐης,

1075 2203 1144 2245 τόν
1185 2203 1483 2256 πρεσβύτατον]
1526 2207 1737 2256 στρατηίης

1075 2263 1172 2298 bene
1210 2261 1395 2298 dederunt
1433 2263 1664 2313 NVesseling.
1700 2270 1739 2300 et

1075 2316 1322 2354 Valckenaer.
1352 2331 1420 2369 pro
1451 2321 1653 2370 στρατιῆς,
1674 2320 1735 2356 cui

1072 2375 1199 2410 nullus
1220 2375 1323 2411 locus
1344 2388 1469 2426 neque
1490 2374 1591 2425 apud
1611 2377 1737 2413 Hero-

1075 2430 1209 2466 (lotum
1239 2432 1294 2479 (et
1317 2430 1354 2471 h,
1378 2433 1401 2471 Ι.
1424 2439 1459 2468 et
1478 2432 1547 2476 lv,
1563 2431 1643 2482 84)
1664 2445 1736 2468 ue-

1075 2500 1149 2538 que
1181 2487 1282 2537 apud
1314 2486 1508 2526 Plutarch.
1535 2489 1571 2524 ll
1591 2501 1629 2539 p.
1653 2490 1735 2529 263

1072 2545 1117 2581 E.
1143 2541 1225 2594 (nbi
1249 2543 1500 2594 idemlegitur
1519 2540 1737 2595 παραλύειν

1074 2602 1146 2649 τῆς
1171 2600 1396 2652 στρατείας)
1416 2614 1426 2648 3
1469 2599 1519 2637 ad
1540 2613 1655 2651 quem
1675 2601 1736 2637 lo-

1075 2669 1164 2692 cum
1197 2655 1487 2708 VVyttenbachii
1514 2664 1634 2694 exstat
1664 2669 1736 2693 au-

1076 2714 1220 2750 notatio
1246 2714 1329 2750 Vol.
1351 2716 1385 2749 11
1406 2715 1574 2763 P.Ipag.
1594 2714 1655 2758 18,
1677 2713 1741 2750 cui

1077 2768 1165 2805 add.
1199 2783 1296 2821 quae
1325 2770 1373 2807 ad
1409 2768 1603 2806 Plutarch.
1632 2769 1741 2806 Alci-

1078 2825 1178 2862 biad.
1218 2839 1307 2877 pag.
1350 2828 1425 2866 161
1459 2827 1741 2864 annotavimus.
