1897 3340
62 317 329 348 (vlisthenemcnm
388 313 450 365 τῷ
483 312 625 361 ξεῖνον
643 308 729 352 ἀπὸ
749 313 820 362 τῆς
847 309 1231 361 Πεισιστρατιδέων
1267 312 1531 366 πολιορκίης.
1568 311 1644 354 τὸν
1698 320 1778 361 407

393 378 439 420 δὲ
463 377 705 431 Κλεομένεα
734 376 814 432 εἶχε
844 378 957 430 αἰτίη
981 381 1140 431 φοιτᾶν
1168 378 1285 432 napo}
1315 382 1396 421 τοῦ
1415 377 1671 432 Ἰσαγόρεωὲ

764 444 827 486 Τά
868 445 945 498 μὲν
977 444 1028 499 δὴ
1061 449 1209 498 πρῶτα
1239 447 1416 499 πέμπων
1457 444 1480 486 ὁ
1513 448 1643 488 Κλεο-

61 351 130 380 aliis
142 352 241 379 multis
251 361 298 379 so-

60 386 121 413 lum
139 390 262 414 vertere
285 396 331 414 co-

59 419 113 455 git.

390 203 472 242 120

365 453 386 484 2>
395 444 474 499 τήν
502 449 700 499 γυναῖκα.

796 202 1251 238 nssssono'rl

387 512 519 568 μένης
567 513 610 562 ἐς
649 511 724 561 τοὶς
763 510 948 566 Ἀθήνας
993 509 1180 565 κήρυκα,
1210 512 1400 568 ἐξέβαλλε
1432 511 1670 555 Κλεισθέ-5

391 597 487 633 νεα,
535 580 605 622 καὶ
653 576 745 632 μετ’
787 579 925 621 αὐτοῦ
966 577 1124 628 ἄλλους
1168 579 1355 630 πολλοὺς
1402 578 1644 635 Ἀθηναίων

363 646 528 701 3,,τούς
568 646 769 700 ἐναγέας*
810 646 1025 701 ἐπιλέγων.
1074 649 1209 689 ταῦτα
1247 648 1293 690 δὲ
1321 648 1501 703 πέμπων
1531 647 1644 701 ἔλεγε

334 842 445 880 supra
476 829 520 876 V,
563 827 616 869 64
651 835 687 865 et
714 828 762 866 ad
794 830 924 878 ξεῖνον
944 831 988 878 V,

335 889 387 927 63
408 886 536 937 ibique
555 891 651 921 nott.

389 939 454 980 τὸν
484 938 534 980 δὲ
565 939 789 992 Κλεομένεα
819 937 894 992 εἶχε
925 942 990 981 αἰ-

334 998 395 1048 τίη
422 999 567 1046 φοιτᾶν
585 1012 619 1035 κ.
638 1012 672 1036 τ.
701 998 754 1046 L]
787 995 830 1037 δὲ
859 1011 880 1034 e
898 1000 990 1036 Flo-

333 1056 484 1090 rentino
505 1067 593 1090 cum
613 1061 769 1097 recentt.
801 1053 901 1091 edidi
919 1069 988 1106 pro

336 1106 399 1160 δή.
457 1112 523 1147 Est
543 1123 633 1147 vero
661 1106 722 1147 hlc
742 1123 870 1148 sensus
890 1113 985 1149 loci:

335 1167 542 1204 Cleomenem
578 1168 876 1215 criminabantur,
926 1169 986 1205 vel

332 1224 513 1259 omnino:
564 1223 754 1260 Cleomenes
793 1224 986 1273 dicebatur,

329 1280 596 1329 perhibebatur,
633 1286 675 1316 ut
702 1278 886 1318 Valcken.
916 1282 987 1317 ob-

332 1342 456 1372 servat
487 1335 535 1372 ad
562 1335 745 1372 Herodot.
781 1337 852 1384 VI,
894 1337 984 1384 115,

333 1393 398 1429 ubi
417 1391 494 1429 vid.
514 1399 609 1429 nott.
666 1393 786 1429 Paulo
806 1393 924 1430 infra:
950 1393 991 1432 οἵ

331 1443 631 1499 Ἀλκμαιωνίδαι
644 1445 749 1499 εἶχον
769 1449 901 1499 αἰτίην
915 1452 988 1488 τοῦ

335 1501 470 1552 φόνου
502 1501 658 1543 τούτου.
726 1504 827 1542 Add.
856 1506 900 1552 V,
933 1508 985 1546 73

333 1561 400 1597 fin.
431 1561 596 1598 Sintenis
625 1559 672 1597 ad
697 1562 797 1598 Plut.
824 1560 989 1598 Themi-

333 1617 438 1653 stocl.
462 1619 510 1657 21
536 1630 622 1667 pag.
658 1616 736 1657 140
757 1618 863 1668 plura
885 1617 988 1654 dedit

335 1673 382 1709 de
404 1674 593 1709 locutione
626 1673 756 1712 αἰτίαν
779 1674 880 1723 ἔχειν
909 1674 987 1710 cul-

327 1742 413 1779 pam
430 1731 605 1777 sustinere,
636 1732 761 1766 crimen
778 1730 912 1767 habere.
932 1752 988 1757 —-

334 1788 482 1836 φοιτᾶν
517 1785 653 1822 eodem
681 1799 814 1834 sensu,
846 1800 921 1838 quo
939 1788 986 1833 ΙΙ,

338 1842 429 1883 115.
449 1842 512 1887 lv,
537 1845 572 1887 1,
593 1842 657 1878 ubi
678 1842 753 1878 vid.
767 1849 861 1879 nott.
890 1844 987 1880 Hinc

334 1900 371 1934 in
411 1897 583 1935 Aristidis
620 1897 769 1936 scholiis
807 1912 894 1949 pag·
935 1899 987 1940 45

332 1955 539 1994 Frommel.
577 1954 643 1993 καὶ
683 1953 756 2006 γείρ
803 1953 988 2006 ἐτύγχανε

335 2006 532 2061 μοιχεύων
566 2008 640 2061 τήν
681 2015 751 2050 τοῦ
779 2006 988 2064 Ἰσαγόρου

333 2065 357 2106 ό
386 2065 619 2116 Κλεομένης.

399 2119 452 2161 To)-
477 2120 547 2172 μὲν
570 2119 619 2173 δή
641 2125 776 2173 πρῶτα
800 2122 984 2173 πέμπων]

337 2181 421 2216 Non
453 2180 622 2230 sequitur
661 2176 822 2230 δεύτερα
854 2179 895 2218 δὲ
926 2181 986 2216 vel

334 2236 456 2273 simile
485 2234 597 2286 quid,
637 2236 707 2272 nisi
728 2234 799 2271 hoc
822 2237 942 2286 ipsum
965 2250 985 2272 e

337 2294 447 2328 totius
467 2293 674 2328 sententiae
694 2305 797 2328 nexu
827 2294 985 2342 intelligi

337 2347 621 2401 quodaminodo
642 2361 684 2384 ac
707 2349 802 2384 beno
822 2350 985 2399 suppleri

335 2406 483 2455 poterit.
544 2406 642 2440 Nam
669 2407 816 2454 primum
850 2406 986 2454 quidem

336 2460 541 2498 Clisthenem
561 2461 620 2497 ille
638 2461 807 2498 discedere
822 2463 985 2499 urbeius-

331 2520 400 2561 εὴ,-
433 2530 508 2569 quo
538 2518 658 2563 sacto,
699 2517 776 2554 dein
811 2519 910 2554 varia
946 2520 983 2554 in

335 2575 483 2610 civitate
502 2574 691 2610 constituit
711 2587 792 2623 cap.
814 2577 865 2614 72
878 2587 988 2610 enar-

335 2637 426 2667 rata.
494 2632 590 2666 Nam
634 2633 785 2679 primum
832 2630 986 2680 quidem

335 2688 587 2737 septingentas
610 2687 716 2722 eiecit
738 2687 906 2731 familias,
929 2687 979 2723 de-

334 2743 414 2781 inde
431 2750 603 2780 senatum
619 2742 819 2779 dissolvere
829 2742 984 2779 studuit.

338 2800 407 2836 Ubi
444 2800 633 2836 invenitur
671 2796 853 2849 δεύτερα,
905 2812 981 2836 non

1045 838 1251 881 praeeunte
1273 834 1421 882 πρῶτα,
1443 830 1700 884 quemadmo-

1045 886 1138 924 dum
1161 888 1204 934 V,
1239 889 1332 926 111.

1102 942 1282 994 ἐξέβαλλε
1314 942 1585 991 Κλεισθένεα]
1619 941 1716 990 ἐξέ-

1045 1000 1161 1051 βαλλε
1195 1013 1216 1036 e
1248 1000 1465 1036 Florentino
1495 998 1582 1037 dedi
1610 1012 1701 1036 cum

1044 1063 1201 1092 recentt.
1224 1055 1310 1092 edd.
1331 1069 1399 1106 pro
1421 1055 1585 1108 ἐξέβαλε,
1597 1054 1700 1107 quod

1044 1112 1239 1152 Schaefer,
1272 1114 1424 1149 retinuit
1455 1126 1502 1150 ex
1535 1112 1701 1149 editione

1042 1169 1309 1218 Wesselingii,
1360 1181 1480 1220 quum
1531 1167 1699 1219 ἐξέβαλε,

1042 1225 1240 1274 expellendi
1260 1229 1419 1262 conatum
1432 1232 1468 1261 et
1486 1225 1700 1262 voluntatem

1042 1280 1195 1327 indicet,
1215 1287 1257 1317 ut
1276 1283 1304 1328 1,
1336 1283 1402 1322 68.
1432 1282 1497 1328 111,
1519 1281 1586 1322 53.
1613 1281 1698 1318 coll.

1044 1338 1251 1374 Gottleber.
1264 1336 1311 1373 ad
1322 1335 1542 1388 Thucydid.
1562 1339 1592 1385 Ι,
1607 1339 1700 1377 126.

1045 1393 1155 1438 Quod
1174 1393 1278 1430 idem
1300 1392 1401 1430 haud
1414 1396 1490 1430 scio
1510 1406 1557 1429 an
1579 1393 1701 1429 eFlo-

1044 1451 1192 1486 rentino
1212 1450 1307 1486 infra
1331 1463 1482 1501 quoque
1504 1450 1547 1496 V,
1569 1452 1623 1490 72
1639 1462 1701 1485 re-

1043 1507 1134 1556 poni
1164 1505 1309 1542 debeat.
1349 1504 1701 1556 Schweighaeuser.

1043 1568 1214 1598 nostrum
1239 1563 1367 1598 locum
1393 1563 1443 1599 sic
1471 1564 1607 1598 Latine
1628 1574 1698 1597 ex-

1044 1619 1198 1668 pressit:
1242 1621 1415 1668 „primum
1449 1620 1564 1667 igitur
1603 1617 1700 1655 Cleo-

1044 1687 1152 1710 menes
1186 1687 1356 1725 praecone
1393 1675 1549 1712 Athenas
1583 1677 1699 1719 misso,

1046 1731 1252 1767 Clisthenem
1270 1732 1352 1768 urbe
1369 1733 1508 1778 eiecit,“
1537 1730 1699 1766 alterum

1045 1788 1172 1823 locum
1204 1787 1257 1833 V,
1293 1790 1346 1827 72
1377 1788 1450 1823 ita:
1491 1790 1700 1836 „postquam

1049 1842 1235 1880 Cleomenes
1280 1846 1382 1880 misso
1424 1855 1594 1893 praecone
1632 1844 1698 1880 eii-

1046 1899 1204 1936 ciendum
1223 1900 1307 1936 urbe
1329 1899 1536 1937 Clisthenem
1559 1903 1592 1936 et
1614 1901 1698 1949 pia-
1716 1894 1719 1897 ”

1045 1955 1121 1992 culo
1147 1958 1417 1993 contaminatum
1434 1956 1585 1992 edixit.“
1611 1956 1699 1992 Ma·-

1045 2013 1111 2048 lim
1125 2011 1314 2063 equidem,
1336 2012 1598 2063 utimperfecti
1617 2010 1698 2058 ἐξέ-

1043 2069 1158 2119 βαλλε
1180 2071 1233 2105 vis
1262 2081 1304 2105 ac
1332 2071 1426 2106 ratio
1451 2069 1585 2105 melius
1614 2080 1698 2104 cer-

1044 2132 1174 2161 natur:
1200 2126 1280 2162 urbe
1291 2127 1406 2163 cedere
1423 2123 1695 2172 (Clisthenem)

1042 2184 1146 2218 iussit
1174 2195 1203 2218 sz
1224 2183 1306 2218 urbe
1329 2185 1448 2219 eiicere
1468 2182 1588 2218 voluit.
1617 2182 1695 2216 Be-

1043 2252 1091 2274 ne
1112 2240 1242 2288 Lange
1263 2237 1364 2275 hunc
1384 2240 1421 2274 in
1437 2237 1595 2275 modum
1605 2250 1694 2273 ver-

1042 2296 1195 2330 nacule:
1236 2295 1396 2342 „Zuerst
1436 2294 1585 2331 schickte
1623 2306 1694 2330 nun

1043 2351 1230 2388 Cleomenes
1245 2354 1339 2388 einen
1353 2351 1487 2388 Herold
1502 2350 1576 2387 und
1601 2362 1620 2386 v
1631 2362 1648 2386 e
1658 2362 1694 2385 r-

1042 2410 1149 2444 wies
1195 2408 1259 2444 den
1304 2407 1495 2445 Clisthenes
1532 2419 1598 2442 aus
1634 2405 1694 2444 der

1043 2463 1196 2500 Stadt.¹‘
1253 2463 1313 2500 Ad
1330 2465 1487 2500 verbum
1509 2461 1695 2513 ἐπιλέγων

1039 2521 1139 2556 cons.
1160 2521 1260 2556 locos
1277 2521 1415 2557 similes
1434 2520 1478 2567 V,
1499 2519 1537 2559 4.
1558 2519 1619 2567 lv,
1643 2519 1696 2560 65

1045 2583 1079 2612 et
1105 2576 1151 2611 «le.
1178 2578 1321 2613 articuli
1349 2578 1385 2613 vi
1413 2577 1451 2611 in
1479 2588 1571 2612 voce
1602 2574 1696 2622 τοὺς

1044 2632 1203 2683 ἐναγέας
1216 2632 1346 2669 matth.
1369 2633 1433 2668 Gr.
1455 2633 1520 2668 Gr.
1543 2646 1579 2683 p.
1599 2633 1695 2674 553.

1098 2692 1218 2727 ταῦτα
1262 2687 1304 2728 δὲ
1358 2688 1523 2739 πέμπων
1563 2688 1692 2740 ἔλεγε]

1041 2745 1326 2781 Distinctionem
1357 2752 1439 2795 post
1460 2743 1625 2795 πέμπων
1652 2745 1692 2780 in

1040 2800 1232 2838 Schaeseri
1263 2800 1427 2837 editione
1454 2802 1583 2838 sustuli
1603 2813 1691 2838 cum
