1897 3340
0 2400 19 2573 :Q
0 2330 18 2399 tv
2 2311 8 2318 ⁴-
0 2222 2 2227 *
0 2145 16 2190 n

2 3059 25 3127 ⁸
1 2885 24 3000 sym
0 2714 22 2857 43*
0 2675 4 2683 “
14 2619 19 2646 -,

83 382 165 421 inter
176 380 229 407 hos
243 381 280 408 dc
291 389 358 408 suc·

84 422 220 454 cessione
235 418 361 444 conten-

84 450 128 478 tio
147 452 253 479 oritur.

414 277 499 317 426
802 276 1271 314 HERODOTI

389 391 481 428 2⁷:oe
512 383 840 440 στρατεύεσθαι.
890 378 1029 427 Ἦσαν
1069 383 1153 440 γὰρ
1187 385 1383 442 Δαρείῳ,
1421 384 1495 428 καὶ
1523 384 1676 439 πρότε-

417 468 499 508 ρον
536 451 565 509 ἢ
607 454 882 508 βασιλεῦσαι,
919 451 1144 507 γεγονότες
1186 457 1301 506 τρεῖς
1338 453 1488 501 παῖδες
1523 450 1571 494 ἐκ
1599 455 1676 507 τῆς

415 519 628 575 προτέρης
656 518 888 574 γυναικὸς,
919 519 1137 575 Γωβρύεω
1167 521 1410 574 θυγατρός·
1448 519 1520 562 καὶ
1549 522 1731 574 βασι-25

388 588 646 638 Βλεύσαντι,
691 587 733 638 ἐξ
768 584 971 642 Ἀτόσσης
1006 590 1082 643 τῆς
1112 586 1269 640 Κύρου
1307 586 1446 640 ἕτεροι
1475 587 1675 643 τέσσερες.

361 791 610 842 expeditionem
643 796 838 843 susceptam
878 806 902 830 a
938 805 1018 842 rege

361 847 598 897 designandas
617 852 719 896 erat,
751 851 830 899 qui,
865 850 897 887 si
925 849 1018 901 quid

360 906 432 955 ipsi
441 903 661 942 humanitus
679 904 885 954 accidisset,
915 908 951 943 in
960 920 1018 944 re—

361 973 469 1010 gnum
490 962 695 1002 succederet,
724 962 787 998 Ex
823 961 1018 1000 Herodoto

361 1031 437 1054 non
451 1018 580 1069 liquet,
602 1019 653 1054 sic
670 1017 911 1068 designatum
930 1032 1019 1056 suc-

361 1087 568 1121 cessorem,
598 1075 628 1111 si
655 1081 761 1125 pater
781 1088 801 1111 e
822 1074 921 1111 bello
941 1076 1018 1112 sal-

361 1143 430 1166 vus
459 1129 648 1178 rediisset,
688 1144 778 1167 cum
817 1132 882 1168 illo
913 1133 1018 1168 velut

360 1187 550 1236 collegam
579 1199 776 1237 regnasse,
817 1186 920 1239 quod
947 1189 1019 1226 viri

361 1242 463 1280 docti
479 1249 608 1279 tamen
628 1244 798 1281 statuisse
817 1243 1016 1294 videntur3

340 1298 436 1338 .vid.
463 1299 674 1350 Spanhem.
698 1299 746 1337 ad
775 1301 907 1339 Iulian.
930 1314 1017 1353 pag.

359 1359 442 1397 278
476 1358 591 1408 seq.‘›‘
635 1356 859 1394 Valcken.
908 1357 1017 1395 Idem

357 1413 531 1450 observat
568 1414 867 1463 Wesselingius‚
916 1413 1017 1452 hanc

358 1471 562 1506 Persarum
590 1471 718 1520 legem
749 1471 863 1507 solius
893 1472 1018 1508 Hero-

362 1525 442 1562 doti
469 1527 684 1563 testimonio
711 1528 905 1577 cognitam
926 1541 1016 1576 esse,

357 1581 566 1633 prudenter
593 1582 752 1634 quidem
778 1584 916 1631 latam,
955 1597 1018 1632 ne,

358 1651 449 1689 rege
483 1651 643 1689 peregre
681 1639 765 1676 fatis
786 1640 940 1688 functo,
971 1640 1019 1676 de

357 1696 614 1744 successione,
675 1694 817 1732 damno
863 1697 1018 1744 civium,

357 1752 440 1788 iure
500 1759 565 1789 aut
634 1752 733 1789 ferro
791 1751 1022 1803 disceptare-

359 1815 432 1845 tur.
507 1807 627 1845 Addit
673 1807 934 1859 Eurystheum
977 1810 1018 1845 in

357 1863 576 1902 Heraclidas
591 1865 853 1915 profecturum
866 1863 1019 1916 Μυκή-

356 1936 432 1967 νας
468 1936 510 1960 τε
540 1921 609 1960 καὶ
636 1936 710 1972 την
743 1917 872 1972 αρχήν
891 1919 1017 1960 navo}

357 1974 409 2017 τὸ
460 1977 672 2017 οἰκεῖον
700 1978 817 2014 Atreo
851 1979 1020 2015 commi-

357 2035 445 2070 sisse
465 2041 558 2071 teste
578 2032 810 2084 Thucydide
831 2036 860 2083 Ι,
879 2037 918 2075 9.
956 2036 1020 2071 Ex

358 2089 544 2127 Herodoti
582 2097 712 2127 autem
751 2091 836 2127 loco
863 2098 1019 2141 apparet

357 2146 483 2183 minus
496 2153 596 2183 recte
617 2158 638 2182 a
654 2147 796 2183 Iustino
817 2148 867 2194 X,
888 2150 905 2186 1
922 2146 1019 2184 tradi

358 2201 406 2238 de
438 2203 572 2249 Dario,
617 2203 682 2253 qui
723 2203 770 2238 ab
806 2204 1017 2239 Artaxerxe

359 2265 464 2308 patre
486 2260 523 2294 in
545 2259 879 2308 regnisocietatem
893 2257 1016 2295 adsci-

358 2321 417 2350 tus
438 2314 568 2361 suerit,
598 2321 728 2350 contra
748 2326 897 2350 morem
924 2315 1015 2351 Per-

357 2383 508 2418 sarum,
559 2369 661 2420 apud
701 2382 794 2421 quos
831 2383 898 2407 rex
937 2383 1015 2407 non

358 2427 430 2462 nisi
467 2433 591 2463 morte
644 2433 824 2463 mutatur.
913 2427 1012 2464 Satis

357 2495 447 2520 vero
483 2481 666 2519 habemus
697 2483 917 2531 cognitum,
947 2497 1015 2534 per

357 2540 512 2576 orientis
533 2552 649 2589 regna
670 2546 712 2575 ut
728 2540 820 2575 olim
840 2540 891 2575 ita
912 2553 1014 2576 nunc

357 2608 512 2647 quoque
549 2596 791 2632 successionis
830 2597 911 2632 iura
950 2597 1017 2633 vix

358 2653 568 2689 accuratius
608 2659 722 2703 atque
761 2653 897 2689 certius
936 2666 1015 2690 esse

358 2710 558 2746 constituta
578 2708 756 2760 indeque,
779 2721 867 2758 rege
888 2709 1014 2760 aliquo

358 2772 525 2812 mortuo,
538 2765 765 2816 plerumque
786 2766 1015 2802 exon-iritur-

356 2821 435 2870 bas,
456 2821 669 2869 seditiones,
691 2822 785 2874 quin
799 2822 896 2858 bella
911 2829 1014 2859 atro-

353 2879 434 2927 cia3
478 2880 518 2915 iu
547 2879 684 2931 quibus
712 2879 888 2916 omnibus
909 2877 1012 2916 haud

1073 803 1208 842 parvas
1229 805 1306 830 esse
1328 791 1596 830 eunuchorum
1608 797 1733 842 partes

1073 849 1242 900 itemque
1252 862 1416 886 uxorum
1431 851 1529 900 regis
1550 848 1732 896 defuncti,

1074 912 1139 942 aut
1166 907 1295 955 regiae
1315 907 1466 954 matris,
1506 918 1605 958 quae
1624 906 1664 941 in
1686 905 1733 940 fi-

1074 961 1169 998 lium
1185 974 1371 1011 magnam
1387 964 1650 999 auctoritatem
1662 974 1732 997 ex-

1076 1030 1201 1054 ercere
1222 1018 1354 1065 soleat,
1376 1019 1438 1055 vel
1448 1019 1650 1054 Persarum
1670 1015 1733 1053 hi-

1072 1075 1186 1111 storia
1207 1075 1293 1110 satis
1323 1073 1446 1111 docet.
1505 1075 1595 1120 Quis
1616 1074 1732 1122 enim,

1073 1136 1116 1166 ut
1137 1129 1184 1166 de
1203 1130 1338 1167 Atossa
1357 1137 1504 1168 taceam
1520 1160 1530 1178 ,
1560 1142 1639 1167 non
1660 1142 1733 1166 no-

1072 1187 1127 1224 vit
1146 1187 1344 1237 Parysatin
1359 1216 1368 1234 ,
1390 1188 1592 1233 Amistrin,
1613 1182 1733 1223 alias?

1074 1243 1186 1280 Conf.
1217 1245 1382 1280 Heeren.
1413 1243 1530 1280 Ideen
1561 1249 1632 1280 etc.
1653 1244 1683 1289 1,
1707 1244 1728 1282 1

1073 1313 1111 1350 p.
1133 1298 1292 1339 4692—
1312 1299 1374 1336 Ad
1394 1312 1507 1336 usum
1526 1300 1732 1350 particulae

1074 1351 1178 1395 οὕτω
1199 1356 1365 1403 faciunt,
1396 1369 1495 1408 quae
1523 1356 1573 1393 ad
1600 1357 1631 1402 1,
1653 1356 1733 1395 196

1073 1413 1282 1450 attulimus.
1339 1412 1440 1452 Add.
1453 1413 1519 1462 ΠΙ,
1545 1414 1638 1454 109.
1650 1412 1733 1460 Vll

1076 1469 1168 1510 150.

1126 1526 1247 1564 Ἦσαν
1269 1521 1346 1577 γὰρ
1369 1524 1526 1578 Δαρείῳ
1549 1539 1617 1563 και
1635 1519 1735 1575 πρό-

1073 1595 1188 1638 τερον
1226 1578 1254 1632 ἢ
1291 1582 1521 1632 βασιλευσαι
1548 1596 1585 1619 κ.
1615 1595 1648 1618 τ.
1679 1579 1733 1629 λ]

1073 1639 1178 1687 ἦσαν
1199 1650 1289 1674 cum
1308 1637 1425 1675 Gaisf.
1447 1636 1535 1674 dedi
1555 1648 1624 1687 pro
1638 1635 1733 1674 ἔσαν

1076 1700 1113 1730 et
1132 1692 1206 1730 hoc
1228 1694 1311 1730 loco
1326 1700 1363 1730 et
1382 1694 1534 1744 reliquis
1555 1692 1666 1729 huius
1684 1692 1733 1728 li-

1075 1750 1144 1797 bri,
1165 1750 1230 1786 ubi
1251 1749 1345 1786 illud
1365 1751 1535 1787 obvium.
1575 1750 1632 1785 De
1652 1750 1733 1784 Da-

1077 1807 1121 1842 rii
1141 1806 1224 1842 filiis
1255 1805 1335 1843 dixi
1353 1805 1401 1842 ad
1420 1807 1485 1853 111,
1507 1808 1574 1853 88,
1595 1806 1732 1841 ubiet-

1073 1863 1152 1899 iam
1191 1861 1239 1899 de
1273 1862 1422 1911 Atossa,
1461 1862 1549 1898 coll.
1576 1863 1642 1910 III,
1663 1862 1733 1903 68.

1074 1919 1181 1965 Quae
1211 1919 1301 1970 Cyri
1337 1919 1412 1956 filia
1438 1919 1632 1969 Cambysis
1662 1917 1733 1954 fuit

1073 1988 1173 2012 uxor
1210 1988 1253 2012 ac
1293 1973 1381 2012 dein
1415 1973 1585 2013 Smerdis
1629 1974 1733 2023 Magi

1073 2033 1244 2084 itemque
1273 2033 1398 2079 Darii,
1427 2030 1529 2082 apud
1558 2043 1674 2082 quem
1695 2036 1733 2067 et

1073 2089 1199 2139 ipsum
1237 2089 1405 2124 multum
1442 2088 1581 2134 valuit,
1638 2093 1733 2123 teste

1075 2143 1212 2181 eodem
1231 2143 1426 2181 Herodoto
1446 2145 1511 2190 ΠΙ,
1528 2145 1620 2184 133.
1639 2141 1730 2182 134.

1072 2201 1108 2236 A
1127 2201 1258 2236 Xerxe
1286 2200 1363 2236 filio
1383 2200 1524 2237 furioso
1541 2197 1730 2236 trucidata

1072 2256 1191 2293 fertur
1217 2257 1263 2292 ab
1284 2257 1440 2307 Aspasio
1462 2255 1510 2292 ad
1538 2255 1731 2292 Aristotel.

1068 2311 1193 2349 Ethic.
1225 2326 1262 2363 p.
1293 2312 1385 2352 124.
1441 2311 1503 2349 Ad
1523 2324 1731 2362 argumen-

1070 2376 1153 2406 tum
1174 2369 1248 2405 loci
1260 2368 1466 2406 Herodotei
1478 2369 1620 2405 faciunt
1633 2368 1730 2406 Plu-

1068 2423 1221 2462 tarchus
1249 2427 1283 2461 11
1312 2439 1349 2475 p.
1383 2425 1463 2466 488
1490 2427 1524 2461 D
1555 2431 1591 2461 et
1619 2425 1730 2462 lusti-

1070 2495 1140 2518 nus
1162 2483 1208 2528 11,
1234 2483 1296 2528 10,
1328 2483 1393 2532 qui
1421 2480 1520 2518 hanc
1540 2482 1646 2518 litem
1665 2482 1729 2517 in-

1070 2545 1128 2575 ter
1157 2538 1261 2574 Darii
1293 2537 1408 2583 filios,
1445 2551 1562 2590 quam
1588 2538 1728 2574 xerxis

1071 2596 1110 2631 in
1149 2595 1310 2645 gratiam
1347 2602 1454 2645 pater
1495 2593 1727 2641 diiudicavit‚

1072 2658 1155 2702 post
1175 2651 1288 2700 ipsius
1308 2652 1420 2701 patris
1443 2651 1588 2688 obitum
1617 2663 1638 2686 a
1657 2663 1729 2700 pa-

1071 2715 1156 2744 truo
1187 2708 1291 2744 velut
1320 2708 1458 2744 arbitro
1479 2708 1727 2758 compositam

1071 2777 1150 2802 esse
1170 2762 1336 2811 tradunt,
1360 2764 1463 2811 alios,
1477 2770 1518 2800 ut
1547 2762 1727 2801 credibile

1070 2828 1137 2865 est,
1179 2827 1350 2857 auctores
1386 2821 1518 2857 secuti.
1583 2820 1726 2864 Quibus

1070 2876 1173 2915 addit
1193 2875 1375 2914 Valcken.
1398 2876 1532 2914 Iulian.
1564 2875 1628 2914 Or.
1649 2877 1666 2912 1
1685 2888 1725 2926 p.
