1897 3340
403 163 486 203 790

795 158 1259 196 HERODOTl

406 271 523 325 ,,τιῆς
552 267 650 318 νέας
677 270 923 323 τριηκοσίας
953 266 1245 316 ἀποστείλειας
1290 266 1358 308 ἐπὶ
1387 265 1466 321 την
1499 265 1655 310 Λάκαι-

377 344 521 389 3,,ναν
559 334 715 392 χώρην.
764 336 884 378 ’Ἐστι
916 335 960 378 δὲ
991 332 1052 377 ἐπ’
1083 332 1192 389 αὐτῇ
1222 336 1356 387 νῆσος
1395 333 1654 390 ἐπικειμένη,

404 405 482 460 ,,τῇ
523 400 689 458 οὔνομά
728 402 814 444 ἐστι
853 402 1058 457 Κύθηρα·
1108 402 1184 456 την
1216 402 1374 451 Χίλων,
1405 399 1516 456 ἀνὴρ
1557 400 1655 455 παρ’

404 469 534 526 ,,ἡμῖν
564 468 817 525 σοφώτατος
846 468 1096 523 γενόμενος,
1119 469 1272 521 κέρδος
1302 468 1444 523 μέζον,
1478 469 1573 523 ἔφη,
1605 467 1656 511 εἷ-

404 553 506 589 ,,ναι
543 535 841 591 Σπαρτιήτῃσι
871 536 979 577 κατά
1017 540 1090 591 τῆς
1125 536 1345 592 θαλάσσης
1374 535 1713 579 καταδεδυκέ-55

408 622 506 656 „vm
546 608 711 659 μᾶλλον
757 602 785 658 ἢ
820 601 1066 657 ὑπερέχειν,
1112 604 1194 644 αἰεί
1230 621 1270 646 τι
1301 606 1562 657 προσδοκῶν
1591 600 1659 646 ἀπ’

408 670 568 726 ,,αύτῆς
594 675 770 715 τοιοῦτο
801 671 977 713 ἔσεσθαι
1007 665 1104 710 οἷόν
1133 685 1174 711 τι
1213 670 1293 725 ἐγώ
1331 670 1575 725 ἐξηγέομαι·
1607 668 1662 713 οὔ

409 756 476 790 „a
511 738 586 782 τὸν
617 737 695 781 σὸν
734 738 891 782 στόλον
920 735 1147 789 προειδώς,
1189 734 1295 779 ἀλλὰ
1331 738 1471 780 πάντα
1501 735 1663 792 ὁμοίως

381 805 706 862 4,,φοβεὸμενος
728 804 906 859 ἀνδρῶν
936 803 1104 846 στόλον.
1141 803 1188 846 ἐκ
1217 802 1372 858 ταύτης
1404 799 1465 846 ὦν
1485 809 1558 860 τῆς
1586 803 1663 860 νή·-

411 885 519 925 ,,σου
550 872 829 927 ὁρμεώμενοι,
860 870 1112 927 φοβεόντων
1152 870 1255 921 τούς
1284 872 1720 924 Λακεδαιμονίους.60

413 943 655 993 ,,παροίκου
693 939 738 983 δὲ
775 939 968 994 πολέμου
1009 950 1087 993 σφι
1127 937 1276 988 ἐόντος
1314 940 1506 992 οἰκηίου,
1537 937 1666 982 οὐδὲν
1729 970 1732 971 ⁷

413 1008 576 1059 ,,δεινοὶ
605 1008 777 1051 ἔσονταί
805 1024 884 1055 τοι,
918 1005 974 1062 μή
1005 1010 1080 1062 τῆς
1111 1004 1244 1061 ἄλλης
1268 1002 1471 1056 Ἑλλάδος
1491 1003 1666 1050 ἁλισκο-

387 1075 573 1130 5,,μένης
601 1074 687 1119 ὑπὸ
719 1079 799 1119 τοῦ
828 1078 960 1128 πεζοῦ
1000 1073 1216 1130 βοηθέωσι
1253 1071 1400 1129 ταύτῃ.
1459 1076 1668 1117 καταδου-

413 1145 624 1199 λωθείσης
662 1142 707 1185 δὲ
743 1146 817 1198 τῆς
853 1141 985 1198 ἄλλης
1010 1139 1233 1192 Ἑλλάδος,
1277 1138 1458 1190 ἀσθενὲς
1502 1140 1586 1196 ἤδη
1619 1141 1667 1186 τό

414 1208 703 1261 ,,Λακωνικόν
741 1213 911 1265 μοῦνον
948 1210 1147 1252 λείπεται.

387 1282 594 1334 6,,ποιῇς,
626 1276 727 1320 τάδε
754 1293 822 1319 τοι
850 1277 1075 1331 προσδόκα
1105 1276 1292 1320 ἔσεσθαι.

416 1344 718 1400 ,,λοποννη’σου
757 1343 914 1400 ἰσθμός
945 1345 1132 1395 στεινός·

1213 1207 1301 1251 ἸἨν
1345 1207 1390 1251 δὲ
1435 1211 1573 1252 ταῦτα
1610 1207 1670 1265 μὴ

1351 1275 1440 1319 ἔστι
1477 1279 1552 1332 τῆς
1583 1279 1727 1320 Πε-65

1193 1344 1240 1386 ἐν
1280 1343 1419 1402 τούτῳ
1449 1347 1511 1401 τῷ
1543 1343 1671 1401 χώρῳ

371 1466 373 1469 .
417 1412 619 1464 ,,πάντων
639 1413 1003 1468 Πελοποννησίων
1033 1410 1375 1467 συνομοσάντων
1394 1411 1461 1455 ἐπὶ
1482 1412 1564 1463 σοὶ,
1595 1411 1670 1466 μά-

419 1497 521 1536 ,,χας
558 1479 838 1535 ἰσχυροτέρας
868 1479 1000 1530 ἄλλας
1027 1484 1116 1522 τῶν
1157 1478 1405 1535 γενομένων
1433 1478 1670 1533 προσδέκεο
1728 1495 1806 1534 515

389 1549 622 1600 7,,ἔσεσθαί
658 1563 737 1590 τοι.
785 1547 923 1591 έκεῖνο
965 1547 1010 1591 δὲ
1041 1546 1296 1603 ποιήσαντι,
1343 1546 1525 1603 άμαχητὶ
1565 1546 1590 1590 ὅ
1628 1554 1729 1590 τε70

365 1756 440 1796 quo
460 1744 585 1780 minus
605 1743 675 1780 tibi
700 1742 771 1793 ipsi
786 1743 944 1780 obviam
964 1742 1018 1778 ire

363 1801 543 1851 possint.“
559 1821 614 1827 —
634 1794 866 1851 φοβεόντων
876 1798 1019 1836 dictum

366 1864 431 1905 est,
452 1863 495 1893 ut
518 1858 546 1900 Ι,
569 1858 621 1896 89
642 1852 848 1908 λεγόντων.

421 1915 470 1967 τῇ
505 1909 663 1962 οὔνομά
703 1911 783 1951 ε’στι
823 1908 1018 1962 Κύθηρα]

366 1966 412 2007 τά
458 1964 635 2020 Κύθηρα
684 1969 828 2005 iuquae
876 1981 1019 2004 nomen

367 2023 468 2074 apud
489 2025 650 2074 optimos
672 2037 841 2076 quosque
860 2026 1020 2074 scripto-

368 2094 448 2128 rest,
505 2094 607 2117 nuuc
649 2082 839 2132 appellant
880 2081 1019 2129 Cerz'gO.

368 2138 472 2181 Quae
486 2137 607 2173 insula
621 2150 699 2173 non
720 2139 834 2187 longe
855 2150 875 2172 a
894 2139 1020 2173 Laco-

369 2194 454 2228 niae
475 2205 539 2228 ora
558 2194 598 2228 in
618 2195 701 2229 sinu
716 2193 906 2229 Laconico
920 2193 1020 2242 opti-

368 2261 430 2284 me
450 2249 538 2294 sita,
570 2250 606 2283 iu
627 2261 730 2284 mare
751 2249 923 2285 Siculum
954 2260 1020 2283 ae·-

369 2317 443 2355 que
473 2310 586 2354 atque
614 2304 802 2340 Creticum
825 2304 1019 2353 promine-

368 2362 451 2408 ΒΜ,-
490 2372 678 2411 navesque
707 2361 951 2396 mercatoriae
973 2372 1021 2394 ex

368 2417 543 2466 Aegypto
564 2422 677 2467 atque
710 2417 835 2451 Africa
863 2417 1020 2452 venien-

371 2481 422 2508 tes
445 2471 492 2508 ad
512 2484 596 2507 eam
629 2471 815 2522 adpellere
839 2473 1020 2518 solebant,

367 2529 555 2580 simulque
578 2529 689 2564 etiam
711 2530 938 2564 incursiones
959 2529 1020 2563 iu-

372 2584 418 2622 de
445 2585 484 2620 iu
520 2585 729 2634 oppositam
768 2585 1020 2634 Peloponnesi

371 2654 475 2677 oram
505 2641 680 2677 facillime
708 2643 899 2677 instituere
928 2641 1021 2676 lice-

371 2698 445 2735 bat.
486 2697 567 2741 Qua
588 2710 698 2735 causa
727 2697 876 2734 adducti
902 2695 1021 2732 Athe-

372 2754 516 2790 nienses
532 2755 760 2791 octavobelli
780 2755 1020 2803 Peloponne—

1072 2638 1278 2686 Ἑλλάδος.

1075 1742 1165 1779 siaci
1185 1754 1297 1789 anno,
1320 1741 1416 1779 duce
1435 1742 1553 1789 Nicia,
1568 1742 1729 1779 insulam

1075 1800 1255 1849 perioecis
1277 1800 1550 1848 Spartanorum
1572 1800 1730 1849 imperio

1076 1855 1232 1892 subditis
1255 1854 1463 1892 habitatam
1483 1862 1730 1905 occuparunt.

1076 1911 1161 1949 Vid.
1192 1910 1412 1949 Tzschuck.
1441 1910 1489 1948 ad
1518 1913 1606 1950 Mel.
1637 1913 1683 1959 11,
1704 1914 1729 1951 7

1077 1969 1114 2013 ᾖ.
1150 1971 1200 2007 10
1230 1982 1267 2019 p.
1298 1971 1379 2009 709
1407 1975 1501 2005 nott.
1534 1980 1669 2018 exegg.
1693 1974 1729 2003 et

1075 2026 1223 2075 Popp0.
1264 2023 1483 2076 Thucydid,
1523 2025 1553 2071 1,
1574 2027 1600 2063 2
1639 2035 1728 2074 pag.

1077 2083 1158 2122 200
1178 2094 1257 2131 seq.

1131 2188 1204 2240 τὴν
1234 2190 1368 2229 Χίλων
1403 2205 1440 2228 κ.
1463 2204 1495 2228 τ.
1522 2189 1585 2238 λ.]
1618 2190 1729 2229 Conf.

1074 2248 1104 2293 1,
1135 2248 1202 2287 59.
1262 2246 1415 2283 Chilonis
1449 2245 1606 2282 effatum
1640 2245 1729 2283 hinc

1074 2304 1215 2352 profert
1232 2304 1393 2352 Diogen.
1413 2303 1538 2340 Laert.
1558 2305 1585 2348 Ι,
1597 2306 1664 2343 72.
1679 2326 1727 2331 -—-

1075 2361 1117 2394 ln
1158 2372 1264 2410 seqq.
1308 2361 1470 2409 μᾶλλον,
1512 2371 1729 2409 praegresso

1077 2418 1249 2466 quamvis
1261 2416 1516 2465 comparativo
1530 2414 1731 2466 μέζον,Ρο-

1076 2473 1177 2507 nitur
1206 2479 1247 2508 ut
1279 2473 1308 2519 1,
1331 2474 1397 2519 31,
1418 2472 1482 2508 ubi
1506 2470 1582 2509 vid.
1602 2493 1657 2499 —
1686 2473 1731 2508 In

1077 2529 1198 2565 verbis
1221 2526 1425 2579 βοηθέωσι
1452 2524 1572 2582 ταύτῃ
1595 2528 1731 2565 vocula

1076 2580 1197 2638 ταύτῃ
1238 2590 1380 2634 spectat
1419 2582 1466 2620 ad
1507 2587 1576 2634 τῆς
1613 2581 1731 2634 ἄλλης

1336 2638 1395 2677 Ad
1417 2641 1531 2677 verba
1561 2653 1732 2691 συνομο-

1080 2693 1234 2736 σάντων
1258 2695 1319 2736 ἐπὶ
1347 2696 1408 2737 σοὶ
1428 2697 1528 2734 conf.
1558 2703 1653 2737 nott.
1683 2695 1730 2733 ad

1078 2753 1160 2798 VH,
1188 2752 1276 2795 148.
