1897 3340
494 155 944 195 POLYMNIA
1001 156 1103 194 Vll.
1339 164 1422 204 751

163 266 244 323 τήν
264 264 414 321 εὐρὺς,
445 266 492 310 ἐν
520 269 581 319 τῷ
610 263 844 322 Δήμητρός
871 279 916 307 τε
937 263 1035 317 ἱρὸν
1060 261 1481 321 Ἀμφικτυονίδος75

164 336 348 389 ἵδρυται,
379 335 451 377 καὶ
481 334 606 389 ἕδραι
633 334 715 378 εἰσὶ
742 329 1044 387 Ἀμφικτυόσι,
1073 331 1148 374 καὶ
1177 330 1316 375 αὐτοῦ
1345 341 1425 379 τοῦ

7 403 92 449 201
156 400 474 458 Ἀμφικτυόνος
503 401 612 458 ἱρόν.
671 397 885 450 Βασιλεύς
913 399 992 454 μὲν
1013 399 1066 456 δὴ
1096 399 1256 455 Ξέρξης
1277 399 1422 454 ἐστρα-

160 469 417 515 τοπεδεύετο
449 474 524 527 τῆς
561 469 760 523 Μηλίδος
790 467 837 510 ἐν
864 471 918 524 τῇ
952 469 1179 523 Τρηχινίη·
1220 468 1264 510 οἱ
1292 467 1338 510 δὲ
1371 469 1422 524 δὴ
1479 447 1564 531 ξῖ,ιῦζ
1568 483 1678 535 {psam
1693 478 1736 537 ιῐιι

132 536 376 595 ΞἝλληνες,
416 538 463 582 ἐν
491 540 545 592 τῇ
574 533 720 592 διόδῳ.
770 535 966 578 καλέεται
994 536 1041 579 δὲ
1071 534 1094 579 ὁ
1125 551 1266 591 χωρος
1295 529 1493 586 ofivogssoE
1480 539 1753 607 ‘iivss'l'zfsss‘llhe'’

159 605 247 650 ὑπὸ
291 607 369 662 μὲν
401 620 488 649 των
517 602 713 647 πλεόνων
736 601 960 658 Ἑλλήνων
996 603 1295 658 Θερμοπύλαι·
1335 602 1424 647 υπὸ

161 675 207 718 δὲ
247 679 337 718 τῶν
374 672 617 728 ἐπιχωρίων
647 671 719 714 καὶ
758 672 1012 726 περιοίκων,
1054 671 1215 715 Πύλαι.
1277 672 1426 727 ἐστρα-

157 741 444 786 τοπεδεύοντο
463 739 542 795 μέν
571 756 655 783 νυν
684 738 880 794 ἑκάτεροι
909 740 957 783 ἐν
985 739 1182 783 τούτοισι
1210 744 1323 783 τοῖσι
1344 756 1424 796 χω-

131 811 311 865 3ρίοισι.
370 807 594 864 ἐπεκράτεε
638 807 683 851 δὲ
725 805 748 851 ὁ
779 806 859 862 μὲν
887 810 976 850 τῶν
1007 807 1117 862 πρὸς
1157 810 1298 863 βορῆν
1328 807 1424 852 ἄνε-

157 893 245 933 μον
286 876 474 934 ἐχόντων
511 875 689 919 πάντων
726 874 849 930 μέχρι
883 878 1115 930 Τρηχῖνος·
1165 877 1209 918 οἱ
1239 875 1307 927 δὲ,
1336 881 1425 919 τῶν

154 944 266 999 πρὸς
296 943 428 988 νότον
457 943 532 987 καὶ
560 944 829 1000 μεσαμβρίην
871 942 1098 1000 φερόντων
1134 944 1182 987 τὸ
1214 943 1284 988 ἐπὶ
1317 945 1478 988 ταύ-85

153 1028 230 1068 της
259 1015 335 1067 τῆς
365 1010 559 1068 ἠπείρου-

232 1073 372 1123 ςΗσαν
401 1080 447 1123 δὲ
465 1081 556 1124 σι’δε
580 1077 795 1134 Ἑλλήνων
818 1080 863 1123 οῖ
883 1080 1179 1135 ὑπομένοντες
1206 1080 1285 1125 τὸν
1308 1081 1420 1136 Πέρ

157 1158 240 1204 σην
270 1148 317 1191 ἐν
355 1146 496 1205 τούτῳ
535 1165 595 1206 τῳ
624 1146 764 1206 χώρῳ.
822 1146 1137 1204 Σπαρτιητέων
1173 1164 1218 1192 τε
1245 1149 1422 1206 τριηκό-

1478 404 1554 464 ¹1²¹ch
1543 414 1642 435 ‘aarum
1654 413 1754 448 castra

1528 440 1608 467 ''vlt-a
1605 442 1659 468 hin
1644 443 1712 471 nia:

1480 1085 1515 1125 Qu
1510 1085 1646 1126 nipopuli
1656 1086 1753 1115 Grae-

1478 1121 1544 1147 ciae
1563 1120 1635 1148 illuc
1654 1121 1730 1149 mili-

1477 1158 1526 1182 tes
1544 1153 1690 1183 miserint.

5 1093 91 1138 2⁰2

818 1295 1036 1336 editoribus.
1100 1298 1266 1336 Sensum
1286 1300 1359 1336 loci
1379 1300 1477 1337 bene

817 1353 981 1392 reddidit
1068 1354 1453 1406 Schweighaeuserus
1465 1369 1476 1394 :

100 1311 191 1335 eum
237 1299 406 1335 Hellenis
452 1298 576 1336 filium
621 1297 760 1351 prodit.

100 1356 229 1402 Quem
255 1355 297 1391 in
330 1354 405 1392 hoc
435 1357 578 1406 templo
617 1363 660 1393 ut
690 1369 761 1392 au-

100 1419 246 1449 ctorem
278 1418 315 1448 et
342 1411 579 1449 conditorem
609 1413 759 1450 concilii

98 1466 389 1520 Amphictyonii
400 1469 546 1505 cultum
555 1470 668 1507 fuisse
688 1483 758 1506 ex-

98 1525 253 1572 istimes,
268 1537 503 1577 quamquam
513 1526 552 1562 in
568 1527 656 1563 alias
667 1539 757 1576 par-

104 1587 161 1618 tes
190 1581 291 1617 abire
318 1580 468 1619 videtur
497 1583 621 1622 Strab.
642 1584 699 1619 IX
718 1597 758 1634 p.

105 1636 186 1678 643
213 1639 261 1675 Β.
292 1650 322 1675 s.
352 1652 392 1689 p.
418 1637 500 1679 420
520 1640 607 1676 coll.
628 1638 758 1678 Schol.

104 1693 279 1745 Euripid.
321 1694 440 1733 orest.
485 1694 604 1736 1094.
662 1696 762 1733 Satis

105 1757 236 1787 autem
260 1751 372 1788 fuerit
403 1750 466 1788 hic
495 1765 666 1800 monere,
689 1752 764 1789 du-

104 1807 246 1858 plicem
283 1807 396 1845 fuisse
434 1807 765 1861 Amphictyonum

106 1870 353 1913 conventum,
392 1865 555 1902 alterum
594 1867 634 1902 in
659 1867 764 1918 Pylis

104 1918 279 1957 habitum
309 1934 353 1957 eo
373 1922 481 1969 loco,
512 1935 629 1973 quem
649 1935 763 1960 accu-

105 1983 186 2013 rate
222 1978 358 2015 Noster
394 1977 557 2026 indicat,
599 1979 760 2016 alterum

106 2045 274 2085 eumque
314 2036 566 2071 recentiorem
602 2035 760 2087 Delphis

105 2087 280 2126 habitum
308 2097 345 2127 et
372 2090 522 2141 postera
549 2099 670 2129 aetate
690 2106 760 2144 po-

105 2145 293 2183 tissimum
308 2148 552 2185 celebratum.
573 2148 647 2186 Vid
662 2151 762 2187 Titt-

106 2213 240 2243 mann.
268 2202 384 2240 Bund
419 2203 457 2244 d.
487 2203 760 2258 Amphictyon.

106 2257 220 2307 1V‚2
238 2271 278 2309 p-
298 2261 351 2299 76
370 2272 449 2312 seq.

335 2348 428 2399 cap.
450 2349 542 2386 col.

161 2423 339 2466 καλέεται
373 2424 416 2466 δὲ
446 2425 471 2467 0⁹
496 2429 624 2479 χῶρος
642 2422 759 2476 οὗτος

107 2496 144 2521 κ.
161 2497 194 2521 τ.
214 2484 268 2531 λ.]
289 2481 375 2520 Vid.
395 2490 491 2521 nott.
511 2483 652 2532 advn,
664 2488 758 2526 176.

106 2539 153 2575 In
172 2552 277 2591 seqq
296 2541 475 2577 voculam
488 2537 531 2581 τὸ
542 2547 630 2578 ante
647 2554 760 2579 voces

107 2594 174 2635 ἐπὶ
204 2593 352 2647 ταύτης
381 2599 453 2647 τῆς
473 2592 641 2649 η’πείρου
671 2611 760 2635 cum

110 2649 345 2703 Schweigh„
387 2654 504 2693 Gaisf.
526 2662 563 2692 et
581 2652 761 2692 Bekkero

107 2710 262 2758 restitui,
279 2710 383 2747 male
411 2711 522 2749 unius
543 2710 628 2750 cod.
659 2710 762 2749 San-

108 2766 218 2803 crofti
251 2768 474 2806 auctoritate
512 2766 677 2806 deletam
711 2768 759 2806 ab

817 1411 977 1458 „Graeci
1012 1424 1093 1448 vero
1121 1425 1162 1449 ea
1179 1444 1189 1460 ,
1230 1426 1320 1462 quae
1352 1416 1389 1452 in
1408 1414 1478 1451 Ιιασ

816 1469 1009 1504 continente
1038 1469 1216 1506 meridiem
1245 1482 1365 1507 versus
1403 1473 1477 1509 sita

812 1527 893 1562 sunt
913 1523 1229 1579 (occupabant).“

1031 1615 1124 1666 cap.
1147 1615 1258 1652 CCII.

868 1695 1000 1733 Ἠσαν
1035 1692 1079 1734 δὲ
1111 1695 1195 1734 οίδε
1229 1691 1475 1747 ΓΕλληνων]

819 1744 924 1800 ἦσαν
957 1750 1045 1788 dedi
1065 1765 1134 1803 pro
1167 1751 1274 1792 ε’σαν.
1329 1755 1375 1789 In
1395 1755 1477 1790 sin-

819 1808 999 1858 gulorum
1037 1810 1279 1859 populorum,
1319 1811 1386 1861 qui
1407 1822 1476 1847 co-

818 1865 898 1915 pias
917 1866 1087 1902 miserint
1098 1864 1392 1918 Thermopylas,
1414 1880 1478 1903 re·-

819 1934 934 1958 censu
966 1924 1141 1972 congruit
1169 1924 1282 1973 plane
1310 1925 1475 1961 Pausan.

815 1979 867 2025 X,
898 1981 952 2018 20
982 1979 1019 2024 §.
1049 1982 1088 2027 2,
1117 1980 1191 2016 nisi
1220 1979 1323 2031 quod
1343 1980 1477 2017 Locros

819 2034 1007 2085 Opuntia-s,
1030 2048 1124 2087 quos
1145 2035 1360 2074 Herodotus
1372 2051 1476 2076 παν-

817 2093 979 2145 στρατιῇ
1007 2093 1186 2129 militasse
1227 2095 1367 2142 scribit,
1413 2107 1475 2132 sex

816 2148 911 2185 mille
929 2161 1091 2186 numero
1103 2150 1216 2187 fuisse
1236 2150 1374 2202 prodit.
1396 2153 1474 2189 Ita-

818 2217 893 2256 que
922 2204 1162 2243 Herodotum
1191 2208 1220 2244 si
1255 2221 1474 2260 sequamur,

816 2267 896 2298 tota
941 2263 1139 2312 copiarum
1167 2277 1318 2301 summa
1349 2266 1475 2303 existit

815 2317 937 2365 5200,
959 2320 1119 2357 exclusis
1146 2321 1295 2371 Locris3
1336 2323 1473 2373 quibus

815 2375 988 2412 assumtis
1027 2389 1049 2413 a
1086 2377 1275 2415 Pausania
1311 2378 1472 2416 efficitur

813 2443 996 2468 numerus
1032 2435 1195 2480 11,2ΟΟ.
1259 2436 1339 2472 Nec
1367 2436 1473 2472 mul-

813 2492 898 2523 tum
919 2485 1104 2539 discrepat
1131 2489 1331 2540 Diodorus,
1357 2493 1425 2538 XI,
1445 2490 1472 2531 4

813 2543 907 2580 mille
918 2545 1058 2583 Locros
1068 2559 1383 2593 commemorans,
1404 2547 1471 2583 ubi

814 2605 857 2636 tu
876 2599 953 2637 vid.
981 2602 1213 2654 interpretes.
1263 2604 1469 2654 Spartanos

814 2655 907 2693 mille
936 2656 1101 2697 delectos
1131 2674 1220 2698 cum
1246 2661 1375 2710 paucis
1402 2672 1467 2696 so-

813 2713 878 2750 ciis
889 2712 1168 2768 Thermopylas
1186 2717 1373 2767 profectos
1388 2728 1467 2753 esse

807 2778 940 2810 narrat
956 2773 1138 2811 Isocrates
1152 2773 1192 2809 in
1205 2774 1396 2826 Panegyr.
1405 2785 1466 2824 cp.
