1897 3340
620 175 654 211 E
681 175 715 211 R
741 173 779 210 A
808 172 846 209 T
876 172 922 209 Ο.
980 172 1054 210 Vl.
1381 176 1464 217 3⁰1

199 285 274 329 καὶ
302 286 350 329 ἐν
368 288 491 330 τοῖσι
520 281 656 338 ἀγῶσι
684 283 792 324 πᾶσι
820 281 1052 335 προεδρίας
1082 279 1352 333 ἐξαιρέτους·
1391 282 1466 325 καὶ

197 354 455 415 προξείνους
485 348 795 394 ἀποδεικνύναι
821 347 1014 393 τούτοισι
1041 352 1330 403 προσκεῖσθαι
1357 348 1464 401 τούς

139 527 316 564 variavit:
346 525 397 562 ita
407 530 449 561 ut
467 522 604 561 Noster
622 523 704 561 iure
725 521 797 561 ad-

139 580 276 620 diderit
301 576 560 631 Λακωνικήν.
629 581 709 618 Sex
739 579 797 628 ξέ-

137 651 226 678 σται
245 637 413 676 efficiunt
432 633 526 688 χόα,
558 635 691 674 decem
711 633 798 688 χόες

136 701 349 733 metretem.
406 695 512 731 Unus
552 694 631 730 fere
662 693 797 744 ξέστης

136 765 167 788 s.
199 751 393 789 ,sextarius
436 752 488 787 sic
527 751 615 788 satis
657 758 796 802 aequat

135 814 303 844 nostram
317 819 550 853 mensuram,
571 820 668 858 quae
679 821 798 845 voca-

134 870 197 901 tur
227 863 424 914 Sclcoppen.
461 862 717 901 Vid.Wurm.
737 864 796 901 De

133 919 279 971 pondd.
305 926 391 957 rats.
417 933 454 970 p.
479 921 557 961 128
578 933 684 973 seqq.
707 921 794 958 coll.

134 975 229 1016 141.
270 979 362 1016 123.
391 975 618 1025 ssIeclimnm,
646 979 794 1014 Atticus

133 1033 166 1070 si
185 1033 428 1083 intelligatur,
452 1032 588 1070 eodem
606 1035 793 1071 Wurmio

133 1097 288 1126 auctore
308 1102 394 1140 pag.
420 1092 493 1129 131
507 1103 588 1142 seq.
613 1088 704 1138 141,
725 1104 794 1128 sex

133 1148 321 1185 continuit
347 1145 496 1183 modios
531 1148 725 1184 Romanos
757 1154 794 1185 et

134 1203 313 1239 convenit
361 1215 451 1239 cum
504 1210 637 1240 octava
686 1211 793 1254 parte

134 1271 336 1296 mensurae
345 1260 716 1310 WYiirtembergicaQ
730 1262 793 1298 cui

132 1328 277 1352 nomen
300 1315 474 1365 Scheffel‚
506 1315 581 1353 dno
617 1316 734 1354 Simri
755 1324 792 1355 et

134 1371 238 1423 quod
267 1374 453 1419 excurrit,
492 1374 791 1423 complectentis.

131 1430 192 1464 De
215 1428 378 1467 Clwenice
399 1427 501 1465 idem
522 1431 681 1470 Wurm.
700 1431 728 1466 1.
761 1431 789 1468 l.

129 1497 220 1535 pag.
243 1487 336 1525 132.
392 1485 516 1535 Vulgo
538 1485 789 1538 quadraginta

130 1547 217 1578 octo
239 1539 438 1578 choenices
466 1554 589 1579 unum
619 1542 788 1579 medim-

130 1610 226 1635 num
245 1599 470 1635 constituere
493 1597 684 1636 (licuntur.

142 1683 155 1690 x
185 1655 396 1706 προεδρίας
416 1653 656 1706 ἐξαιρέτους]
668 1657 788 1692 Prae-

128 1710 283 1761 cipuam
302 1718 458 1763 atquesa
485 1713 638 1764 reliquis
661 1726 788 1749 secre-

127 1773 210 1803 tam
229 1780 335 1817 reges
363 1769 405 1804 in
435 1767 532 1804 ludis
553 1770 788 1819 accipiebant

128 1823 260 1860 sedem
303 1822 459 1861 honoris
499 1837 624 1867 causa,
702 1826 786 1870 Quo

129 1878 268 1917 eodem
286 1887 397 1932 pacto
412 1882 452 1916 in
470 1882 595 1919 liberis
617 1883 788 1920 Graeco-

127 1949 216 1973 rum
242 1937 454 1974 civitatibus
481 1936 585 1975 haud
609 1951 692 1976 raro
713 1936 787 1989 τήν

126 1993 342 2044 προεδρίαν
361 2007 579 2032 concessam
589 2009 666 2032 esse
686 1996 785 2046 legi-

126 2062 213 2087 mus
242 2057 308 2086 aut
335 2049 528 2088 ordinibus
557 2051 785 2103 quibusdam

128 2108 438 2144 eminentioribus
459 2115 524 2145 aut
548 2110 704 2159 siugulis
723 2110 784 2146 vi-

127 2163 177 2199 ris
208 2161 255 2199 de
283 2165 477 2214 republica
510 2165 607 2202 bene
639 2167 783 2203 meritis

129 2225 166 2255 et
194 2217 268 2257 hoc
305 2219 460 2258 honoris
492 2222 599 2259 titulo
631 2224 784 2260 ornatis.

130 2275 240 2312 Conf.
259 2277 289 2323 Ι,
311 2275 365 2317 54
385 2277 476 2329 ibiq.
497 2286 594 2316 nott.
624 2279 726 2316 Add.
739 2280 783 2319 C.

127 2332 172 2368 F.
200 2333 410 2370 Hermann.
439 2333 578 2372 Lehrb.
606 2335 643 2373 d.
675 2337 784 2373 Grie-

129 2385 272 2426 chisch.
311 2388 582 2431 staatsalterth.
623 2394 660 2438 §.
704 2395 785 2434 116

127 2450 207 2481 not.
229 2447 267 2485 3.

182 2498 252 2539 καὶ
282 2501 517 2552 προξείνους
544 2499 783 2544 ἀποδεικνύ-

126 2568 195 2593 ναι
213 2552 386 2597 τούτοισι
395 2561 674 2608 προσκεῖσθαι]
695 2562 783 2599 Me-

129 2608 255 2648 diceus
289 2626 378 2650 cum
417 2616 497 2652 aliis
530 2620 783 2667 προκεῖσθαι.

129 2665 209 2702 Sed
227 2669 313 2705 satis
339 2671 534 2720 vulgatam
554 2678 717 2717 ,tuentur
742 2672 783 2710 hi

127 2721 203 2758 loci
223 2723 269 2759 ab
290 2723 376 2762 edd.
397 2728 497 2764 allati
522 2729 552 2775 I,
575 2730 666 2768 118.
691 2731 783 2770 119.

128 2778 176 2826 Π,
206 2780 273 2820 83.
301 2780 382 2831 vll,
410 2783 463 2825 35
490 2785 659 2837 itemque
691 2785 783 2824 Flo-

853 522 993 560 remini
1022 522 1110 560 libri
1139 522 1355 560 auctoritas.
1412 522 1516 560 Aui-

853 581 908 630 git
939 592 1092 632 quoque
1123 579 1339 618 Herodotea
1374 580 1515 616 Eusta-

853 635 954 674 thius
983 636 1031 673 ad
1058 637 1090 672 ll
1116 650 1155 688 p.
1181 635 1276 685 405,
1293 639 1343 676 21
1367 649 1397 675 s.
1421 639 1516 683 307,

856 695 930 741 18,
961 694 1027 730 ubi
1046 705 1115 744 pro
1144 696 1409 744 προσκεῖσθαι
1427 692 1516 730 dicit

853 748 968 801 γέρας
990 746 1106 789 εἶναι.
1168 751 1267 787 Hinc
1297 748 1511 787 Larcherus

830 801 835 810 ²
854 807 999 843 Gallice
1019 808 1070 843 sic
1093 804 1280 843 reddidit:
1313 836 1336 855 ‚‚
1351 808 1434 844 c'est
1446 819 1514 844 une

853 861 896 900 de
916 863 1010 900 leurs
1027 864 1310 914 prdrogatives⁴‘.
1359 861 1515 900 Vocan-

850 925 914 955 tur
942 927 1071 956 autem
1097 917 1308 970 πρόξενοι,
1345 921 1410 971 qui
1438 933 1515 970 pu-

851 976 949 1012 blice
979 978 1171 1013 constituti
1201 978 1360 1013 aliartun
1379 978 1514 1028 civita·

851 1038 935 1069 tum
973 1035 1164 1083 excipiant
1195 1034 1339 1084 legatos
1371 1046 1512 1085 eosque

851 1090 1027 1127 omnibus
1055 1091 1166 1127 rebus
1192 1091 1408 1127 necessariis
1446 1092 1511 1126 in·-

849 1152 1008 1183 struant.
1039 1146 1149 1192 Quod
1168 1148 1294 1198 ipsum
1314 1160 1403 1184 cum
1418 1159 1511 1197 pro—

848 1204 930 1253 prie
950 1216 1086 1253 regum
1107 1211 1229 1249 esset,
1261 1216 1395 1240 eorum
1422 1204 1510 1240 loco

848 1259 896 1295 ab
916 1261 959 1296 iis
980 1259 1196 1311 προξένους
1217 1274 1295 1298 esse
1324 1261 1509 1298 constitu-

846 1322 905 1352 tos
943 1318 1153 1367 suspicatur
1193 1318 1236 1354 C.
1272 1318 1317 1354 Ο.
1357 1317 1509 1353 muller.

845 1373 938 1412 Dor.
967 1374 1003 1409 11
1036 1386 1124 1424 pag.
1160 1376 1252 1414 103.
1287 1373 1402 1421 104„
1442 1374 1509 1425 qui

845 1427 966 1465 hocce
996 1430 1054 1466 ius
1085 1442 1221 1479 regum
1246 1429 1337 1466 inde
1365 1431 1510 1480 repeti-

844 1491 929 1522 tum
948 1486 1048 1533 vult,
1070 1485 1174 1538 quod
1194 1487 1350 1522 omuino
1371 1498 1507 1536 regum

843 1542 917 1578 fuit
928 1555 1079 1579 stunma
1090 1549 1255 1593 potestas
1267 1544 1306 1579 in
1322 1544 1364 1580 iis
1379 1544 1508 1580 omni-

843 1598 932 1646 bus,
958 1611 1054 1649 quae
1078 1598 1127 1635 ad
1146 1612 1204 1636 res
1227 1607 1400 1637 externas
1417 1613 1507 1651 spe-

844 1655 996 1692 etabaut
1015 1656 1093 1693 sive
1114 1655 1162 1693 ad
1182 1658 1364 1703 rationes,
1408 1669 1506 1708 quae

844 1712 1040 1762 Spartanis
1078 1726 1168 1749 cum
1209 1714 1288 1750 aliis
1324 1715 1506 1750 Graeciae

844 1769 1056 1806 civitatibus
1080 1769 1379 1806 intercedebant.
1399 1771 1505 1820 Ipsos

842 1823 1058 1876 προξένους
1070 1826 1108 1861 in
1127 1826 1205 1862 aliis
1218 1839 1370 1878 quoque
1382 1827 1504 1862 Grae-

844 1882 923 1917 ciae
945 1883 1156 1919 civitatibus
1176 1885 1399 1920 constitutos
1427 1896 1505 1920 no-

843 1939 981 1975 vimus.
1032 1940 1187 1976 Notavit
1208 1938 1255 1976 ad
1277 1938 1314 1976 h.
1335 1940 1362 1976 l.
1382 1941 1502 1976 Wes—

841 1995 1033 2045 selingius.
1089 1996 1206 2032 Plura
1236 1995 1338 2033 dabit
1378 1996 1421 2036 C.
1451 1998 1496 2032 F.

840 2053 1051 2089 Hermann.
1072 2053 1098 2089 l.
1125 2053 1152 2089 l.
1184 2054 1221 2098 ξ.
1257 2055 1335 2094 116
1357 2059 1437 2093 not.
1458 2054 1498 2092 4.

840 2109 972 2145 Glossa
1000 2107 1217 2146 Herodotea
1237 2108 1285 2146 ad
1302 2108 1376 2147 h.l.
1397 2106 1500 2162 πρό-

841 2166 946 2213 ξενοι
961 2175 972 2186 ·
995 2163 1256 2218 οἵπροστάται
1266 2163 1419 2205 πόλεων
1430 2164 1499 2205 καὶ

838 2221 1073 2274 φροντισταὶ
1098 2222 1167 2262 καὶ
1197 2222 1333 2270 ξένους
1350 2221 1498 2262 ὑποδε-

840 2279 1014 2330 χόμενοι.
1034 2278 1099 2316 Cr.
1119 2280 1282 2316 conferri
1298 2281 1378 2316 vult
1389 2281 1497 2316 Bois-

840 2334 987 2372 sonadii
1008 2336 1225 2373 Comment.
1245 2336 1293 2373 ad
1307 2338 1497 2387 Inscriptt.

840 2393 986 2429 Actiac.
1008 2392 1056 2429 ad
1090 2394 1235 2430 calcem
1259 2394 1381 2430 Holst.
1401 2394 1497 2443 Epi-

841 2449 941 2485 stoll.
957 2462 996 2500 p.
1010 2448 1091 2489 440
1101 2463 1182 2501 seq.
1201 2451 1266 2487 Tu
1285 2449 1374 2487 add.
1393 2451 1497 2487 ufe-

840 2512 969 2542 sterm.
988 2507 1046 2542 De
1061 2507 1224 2557 publico.
1252 2503 1496 2548 Athenienss'.

836 2560 1038 2599 honoribb.
1059 2563 1188 2613 (Lips.
1213 2564 1345 2612 1830)
1365 2577 1403 2613 p.
1425 2563 1494 2609 41,

839 2619 904 2669 qui
922 2625 1024 2655 recte
1043 2618 1118 2657 hoc
1136 2621 1336 2656 Laconum
1355 2630 1495 2655 munus

837 2672 1084 2712 honorarium
1138 2675 1275 2712 dixisse
1330 2674 1491 2720 videtur,

838 2729 942 2782 quod
952 2732 1077 2768 miuus
1089 2733 1198 2779 bene,
1210 2733 1355 2782 opinor,
1367 2728 1414 2765 ad
1426 2742 1496 2779 pe-

838 2788 1007 2838 regrinos
1058 2795 1213 2839 propter
1260 2786 1496 2838 ξενηᾶασίαν
