1897 3340
27 377 186 406 consilium
200 386 268 406 cum
280 412 287 418 .

28 411 120 440 sociis
139 420 302 440 commum-

28 449 134 474 cautes

360 261 443 301 168

757 256 1216 296 HERODOTI

357 368 483 424 γένος
510 366 559 410 τό
586 365 800 419 Ἀττικὸν,
841 365 1080 420 ἰσόρροπον
1109 367 1169 423 τῷ
1198 363 1373 407 ἑωυτῶν
1403 362 1460 405 ἂν
1485 364 1617 418 γίνοι-

360 452 433 488 το,
474 433 764 489 κατεχόμενον
803 433 849 475 δὲ
887 432 974 475 ὑπό
1015 433 1292 486 τυραννίδος,
1336 427 1516 481 ἀσθενὲς
1545 431 1618 474 καὶ
1674 432 1757 471 418

361 500 696 557 πειθαρχέεσθαι
717 500 915 555 ἑτοῖμον·
946 499 1162 554 μαθόντες
1193 499 1237 542 δὲ
1260 497 1427 541 τούτων
1448 497 1618 549 ἕκαστα,

364 569 680 625 μετεπέμποντο
699 565 867 622 Ἱππίην
888 564 965 609 τὸν
989 564 1303 620 Πεισιστράτου
1334 564 1416 608 ἀπὸ
1443 567 1622 620 Σιγείου
1632 569 1676 606 40

332 639 445 680 Ξτοῦ
484 635 530 678 ἐν
554 633 873 689 Ἑλλησπόντῳ,
926 631 969 682 ἐς
997 631 1022 675 ὃ
1052 633 1376 688 καταφεύγουσι
1408 635 1451 676 οἱ
1476 637 1620 676 Πεισι-

361 703 596 758 στρατίδαι.
651 699 763 742 Ἐπεί
791 714 834 742 τε
865 698 911 741 δέ
941 709 1019 754 σφι
1044 697 1206 756 Ἱππίης
1243 699 1504 756 καλεόμενος
1532 695 1619 757 ἧκε,

304 880 442 925 τοῖμον
453 902 468 919 ‚
516 871 722 911 imbecillum
762 885 805 909 ac
846 871 964 917 talem,

306 945 404 982 quem
443 931 511 967 sibi
537 928 651 980 facile
680 929 775 965 dicto
801 927 965 965 haberent

305 987 547 1025 audientem.“
588 987 645 1021 De
667 985 803 1035 Sparta
831 991 966 1036 tyran-

307 1044 364 1080 nis
386 1044 542 1079 inimica
563 1040 664 1078 conf.
686 1041 838 1078 Sosiclis
853 1041 967 1078 verba

306 1100 352 1146 V,
383 1101 436 1140 92
458 1100 495 1144 §.
520 1103 539 1138 1
563 1105 600 1134 et
621 1110 718 1148 quae
747 1096 794 1133 de
826 1095 896 1134 hac
927 1110 967 1132 re

307 1154 511 1206 disputavit
529 1152 802 1192 Wachsmuth.
818 1154 968 1190 Hellen.

307 1209 584 1248 Alterthumsk.
618 1211 647 1259 1,
698 1214 718 1251 1
759 1222 846 1261 pag.
887 1210 968 1250 289

307 1268 396 1305 coll.
416 1267 496 1309 274
520 1279 627 1319 seqq.
653 1265 742 1314 135,
765 1268 831 1317 qui
848 1266 968 1316 Spar-

309 1331 417 1361 tanos
452 1324 622 1375 tyrannis
650 1322 817 1359 infensos
854 1322 968 1359 fuisse

309 1381 437 1417 statuit
456 1387 542 1417 tum
562 1380 610 1416 ob
633 1379 780 1429 regiam
801 1377 970 1428 dignita-

311 1443 392 1475 tem
411 1437 647 1487 legitimam,
679 1448 776 1487 quae
811 1435 969 1485 Spartae

312 1494 427 1529 unice
447 1499 593 1530 servata
605 1491 666 1529 vel
686 1491 785 1528 hanc
807 1492 855 1528 ob
877 1503 970 1527 cau-

312 1561 394 1586 sam
404 1549 624 1599 illegitimae
636 1554 884 1598 tyranuorum
898 1560 971 1598 po-

311 1605 452 1642 tentiae
481 1617 526 1640 eo
556 1605 678 1654 magis
718 1604 861 1654 opponi
901 1602 971 1639 de-

313 1661 416 1708 buit,
447 1667 531 1697 tum
559 1660 607 1696 ob
629 1660 843 1710 periculum
871 1659 971 1695 anti-

313 1717 397 1768 quis
415 1717 563 1754 Dorum
581 1717 757 1753 institutis
774 1718 972 1753 aristocra-

312 1773 393 1810 ticis
414 1786 463 1809 ex
481 1773 642 1809 immani
662 1779 913 1824 tyrannorum
934 1772 971 1808 vi

311 1829 531 1866 imminens.
590 1829 673 1873 Quo
724 1830 839 1865 etiam
877 1826 972 1864 illud

314 1884 485 1930 accedit,
517 1883 621 1937 quod
642 1885 836 1935 Spartanis
856 1885 974 1920 Pelo-

314 1942 475 1991 ponnesi
495 1939 766 1991 hegemoniam
787 1940 974 1977 affectan—

314 1998 413 2035 tibus
444 1996 539 2034 1111111
568 2010 658 2034 sane
680 1998 869 2049 antiquius
889 1997 972 2044 fuit,

316 2066 435 2105 quam
455 2060 508 2102 ut,
540 2066 808 2105 quaecumque
827 2054 973 2090 Doricis

315 2110 491 2147 institutis
538 2112 788 2160 repugnantia
824 2110 974 2146 inveni-

317 2173 470 2213 rentur,
513 2166 690 2202 tollerent
720 2179 842 2217 eoque
858 2166 973 2217 Spar-

317 2227 396 2258 tam
410 2251 419 2267 ,
460 2233 556 2273 quae
578 2222 700 2258 omnis
721 2223 868 2259 Dorum
898 2223 975 2259 rei-

318 2278 492 2328 publicae
512 2277 625 2314 cardo
642 2280 747 2329 quasi
769 2279 839 2316 fuit
859 2292 901 2315 ac
913 2292 974 2316 se-

320 2333 384 2371 des
405 2334 600 2384 primaria,
632 2334 825 2372 firmarent
845 2342 881 2372 et
905 2348 976 2371 au-

320 2397 465 2439 gerent.
543 2389 653 2426 Unde
688 2392 828 2439 efiam,
878 2404 976 2443 quae

321 2444 394 2482 hoc
414 2446 498 2483 loco
518 2445 738 2494 traduntur,
767 2454 854 2484 sunt
875 2447 977 2484 diiu-

323 2501 505 2539 dicanda:
537 2515 657 2554 quum
689 2504 754 2554 qui
781 2505 858 2540 aliis
887 2504 978 2541 locis

324 2557 565 2610 tyrannidem
587 2560 691 2595 omni
712 2559 827 2596 modo
848 2561 978 2596 tollere

320 2613 514 2661 studeant,
562 2613 720 2651 Athenis
750 2629 790 2651 se
819 2614 891 2652 1100
920 2615 977 2652 fe-

322 2671 414 2707 cisse
453 2671 615 2721 graviter
652 2672 793 2707 ferant:
835 2672 882 2708 ob
916 2673 977 2707 in-

325 2726 527 2763 commoda
546 2727 684 2763 scilicet
701 2728 846 2763 Dorum
867 2728 977 2764 rebus

324 2783 481 2834 publicis
503 2797 525 2819 e
552 2783 698 2820 sublato
728 2782 979 2820 Pisistratida-

325 2852 410 2876 rum
449 2841 607 2890 imperio
635 2840 827 2892 auctisque
856 2838 977 2876 Athe-

1019 872 1208 908 niensium
1219 872 1258 907 in
1276 872 1487 910 libertatem
1506 873 1678 911 vindica-

1019 935 1148 964 torum
1178 928 1287 965 rebus
1309 931 1535 966 enascentia.
1579 932 1680 967 Hinc

1021 991 1123 1021 recte
1143 986 1258 1021 etiam
1278 986 1447 1022 statuisse
1467 985 1617 1022 videtur
1635 986 1679 1022 C.

1023 1041 1068 1077 Ο.
1093 1042 1242 1077 Miiller.
1262 1042 1353 1078 Dor.
1374 1043 1391 1077 1
1411 1054 1498 1092 pag.
1524 1044 1602 1082 160
1622 1055 1680 1094 sq.

1025 1104 1207 1148 tyrannos
1218 1099 1365 1134 Dorum
1377 1099 1552 1135 institutis
1571 1111 1682 1135 ever-

1023 1154 1071 1190 sis
1110 1167 1260 1205 semper
1298 1161 1447 1191 evectos
1485 1161 1522 1191 et
1552 1161 1683 1192 auctos

1024 1210 1152 1246 fuisse.

1082 1263 1343 1316 κατεχόμενον
1362 1263 1405 1305 δὲ
1433 1262 1513 1305 ’ὑπὸ
1537 1281 1683 1318 τυραν-

1025 1321 1164 1370 νίδος]
1194 1324 1238 1358 111
1270 1321 1460 1359 Sancrofti
1486 1323 1582 1359 libro
1601 1317 1682 1361 ’15πὸ

1023 1392 1095 1417 του
1129 1379 1354 1429 τυραννίδι,
1402 1377 1507 1430 quod
1531 1375 1685 1429 'recepit

1025 1433 1191 1481 Schaef„
1220 1433 1560 1486 quemadmodum,
1584 1447 1684 1486 qnae

1026 1492 1150 1527 attulit
1178 1492 1422 1541 wesseling„
1443 1492 1608 1542 Appian.
1636 1492 1683 1527 Β.

1027 1548 1108 1585 Civ.
1129 1547 1180 1584 IV
1202 1547 1304 1597 [cap.
1327 1548 1398 1595 86]
1419 1561 1456 1598 p.
1480 1550 1588 1588 1022
1606 1543 1687 1587 ’ὑπό

1026 1618 1096 1642 του
1119 1599 1322 1653 δαιμόνων
1343 1610 1380 1639 et
1393 1602 1574 1654 Sopliocl.
1588 1602 1685 1640 Oed.

1028 1660 1109 1696 Col.
1120 1661 1200 1699 384
1215 1660 1311 1708 [371
1323 1660 1538 1700 El1nsl.336
1551 1658 1683 1707 Both]

1027 1714 1070 1755 ἐκ
1093 1717 1202 1753 θεῶν
1219 1730 1301 1755 του.
1350 1717 1429 1752 Nec
1450 1723 1578 1753 tamen
1595 1715 1685 1752 inde

1026 1772 1236 1808 necessario
1256 1773 1449 1823 sequitur,
1493 1771 1566 1809 hoc
1586 1784 1686 1824 quo-

1030 1841 1104 1879 que
1124 1828 1208 1864 loco
1231 1827 1322 1879 quid
1342 1827 1572 1865 mutandum
1593 1841 1685 1867 esse.

1029 1883 1138 1920 Idem
1158 1885 1390 1934 VVesseling.
1410 1891 1512 1922 recte
1541 1883 1686 1922 attendi

1029 1941 1134 1976 iubet
1155 1939 1203 1976 ad
1222 1941 1338 1977 verba
1357 1941 1402 1987 V,
1421 1944 1476 1982 78
1498 1937 1686 1980 ἔθελοκά·

1030 2011 1146 2043 κεον,
1189 1994 1242 2042 ὥς
1275 1993 1445 2050 δεσπότῃ
1475 1993 1689 2049 ἐργαζόμε*

1031 2068 1110 2092 νοι.
1169 2054 1263 2090 Mox
1304 2052 1392 2090 dedi
1422 2051 1614 2102 μαθόντες
1644 2051 1687 2092 δὲ

1028 2105 1200 2157 τούτων,
1231 2122 1299 2160 pro
1325 2109 1516 2158 τουτέων,
1546 2111 1612 2147 ubi
1631 2107 1686 2154 δὲ,

1030 2164 1135 2217 quod
1157 2165 1427 2217 apquibusdam
1447 2167 1548 2204 libris
1569 2167 1685 2214 abest,

1030 2223 1128 2259 bene
1159 2224 1313 2259 retinuit
1343 2222 1537 2260 Schaefer.
1567 2224 1688 2260 iuter-

1030 2285 1180 2329 pretans
1195 2281 1341 2329 inquam
1352 2308 1363 2326 ‚
1394 2281 1521 2328 igitur.

1088 2333 1127 2381 ἒς
1156 2331 1177 2374 ὃ
1204 2331 1501 2387 καταφεύγουσι
1532 2334 1574 2375 οἷ
1592 2337 1686 2374 Πει-

1033 2392 1300 2442 σιστρατίδαι]
1351 2394 1454 2429 Haec
1492 2392 1607 2429 verba
1645 2398 1689 2428 ut

1033 2454 1204 2498 suspecta
1231 2449 1337 2485 micis
1364 2449 1513 2486 inclusit
1542 2447 1689 2485 Sohae-

1034 2504 1118 2550 fer„
1150 2505 1287 2555 quibus
1317 2517 1388 2555 ego
1409 2506 1489 2541 iure
1509 2503 1603 2540 mihi
1625 2504 1688 2540 illa

1035 2560 1209 2597 liberasse
1243 2559 1387 2597 videor.
1464 2561 1563 2596 Nam
1600 2561 1687 2597 satis

1035 2628 1077 2651 ea
1099 2618 1195 2652 tueri
1223 2616 1394 2662 videtur,
1434 2623 1475 2653 ut
1505 2617 1688 2653 librorum

1034 2673 1260 2722 scriptorum
1290 2673 1552 2709 auctoritatem
1572 2674 1689 2709 omit-

1034 2733 1111 2763 tam
1124 2757 1132 2773 ‚
1154 2729 1233 2778 ipsa
1254 2727 1435 2766 Herodoti
1455 2727 1689 2766 consuetudo

1035 2784 1120 2819 talia
1141 2785 1339 2821 lectoribus
1369 2786 1408 2821 in
1437 2792 1607 2821 mentem
1628 2798 1690 2821 re-

1035 2852 1169 2876 vocare
1185 2841 1349 2878 solentis.
1406 2842 1525 2892 Magis
1546 2840 1689 2879 arride-
