1897 3340
420 203 504 243 416
816 199 1276 237 HERODOTI

420 322 519 361 σιν,
558 310 630 353 καὶ
658 309 711 352 τὰ
750 309 792 361 ἐς
823 310 975 365 ἔρσενα
1015 309 1149 364 γόνον
1180 306 1347 362 ἄρῤητα
1386 306 1458 361 ἱρὰ
1487 306 1677 363 ἐκφῄνα-

393 383 509 421 4σαν
538 377 772 434 Μιλτιάδῃ.
803 375 831 432 ή
864 378 908 421 δὲ
943 378 1092 432 Πυθίη
1122 374 1202 418 οὐκ
1233 374 1294 426 ἔα,
1325 378 1458 430 φᾶσα,
1491 371 1572 424 ,,ού
1609 377 1676 416 Τι-
1690 380 1734 414 95

421 449 563 500 ,,μοῦν
592 443 702 488 εἶναι
731 444 811 500 τήν
836 447 975 500 αἰτίην
995 443 1176 495 τούτων,
1210 442 1317 486 ἀλλὰ
1347 444 1437 485 δεῖν
1465 441 1548 496 γὰρ
1571 444 1678 483 Maa-

421 510 596 577 ,ἦιάδεα
635 517 838 556 τελευτᾶν
882 514 939 567 μὴ
978 508 1049 564 εὖ,
1091 512 1285 568 φανῆναί
1327 511 1369 552 οἱ
1407 513 1497 552 τῶν
1534 512 1682 551 κακῶν

423 580 759 636 ,,κατηγεμόνα.“
832 582 1040 633 Παρίοισι
1077 582 1155 634 μὲν
1195 580 1246 635 δὴ
1291 582 1428 621 ταῦτα
1466 575 1492 632 ἡ
1534 577 1682 632 Πυθίη

421 648 581 703 ἔχρησε.
640 646 862 703 Ἀθηναῖοι
899 647 944 691 δὲ
983 646 1028 689 ἐκ
1066 644 1224 699 Πάρου
1254 645 1495 688 Μιλτιάδεα
1527 643 1684 686 ἄπονο-

424 715 640 771 στήσαντα
671 714 795 769 ἔσχον
825 714 870 757 ἐν
901 713 1100 769 στόμασι,
1141 716 1188 757 οἴ
1212 730 1255 756 τε
1287 712 1429 762 ἄλλοι,
1461 713 1531 754 καὶ
1562 710 1682 766 μάλι-

419 795 497 826 στα
518 782 801 832 Ξάνθιππος,
833 780 856 824 ὁ
883 779 1165 836 Ἀρίφρονος·
1206 780 1253 833 ὃς
1282 780 1483 824 θανάτου
1513 778 1708 833 &nara-1

420 850 511 906 γῶν
551 850 636 893 ὑπὸ
677 848 754 893 τὸν
790 851 929 904 δῆμον
961 849 1222 902 Μιλτιάδεα,
1272 849 1420 892 ἐδίωκε
1459 850 1533 901 τῆς
1561 845 1709 901 Ἀθη-’

89 920 363 973 ζ’ζοῇἳοῖἷξξυῇᾈξζω
392 921 562 962 Ξναίων
603 917 767 973 ἀπάτης
803 918 973 960 εἵνεκεν.
1043 916 1287 972 Μλτιάδης
1325 915 1395 966 δὲ,
1435 912 1564 964 αὐτὸς
1605 914 1683 968 μὲν

90 978 364 1048 ξ’,ἓῗξᾌ’ξ,ξζῖἓῗςα,
423 987 618 1041 παρεών,
649 983 731 1029 οὐκ
766 983 1042 1040 α’πελογέετο·
1081 981 1135 1040 ἦν
1173 984 1254 1039 γὰρ
1295 981 1534 1032 ἀδύνατος,
1576 980 1685 1024 ὥστε

90 1045 365 1108 ι’ῗῖἓιῗιῑίηῗι-Ᾰίῑῗῗ
422 1053 673 1112 σηπομένου
709 1056 789 1097 τοῦ
831 1056 986 1109 μηροῦ.
1053 1051 1345 1107 προκειμένου
1382 1049 1428 1092 δὲ
1468 1046 1606 1091 αὐτοῦ
1637 1048 1711 1091 ἐν5

424 1124 568 1178 κλίνῃ,
600 1120 1014 1175 ὑπεραπολογέοντό
1037 1121 1081 1162 οἱ
1109 1121 1248 1174 φίλοι,
1279 1121 1353 1174 τῆς
1380 1116 1514 1173 μάχης
1542 1133 1586 1159 τε
1608 1121 1684 1173 τῆς

425 1191 471 1235 ἐν
500 1193 754 1245 Μαραθῶνι
782 1188 1017 1245 γενομένης
1045 1186 1182 1230 πολλὰ
1212 1186 1569 1242 ἐπιμεμνημένοι,
1610 1185 1684 1228 καὶ

264 646 362 690 136

91 709 248 738 Miltiades
274 709 365 736 Athe-

91 753 145 772 nas
170 751 311 771 reversus
328 744 365 771 ob

91 777 317 813 exlwditionem

91 811 215 839 Pariam
237 819 359 837 accusa-

91 849 150 872 tur.
169 844 211 871 lbi
223 844 362 877 quoniam

90 879 168 914 ipse,
189 880 301 913 quippe
319 878 363 904 l'e-

92 1114 173 1141 niam
191 1117 221 1139 et
242 1112 351 1140 Lemni

92 1146 346 1183 expugnationem

92 1188 326 1208 commemoran-

92 1220 149 1244 tes.
187 1213 238 1241 Sic
260 1213 367 1251 capitis

365 1386 482 1424 futuri
494 1386 532 1422 in
548 1380 671 1424 verbis
693 1385 730 1425 εἰ
756 1382 1029 1438 καταχρήσον-

365 1458 431 1482 ται
461 1441 502 1492 (i.
521 1457 612 1480 enan
632 1444 874 1493 interficerent,
905 1457 951 1480 an
966 1445 1028 1480 ιἠ-

1084 1385 1168 1435 (ubi
1188 1386 1228 1421 in
1248 1390 1339 1421 nota
1357 1397 1395 1435 p.
1409 1386 1490 1425 269
1502 1396 1568 1435 pro
1579 1383 1644 1431 VI,
1666 1385 1690 1423 3
1704 1384 1742 1430 6,

1083 1441 1235 1493 legend.
1257 1442 1319 1489 VI,
1346 1444 1363 1480 1
1381 1444 1405 1481 3
1420 1440 1477 1488 6),
1508 1451 1744 1492 quamquam

369 1501 522 1550 ter-ficere
541 1503 627 1549 ipsis
656 1500 798 1548 liceret)
833 1498 910 1538 vid.
931 1507 1028 1536 nott.

369 1555 417 1592 ad
439 1557 500 1603 VI,
518 1558 570 1596 86
594 1557 631 1600 §.
653 1559 675 1595 3
694 1563 731 1592 et
753 1555 800 1592 de
812 1557 892 1606 ipso
912 1557 1028 1594 verbo

369 1619 465 1651 nott.
488 1611 536 1648 ad
555 1613 618 1659 IV,
644 1612 734 1652 146.
764 1611 1029 1649 Bekkerma-

370 1670 452 1706 vult
471 1665 807 1719 καταχρήσωνται.

427 1722 691 1779 ἐκφήνασαν]
744 1724 926 1774 φαίνειν,
972 1723 1032 1763 ἕκ-

371 1781 532 1830 φαίνειν
566 1782 637 1817 alia
667 1779 707 1817 id
735 1793 855 1830 genus
884 1782 1030 1831 saepius

371 1839 464 1889 poni
484 1839 523 1873 in
543 1850 736 1874 sacrorum
752 1837 944 1884 doctrina,
968 1850 1032 1873 ar-

373 1907 468 1931 cana
489 1895 719 1944 praesertim,
740 1894 892 1930 monuit
911 1894 1032 1930 creu-

372 1964 448 1989 zer.
471 1951 645 2002 Symbol.
665 1952 682 1987 I
700 1963 787 2001 pag.
808 1953 870 1990 13.
929 1949 1034 1987 Add.

372 2007 518 2044 Herod.
552 2008 599 2054 ΙΙ,
630 2005 697 2046 49.
736 2007 885 2043 Libanii
904 2007 1034 2044 locum

374 2063 589 2100 Herodotea
620 2064 799 2100 imitantis
828 2065 879 2100 T.
899 2065 917 2099 I
943 2076 1033 2114 pag.

374 2119 454 2161 486
476 2120 601 2157 attulit
616 2120 848 2168 Wesseling.

433 2177 515 2215 δεῖν
547 2172 621 2226 γὰρ
657 2171 909 2223 Μιλτιάδεα]
950 2175 1034 2214 δεῖν

374 2230 436 2268 hic
457 2232 665 2281 significat:
696 2233 735 2267 in
748 2231 844 2281 satis
863 2244 944 2277 esse,
953 2230 1035 2280 fato

376 2291 610 2331 constitutum,
634 2287 809 2324 decretum
831 2301 920 2333 esse,
942 2294 983 2323 ut
1004 2288 1033 2333 Ι,

374 2346 414 2384 8.
434 2345 497 2390 IV,
519 2345 586 2383 79.
608 2344 653 2388 11,
671 2345 759 2383 161.
779 2344 847 2388 ΙΧ,
863 2344 939 2383 109
961 2349 1032 2378 etc.

375 2421 431 2427 —
450 2402 507 2436 De
528 2399 662 2436 vocula
693 2392 737 2437 εὖ
759 2400 963 2450 postposita
984 2399 1031 2436 cf.

374 2456 419 2504 V,
440 2459 492 2498 27
513 2456 604 2507 ibiq.
628 2461 724 2494 nott.

543 2557 636 2607 Cap.
653 2556 865 2594 CXXXVI.

434 2623 545 2676 ἔσχον
575 2624 617 2664 ἕν
647 2620 839 2674 στόμασι]
882 2623 906 2658 ἱ.
933 2636 964 2661 e.
997 2625 1034 2660 in

379 2696 436 2720 ore
448 2682 628 2720 habebant.
662 2682 748 2716 Duo
761 2678 872 2716 codd.
889 2678 930 2717 ἐν
943 2675 1034 2718 στό-

378 2754 481 2790 ματι,
503 2737 605 2790 quod
626 2735 820 2775 Schaefer.
842 2742 878 2772 et
899 2734 1033 2772 Matth.

379 2801 613 2847 receperunt.
680 2794 731 2830 At
758 2791 834 2832 vid.
865 2793 931 2840 111,
954 2792 1033 2832 157

1086 1512 1183 1551 quae
1203 1499 1255 1534 ibi
1276 1499 1315 1534 in
1336 1496 1449 1534 laude
1464 1496 1664 1533 adhibetur
1683 1497 1744 1532 lo-

1085 1557 1197 1602 cutio,
1220 1553 1258 1590 h.
1271 1556 1295 1590 l.
1316 1555 1382 1590 vix
1402 1554 1509 1590 aliter
1523 1561 1637 1605 atque
1657 1565 1744 1589 ma-

1085 1613 1162 1648 lam
1183 1613 1221 1646 in
1242 1617 1389 1660 partem
1409 1609 1639 1660 accipienda.
1680 1607 1743 1645 Ad

1086 1668 1200 1705 verba
1221 1680 1327 1718 seqq.
1367 1663 1412 1711 ὂς
1433 1663 1614 1704 θανάτου
1632 1664 1739 1703 ’ὕπα-

1087 1720 1218 1776 γαγών
1236 1738 1273 1760 κ.
1294 1738 1326 1760 τ.
1348 1724 1380 1760 λ.
1396 1723 1496 1758 conf.
1516 1720 1651 1759 Matth.
1672 1722 1738 1758 Gr.

1088 1782 1154 1817 Gr.
1180 1781 1216 1824 ξ.
1244 1782 1324 1819 370
1345 1791 1433 1828 pag.
1461 1777 1554 1818 684.
1623 1779 1743 1815 Usum

1086 1836 1371 1888 praepositionis
1391 1831 1471 1873 ’ὑπὸ
1494 1835 1598 1884 attigi
1617 1833 1665 1872 ad
1679 1834 1744 1881 VI,

1089 1895 1156 1932 62.
1192 1893 1250 1928 De
1272 1892 1407 1928 vocula
1429 1887 1527 1930 ὥστε
1548 1898 1634 1928 ante
1654 1903 1744 1942 par-

1087 1949 1259 1999 ticipium
1281 1946 1507 2000 σηπομένου
1527 1948 1628 1986 cons.
1648 1953 1746 1990 nott.

1091 2004 1139 2042 ad
1159 2006 1221 2052 VI,
1238 2003 1305 2045 44.

1146 2059 1409 2113 προκειμένου
1456 2057 1498 2098 δὲ
1537 2055 1660 2098 αὐτοῦ
1703 2059 1747 2100 ἓν

1090 2118 1232 2170 κλίνῃ]
1251 2118 1275 2153 i.
1298 2129 1328 2152 e.
1351 2129 1426 2152 cum
1447 2118 1483 2152 in
1503 2116 1589 2153 lecto
1621 2118 1747 2154 iaceret

1091 2175 1245 2210 omnibus
1295 2173 1517 2221 conspz'cuuS‚
1565 2173 1643 2209 sive
1656 2202 1666 2219 ,
1705 2180 1747 2210 ut

1092 2227 1313 2278 Schweigh.
1336 2229 1622 2279 interpretatur:
1665 2228 1746 2266 dum

1091 2286 1151 2322 ille
1172 2285 1298 2322 lectulo
1319 2287 1499 2335 impositus
1522 2287 1557 2321 in
1574 2284 1746 2322 medioia-

1091 2343 1200 2378 cebat.
1258 2343 1302 2377 In
1341 2354 1447 2392 seqq.
1478 2348 1561 2392 post
1600 2344 1747 2393 Μαρα-

1090 2400 1198 2437 θῶνι
1217 2411 1306 2434 cum
1328 2404 1485 2434 recentt.
1518 2398 1658 2434 inserui
1678 2412 1747 2449 γε-

1089 2453 1285 2504 νομένης,
1336 2453 1440 2504 quod
1474 2454 1574 2490 male
1602 2455 1705 2491 abest
1725 2466 1747 2490 a

1089 2509 1282 2549 Schaefer.
1298 2517 1334 2547 et
1353 2509 1488 2547 Matth.
1510 2509 1748 2559 editionibus,

1089 2566 1269 2619 quodque
1298 2568 1391 2604 item
1420 2566 1588 2604 Bekker.
1609 2568 1748 2604 omisit.

1091 2624 1201 2660 Conf.
1244 2625 1326 2671 Vn,
1358 2627 1393 2663 1.
1424 2624 1546 2660 Verba
1576 2622 1642 2662 καὶ
1670 2620 1746 2674 τήν

1091 2676 1264 2731 Λήμνου
1288 2680 1458 2730 αἵρεσιν,
1490 2692 1586 2731 quae
1615 2692 1635 2715 e
1654 2686 1746 2717 nota

1091 2737 1290 2787 marginali
1305 2735 1450 2773 adiecta
1474 2742 1581 2786 putat
1598 2734 1746 2785 Valck„

1091 2793 1272 2845 equidem
1291 2794 1355 2831 vel
1375 2793 1424 2830 ob
1435 2794 1550 2831 verba
1558 2806 1665 2846 seqq.
1676 2793 1746 2830 eii-
