1897 3340
511 198 984 238 POLYMNIA.
1044 197 1146 234 v11.

1373 205 1456 243 613

190 305 316 358 πόλις
357 309 429 350 καὶ
463 310 662 362 Πίλωρος
703 306 776 350 καὶ
816 305 981 360 Σίγγος
1017 304 1092 348 καὶ
1133 302 1287 360 Σάρτη
1317 308 1457 363 οἴκην-

191 388 282 418 ται·
313 375 534 424 ἐνθεῦτεν,
566 375 622 426 ὠς
649 375 721 417 καὶ
750 373 798 416 ἐκ
818 373 1010 416 τουτέων
1027 375 1116 415 τῶν
1132 373 1301 415 πολίων
1327 386 1450 428 στρα-

190 441 288 497 τιήν
326 445 563 500 παρέλαβε,
602 442 720 486 ἔπλεε
763 438 993 495 ἀπιέμενος
1031 441 1074 490 ἐς
1111 440 1188 482 τὸν
1236 443 1456 494 Θερμαῖον
1511 440 1620 500 ffiesy'
1606 467 1708 494 ben„

161 510 371 553 2κόλπον.
417 510 623 566 κάμπτων
663 509 709 552 δὲ
727 507 970 565 Ἄμπελον,
999 507 1079 565 τήν
1114 509 1370 565 Τορωναίην
1411 507 1450 552 ὀί-
1465 515 1509 550 75

135 704 281 756 Σίγγος
299 704 386 741 urbs
399 734 408 752 ‚
461 703 562 741 unde
582 705 684 742 sinus
706 703 793 742 Sin-

133 763 277 809 gz’ticus,
296 761 447 812 reliquis
469 761 615 812 oppidis
634 760 696 798 hic
706 775 792 798 me-

134 818 285 854 moratis
317 819 542 868 praestitisse
569 818 740 865 videtur,
761 819 793 854 si

133 873 289 924 quidem
336 881 485 924 praeter
523 876 791 912 Ptolemaeum

131 928 378 981 Thucydides
399 944 564 983 quoque,
574 933 619 980 V,
635 934 684 973 18
705 945 791 968 me—

130 993 254 1024 moret
275 989 500 1039 Σιγγαίους.
542 989 642 1034 Quin
662 995 789 1026 vetere

130 1045 169 1079 in
206 1044 450 1094 inscriptione
484 1044 587 1095 apud
614 1043 787 1084 Boeckh.

130 1102 169 1136 in
188 1101 375 1150 Inscriptt.
392 1101 504 1151 Corp.
525 1104 542 1137 I
562 1116 600 1152 p.
616 1100 696 1142 304
718 1114 787 1138 oc-

130 1158 246 1193 currit
267 1156 406 1205 Singus
426 1158 526 1197 urbs.
550 1181 600 1186 —
640 1160 702 1194 Ex
729 1157 787 1195 his

130 1220 259 1250 autem
308 1215 518 1251 civitatibus
556 1216 704 1252 Xerxes
741 1228 785 1252 eo

129 1283 205 1321 quo
225 1283 338 1321 supra
367 1270 533 1308 diximus
553 1270 691 1320 modo,
724 1284 789 1309 co-

127 1328 207 1378 pias
227 1329 412 1364 assumsit.

183 1393 293 1434 ἔπλεε
314 1390 528 1446 ἀπιέμενος
547 1394 589 1443 ἔς
611 1391 678 1434 τὸν
691 1396 785 1447 Θερ-

128 1455 246 1501 μαῖον
263 1448 432 1500 κόλπον]
459 1453 483 1489 i.
502 1466 536 1489 e.
559 1453 685 1489 classis
694 1465 778 1502 pro-

121 1521 204 1558 pero
224 1520 329 1545 cursu
351 1509 463 1546 tendit
481 1522 512 1546 s.
532 1512 645 1546 tenuit
665 1510 782 1545 sinum

129 1564 164 1601 T
162 1564 382 1602 hermaicum.
433 1566 557 1603 Verbo
587 1560 782 1604 ἀπίεσθαι

124 1628 211 1658 sunt
240 1624 305 1674 qui
346 1622 556 1672 properandi
584 1623 782 1659 notionem

125 1678 301 1726 tribuant,
322 1692 412 1715 cum
433 1680 495 1715 alii
505 1679 691 1729 accipiant
695 1691 781 1728 pro-

114 1735 246 1784 fici-sci,
268 1736 378 1772 abire.
427 1736 642 1772 Gronovius
661 1736 782 1771 inter-

127 1797 290 1840 pretatus
311 1798 390 1828 erat
410 1792 494 1828 velis
513 1793 696 1829 immittere
711 1790 781 1827 Ιια-

124 1847 240 1884 henas.
278 1849 323 1883 In
345 1846 574 1899 quibusdam
593 1846 706 1884 codd.
724 1853 782 1883 et-

124 1904 201 1940 iam
231 1910 352 1941 exstat
391 1899 636 1954 οἷπικόμενος
685 1906 782 1953 (pro

125 1955 364 2010 ἀπιέμενος)
382 1991 391 2008 ,
424 1960 528 2012 quod
547 1973 627 1996 nou
649 1959 782 2010 displi-

124 2023 183 2053 cet
219 2018 488 2067 Wesselingio.
559 2017 661 2052 Infra
700 2017 782 2064 VII,

128 2075 205 2114 138
236 2080 291 2110 est
310 2075 462 2113 κατίετο
479 2079 515 2110 et
534 2075 603 2120 IX,
626 2072 713 2113 78'
704 2071 782 2111 ιἐτο

125 2130 168 2176 (i.
197 2143 231 2166 e.
257 2131 355 2180 i'.vzt)
413 2129 476 2166 Ad
510 2136 782 2180 argumentum

125 2186 199 2222 loci
226 2183 320 2223 haec
351 2193 462 2223 tene.
497 2187 621 2223 classis
641 2186 781 2223 fossam

126 2255 193 2292 per
219 2240 350 2278 Athon
373 2249 547 2279 montem
566 2256 685 2294 prope
705 2242 781 2280 Sa-

126 2310 217 2334 nam
237 2297 391 2334 ductam
410 2305 641 2348 transgressa
668 2300 708 2335 in
730 2300 783 2336 si—

126 2367 221 2390 num
232 2354 463 2403 Singiticum
482 2352 646 2402 devenit,
666 2368 781 2406 quem

128 2423 281 2447 emensa
302 2417 337 2447 et
357 2411 663 2460 promontorium
683 2412 783 2446 Am-

128 2467 259 2517 pelum
285 2467 489 2518 sinumque
522 2466 783 2503 Toronaicum

129 2529 407 2573 praetervecta,
448 2521 550 2559 rectit
578 2520 700 2558 tendit
734 2521 783 2558 ad

129 2580 300 2616 Pallenes
333 2578 638 2630 promontorium
659 2578 785 2614 Cana-

129 2644 315 2683 straeum,
335 2634 436 2672 unde
458 2636 497 2670 in
517 2636 643 2671 sinum
656 2632 785 2670 Ther-

133 2693 301 2728 maicum
329 2691 626 2742 septentrionem
656 2703 785 2726 versus

132 2746 349 2796 veladedit,
370 2749 408 2784 in
431 2749 536 2784 cuius
562 2747 696 2783 intimo
724 2759 786 2782 re·-

133 2816 237 2840 cessu
266 2816 383 2854 prope
406 2803 619 2841 Thermam
640 2802 788 2840 exerci-

850 711 908 743 tus
936 705 1118 756 pedestris
1167 713 1400 757 exspectaret
1440 707 1509 745 ad-

848 769 1020 800 ventum.

903 901 1097 937 καμπτων
1139 885 1181 926 δὲ
1203 884 1407 939 ’Ἄμπελον
1430 886 1506 938 τήν

853 944 1086 995 Τορωναίην
1148 941 1277 997 ἄκρην
1298 946 1314 992 ]
1392 945 1418 982 i.
1471 959 1504 982 e.

842 1003 1162 1050 praeternavigans
1181 1030 1191 1048 ,
1264 1004 1506 1051 praetervecta

847 1053 1006 1107 (classis)
1028 1057 1218 1107 Ampelum.
1266 1058 1349 1103 Quo
1371 1057 1508 1094 eodem

844 1125 957 1150 sensu
968 1109 1160 1164 κάμπτειν
1180 1112 1245 1161 IV,
1262 1113 1331 1155 42.
1347 1113 1506 1161 43.VII,

847 1171 937 1209 193.
975 1171 1019 1206 Iu
1040 1170 1179 1221 Ampelz‘
1198 1172 1507 1221 promontorium

847 1227 951 1262 exire
982 1226 1120 1264 dicitur
1147 1228 1347 1278 peninsula
1382 1227 1506 1265 Sitho-

844 1284 907 1319 m’a
937 1297 987 1320 ex
1027 1283 1185 1335 Olynthi
1215 1282 1357 1321 isthmo
1387 1285 1507 1320 meri-

845 1337 946 1375 diem
995 1353 1123 1378 versus
1162 1354 1281 1392 prope
1320 1341 1505 1378 Toronen

841 1405 1088 1446 procurrens,
1127 1398 1213 1434 sinu
1249 1398 1436 1447 Singitico
1467 1405 1505 1435 et

841 1453 1047 1490 Toronaeo
1080 1454 1259 1505 utrinque
1289 1454 1434 1491 inclusa
1466 1462 1503 1491 et

839 1507 887 1545 ad
908 1508 1163 1558 Chalcidicen,
1186 1517 1228 1547 ut
1239 1509 1399 1559 videtur,
1413 1523 1502 1561 per-

838 1566 976 1603 tinens.
1034 1567 1135 1603 Mela
1164 1568 1212 1615 II,
1246 1569 1270 1606 3
1297 1568 1333 1611 §.
1358 1570 1377 1606 1
1401 1568 1502 1603 Am—

838 1623 914 1672 peli
943 1623 1029 1659 loco
1058 1636 1197 1660 vocare
1228 1621 1379 1660 videtur
1406 1623 1500 1660 Der-

838 1681 926 1727 rim,
960 1692 1058 1731 quae
1079 1687 1209 1716 tamen
1229 1692 1278 1715 ne
1300 1692 1389 1715 cum
1402 1681 1501 1716 Am-

838 1737 925 1786 pelo
965 1735 1222 1772 confundatur
1238 1765 1247 1783 ,
1286 1737 1499 1772 Ptolemaei

838 1793 961 1828 obstat
981 1793 1182 1829 auctoritas
1196 1821 1206 1839 ,
1234 1793 1300 1843 qui
1320 1792 1500 1842 Ampelum

839 1855 926 1885 ante
955 1848 1094 1885 Derrz'm
1116 1856 1152 1885 et
1175 1848 1335 1885 Toronen
1355 1849 1407 1885 sic
1427 1861 1502 1899 po-

838 1906 906 1949 nit,
928 1911 970 1940 ut
1000 1905 1230 1955 Singiticum
1257 1903 1428 1941 includat
1448 1905 1502 1942 si—

838 1974 946 1997 num.
1007 1961 1143 1998 Strabo
1165 1961 1234 1998 Vn
1262 1973 1352 2011 pag.
1374 1963 1455 2002 330
1471 1975 1500 1998 S.

842 2017 923 2058 510
955 2016 1096 2055 Derrim
1128 2029 1347 2054 memorans
1387 2018 1501 2067 igno-

839 2080 897 2109 rat
915 2074 1107 2124 Ampelum.
1138 2075 1204 2111 Tu
1223 2072 1301 2112 vid.
1323 2071 1501 2110 Tzschu-

839 2128 912 2166 cke
932 2129 980 2167 ad
994 2131 1118 2167 Melae
1142 2131 1167 2167 l.
1187 2130 1214 2166 l.
1245 2137 1343 2167 nott.
1364 2143 1501 2180 exegg.

836 2199 925 2237 pag.
951 2189 1043 2234 160,
1074 2187 1140 2238 qui
1170 2199 1192 2223 a
1230 2187 1501 2224 recentioribus

837 2255 882 2279 eo
912 2243 997 2280 loco
1025 2256 1129 2279 nunc
1164 2243 1256 2293 poni
1282 2244 1333 2280 ait
1363 2243 1501 2280 Castel-

836 2299 977 2349 Rampo
992 2328 1002 2346 ,
1044 2297 1149 2351 quod
1169 2306 1296 2336 tamen
1316 2300 1407 2337 alios
1428 2312 1499 2336 au-

837 2362 959 2392 ctores
990 2357 1021 2393 si
1055 2368 1283 2408 sequamur,
1303 2357 1343 2392 in
1362 2357 1497 2393 veteris

837 2413 1019 2449 Toronae
1056 2413 1187 2449 locum
1235 2413 1385 2449 cessisse
1422 2426 1497 2463 pu-

836 2467 998 2504 tandum
1020 2476 1086 2507 est.
1123 2470 1323 2506 Mannerto
1345 2476 1499 2506 auctore

838 2524 908 2559 VII
936 2537 1024 2573 pag.
1046 2523 1126 2565 454
1146 2538 1251 2562 nunc
1286 2525 1497 2576 appellatur

847 2579 946 2628 Cape
965 2579 1087 2618 Falso.
1121 2580 1253 2618 Torone
1280 2582 1369 2617 urbs
1400 2581 1497 2616 inter

843 2636 952 2672 urbes
981 2634 1029 2672 ad
1053 2648 1160 2673 oram
1188 2637 1409 2688 peninsulae
1429 2648 1497 2671 oc—

841 2689 1070 2728 cidentalem
1096 2693 1184 2730 sitas
1212 2693 1382 2729 maxime
1403 2691 1497 2727 emi-

841 2748 923 2784 nuit
950 2760 1170 2800 nomenque
1191 2748 1294 2785 dedit
1314 2747 1411 2784 sinui
1426 2745 1497 2782 ad-

840 2803 989 2854 iacenti,
1010 2805 1116 2843 cuius
1135 2805 1174 2842 in
1194 2805 1294 2842 bello
1304 2803 1497 2854 Pelopon-

1518 317 1598 357 559

1508 368 1756 433 promontorium.

1539 409 1546 425 ‹
1548 409 1629 427 irone
1661 403 1717 428 Gal

1550 441 1593 459 us.
1614 436 1716 469 Sei-my
1723 437 1749 462 le

1515 475 1672 539 Olynthus.
1684 502 1782 530 Sitha>

1489 529 1563 560 Quia
1581 534 1675 569 regio.
