1897 3340
403 304 486 343 180

802 302 1262 339 HERODOT!

406 409 475 460 „39
504 409 717 465 κυψέλην·
764 407 1022 466 ἐπισταμένη
1064 406 1122 460 ὥς
1164 410 1200 452 εἰ
1238 408 1586 463 ὑποστρέψαντες
1621 408 1721 460 ἐς4ο

347 598 444 642 putt.
467 589 608 628 Herod.
629 602 717 641 pag.
739 591 806 630 38.
840 591 884 626 In
896 603 1003 642 seqq.

345 646 394 684 ad
422 648 538 684 verba
569 646 608 692 ἐς
638 644 682 685 τό
704 642 1004 697 ἀφραστότατον

345 704 577 752 subintelIIg.
618 702 777 752 χωρίον.
855 704 1005 739 Locum

345 760 449 796 enin'l
486 758 654 795 indicare
694 758 797 806 vult,
843 757 892 796 de
927 772 1004 811 quo

344 816 500 865 cogitari
545 826 695 864 prorsus
736 827 815 851 non
845 822 1006 866 poterat,

344 873 409 923 qui
447 871 607 906 minime
645 871 895 908 animadverti
934 885 1002 909 co-

340 928 549 978 gnoscique
571 933 740 977 poterat,
781 924 1001 978 ἄφραστον·

343 980 603 1035 ἀπρονόητον,
624 978 722 1022 ὥστε
741 983 892 1034 μηδένα
904 987 1003 1035 νοῆ-

342 1051 430 1086 σαι,
459 1040 512 1076 ait
531 1038 740 1105 Hesyflhius
760 1042 778 1076 I
795 1053 884 1091 pag.
906 1041 1002 1081 649.

342 1096 491 1132 Monuit
511 1093 823 1146 Schweighaeus.
843 1098 883 1133 in
905 1098 1002 1134 Lex.

343 1150 486 1188 Herod.
722 1191 731 1206 s

398 1207 438 1254 ἐς
458 1206 670 1259 κυψέλην]
703 1207 838 1256 „cista
865 1208 1002 1245 CorIn—

342 1261 428 1301 thiis
444 1263 543 1301 dicta
558 1263 727 1314 κυψὲλη,
758 1266 797 1301 In
819 1278 895 1316 qua
916 1278 1003 1301 ma-

343 1327 400 1357 ter
418 1320 607 1358 infantem
615 1322 881 1369 occultaverat,
896 1328 1002 1372 post-

342 1389 387 1414 ea
426 1377 540 1414 fuisse
578 1376 739 1414 traditur
775 1379 817 1414 in
845 1379 1002 1415 Iunonis

340 1434 484 1484 templo
499 1434 699 1484 Olympiae
721 1433 912 1471 dedicata:
934 1433 1002 1471 sed

339 1491 463 1539 potius
498 1489 743 1538 crediderim,
780 1498 823 1527 ut
841 1492 896 1527 rei
915 1504 1002 1527 me-

339 1547 504 1582 moriam
524 1546 768 1593 custodireut,
783 1546 1001 1598 Cypselidas

340 1614 420 1638 non
441 1601 491 1639 ad
511 1603 707 1653 exemplar
727 1605 862 1640 veteris
895 1603 1000 1639 istius

340 1658 493 1706 factam,
517 1671 637 1695 arcam
657 1658 1001 1696 artificiosissimam

340 1714 445 1750 illam
466 1713 669 1762 dedicasse,
696 1716 736 1751 in
757 1716 862 1752 cuius
883 1717 999 1767 quin-

341 1783 416 1822 que
435 1771 613 1807 lateribus
633 1771 852 1809 enarrandis
883 1784 999 1808 accu-

340 1834 421 1864 rata
441 1828 652 1864 Pausaniae
671 1835 840 1865 versatur
868 1827 998 1864 erudi-

340 1883 392 1919 tio
424 1884 468 1931 V,
507 1885 734 1924 17—19.“
781 1884 995 1924 Valcken.

340 1940 397 1975 De
418 1938 489 1976 hac
505 1940 655 1991 Cypseli
676 1941 766 1977 cista
787 1941 852 1992 qui
871 1948 998 1977 nostra

340 2002 462 2032 aetate
492 2003 671 2046 egerunt,
717 1996 846 2034 laudat
876 1997 918 2034 C.
952 1998 997 2034 Ο.

339 2052 488 2088 Miiller.
511 2052 662 2089 Handb.
685 2051 722 2089 d.
744 2051 997 2103 Archaeolog.

340 2108 378 2152 §-
396 2108 448 2148 57
468 2121 556 2158 pag·
587 2111 654 2148 36.
699 2110 776 2146 Nos
805 2108 866 2146 hic
885 2123 999 2146 men-

339 2170 420 2200 tem
449 2164 497 2199 ad
529 2176 570 2200 ea
605 2163 867 2213 advertamus,
900 2179 998 2217 quae

341 2220 411 2256 sub
432 2218 535 2256 hisce
559 2220 775 2257 fabularum
795 2222 998 2259 involucris

342 2276 458 2311 latere
489 2275 712 2324 videantur,
746 2276 843 2314 duce
865 2277 999 2315 Creu-

341 2344 447 2368 zero
468 2331 639 2380 (Comm.
661 2332 858 2370 Herodott.
880 2347 919 2384 p.
945 2336 997 2373 62

340 2387 481 2439 seqq.),
499 2389 563 2440 qui
583 2390 621 2424 in
638 2387 707 2425 hac
728 2388 925 2440 deCypseli
937 2403 1000 2425 re-

341 2443 410 2480 bus
448 2446 662 2481 narratione
702 2445 858 2481 feralem
893 2447 998 2482 illam

343 2499 496 2537 Osiridis
525 2514 650 2538 arcam
680 2514 833 2554 quoque
865 2503 999 2553 respici

343 2557 423 2592 vult
453 2564 489 2593 et
514 2559 551 2593 in
583 2560 712 2595 matris
743 2559 892 2609 Cypseli
925 2571 998 2596 no-

343 2613 446 2648 mine
468 2609 664 2664 (Λάβδας
710 2614 786 2651 vid.
825 2621 922 2652 nott.
949 2614 998 2651 ad

343 2669 388 2714 V,
409 2671 463 2709 92
484 2670 521 2714 ξ.
543 2670 588 2718 2)
610 2683 652 2706 ea
668 2700 676 2716 ,
707 2683 804 2722 quae
826 2669 874 2706 de
894 2671 999 2707 clau-

342 2723 398 2762 dis
427 2723 495 2761 diis
532 2726 711 2777 Aegyptii
751 2726 997 2765 tradiderunt.

343 2781 416 2827 Qui
436 2779 538 2817 idem
560 2780 646 2818 dein
667 2784 718 2820 sic
734 2785 876 2834 pergit:
899 2784 998 2830 „At-

342 2850 417 2889 que
437 2837 468 2874 si
488 2839 725 2886 memineris,
756 2840 817 2876 illa
839 2841 916 2890 ipsa
937 2841 999 2875 lu-

340 2893 474 2944 gubria
514 2892 661 2933 diverso
703 2895 819 2934 modo
864 2895 997 2933 tradita

1059 603 1139 627 esse
1170 591 1272 642 apud
1292 592 1500 643 Aegyptios
1531 590 1720 643 fuisseque

1058 646 1224 695 famam,
1264 661 1363 699 quae
1409 647 1458 684 ad
1493 647 1615 684 filium
1641 647 1719 686 Ηυ-

1060 714 1137 739 rum
1156 704 1384 752 transferret,
1405 717 1502 757 quae
1514 705 1627 754 vulgo
1647 716 1719 754 pa-

1060 764 1118 795 ter
1141 759 1258 796 Osiris
1278 762 1417 797 atrocia
1442 773 1637 811 perpessus
1659 759 1719 797 di-

1062 814 1160 851 citur
1183 815 1394 864 (Plutarch.
1418 817 1515 868 Opp.
1534 818 1569 853 11
1584 830 1622 867 p.
1636 816 1719 858 358

1057 871 1105 907 E.
1127 884 1164 921 p.
1185 871 1266 912 470
1289 873 1539 923 Wyttenb.);
1571 872 1719 909 desines

1057 927 1209 974 mirari,
1238 928 1280 963 in
1310 929 1545 965 Graecorum
1564 929 1718 965 relatio-

1056 984 1168 1019 nibus
1195 985 1402 1033 puerulum
1426 986 1467 1021 in
1486 986 1568 1036 ipso
1586 984 1721 1022 mortis

1058 1038 1275 1076 discrimine
1289 1042 1454 1091 potuisse
1474 1047 1511 1077 et
1529 1042 1570 1077 in
1590 1052 1719 1078 arcam

1058 1095 1201 1133 includi
1222 1104 1259 1133 et
1279 1098 1326 1133 ab
1347 1110 1433 1134 arca
1442 1110 1586 1134 nomen
1606 1098 1717 1135 iuve-

1057 1153 1154 1190 nire.
1194 1153 1410 1190 Herodotus
1431 1149 1513 1193 οἷπό
1544 1155 1614 1204 τῆς
1631 1155 1716 1192 Κυ-

1057 1207 1187 1259 ψέλης
1209 1208 1442 1261 ἐπωνυμίην
1468 1205 1586 1259 Κύψ
1602 1224 1618 1248 ε
1629 1212 1650 1247 λ
1663 1224 1683 1248 ο
1697 1224 1718 1256 ς

1059 1261 1215 1315 οὔνομα
1237 1265 1368 1317 ἐτέθη.
1408 1267 1611 1303 Pausanias
1631 1266 1716 1303 loco

1057 1322 1213 1371 gemino
1234 1323 1279 1368 V,
1294 1325 1343 1362 16
1366 1319 1435 1370 τοὶς
1457 1320 1500 1361 δὲ
1517 1318 1717 1374 λάρνακας

1059 1376 1101 1416 οἵ
1115 1374 1201 1417 τότε
1223 1373 1394 1417 ἐκάλουν
1415 1378 1633 1430 Κορίνθιοι
1643 1392 1717 1416 κυ-

1058 1431 1199 1482 ψέλας.
1240 1433 1352 1480 Quod
1380 1447 1470 1472 vero
1492 1432 1595 1485 apud
1618 1446 1717 1471 eun-

1058 1488 1147 1526 dem
1167 1503 1205 1541 p.
1235 1490 1317 1531 419
1348 1497 1385 1527 et
1412 1489 1493 1531 424
1512 1490 1607 1528 haec
1636 1491 1717 1542 ipsa

1057 1547 1160 1592 cista,
1181 1548 1220 1582 in
1242 1546 1317 1598 quii
1338 1547 1503 1584 inclusus
1534 1548 1717 1599 Cypselus

1055 1602 1264 1650 serebatur,
1290 1604 1445 1639 Iunonis
1467 1605 1506 1639 iu
1527 1605 1716 1653 templum

1056 1658 1257 1709 Olympiae
1311 1658 1484 1696 dedicata
1537 1660 1715 1710 ambigue

1054 1713 1232 1762 traditur,
1263 1722 1363 1751 recte
1393 1717 1471 1751 iam
1492 1717 1531 1752 iu
1554 1715 1715 1752 dubium

1052 1778 1254 1808 vocaverat
1291 1770 1476 1809 Valcken.
1513 1771 1561 1808 ad
1589 1774 1714 1809 Hero-

1054 1825 1133 1864 dot.
1154 1828 1348 1878 l.l.nuper
1369 1835 1496 1865 autem
1515 1827 1714 1865 VVelcker.

1052 1883 1093 1919 in
1131 1884 1239 1931 libro,
1279 1885 1345 1935 qui
1373 1885 1587 1921 inscribitur
1607 1885 1714 1922 Zeit-

1053 1937 1185 1977 scln·il't
1205 1941 1268 1976 fiir
1278 1939 1417 1984 Gesch.
1439 1954 1478 1978 u.
1490 1942 1715 1992 Auslegung

1055 1994 1093 2032 d.
1134 1997 1197 2033 alt.
1227 1999 1362 2034 Kunst.
1400 1998 1436 2033 ΙΙ
1463 2011 1502 2048 p.
1533 2000 1615 2038 272
1634 2004 1714 2034 tam

1054 2065 1192 2103 anceps
1229 2053 1431 2101 iudicavit,
1470 2061 1512 2090 ut
1552 2052 1600 2090 de
1630 2055 1712 2105 ipso

1053 2121 1208 2160 quoque
1241 2110 1392 2161 Cypseli
1419 2110 1483 2147 illo
1515 2111 1614 2147 vitae
1635 2110 1712 2147 dis-

1054 2166 1212 2201 crimine
1231 2167 1301 2202 sibi
1336 2166 1589 2203 dubitandum
1609 2167 1712 2204 arbi-

1052 2227 1226 2258 traretur.
1285 2222 1498 2259 Prudenter
1528 2224 1591 2259 ille
1624 2224 1712 2276 qui-

1054 2276 1156 2314 dem.
1214 2279 1261 2314 Et
1284 2279 1369 2315 licet
1390 2292 1468 2316 non
1489 2281 1518 2316 is
1539 2281 1622 2328 sim,
1644 2281 1710 2332 qui

1055 2333 1259 2384 Cypselum
1286 2336 1411 2385 ipsum
1441 2348 1461 2371 e
1477 2348 1612 2386 regum
1634 2336 1712 2373 Co·-

1053 2389 1280 2427 rintliiorum
1290 2393 1384 2428 serie
1396 2392 1527 2428 tollere
1536 2393 1711 2442 gestiam:

1054 2445 1157 2482 idem
1188 2454 1317 2483 tamen
1347 2449 1592 2498 pronuntiare
1630 2461 1710 2485 non

1052 2515 1186 2539 vereor
1207 2532 1216 2550 ,
1274 2504 1387 2554 ipsius
1427 2503 1621 2541 historiam
1661 2518 1710 2543 ex

1047 2558 1217 2599 Herculis
1237 2558 1439 2611 Bacchique
1459 2562 1536 2598 sive
1553 2561 1710 2599 Osiridis

1052 2615 1186 2652 fabulis
1215 2617 1383 2653 colorem
1410 2616 1575 2655 duxisse.
1648 2617 1711 2655 Ad

1054 2673 1259 2708 Herculem
1281 2674 1383 2710 enim
1407 2671 1500 2710 haec
1522 2675 1601 2725 ipsa
1621 2688 1711 2725 per-

1052 2728 1185 2775 tinere,
1208 2742 1251 2765 ea
1272 2728 1410 2767 docent
1431 2743 1529 2781 quae
1559 2729 1607 2767 de
1627 2732 1711 2768 Te-

1052 2784 1164 2835 lepho
1187 2784 1364 2823 diximus.
1422 2786 1618 2824 Bacchum
1639 2800 1711 2824 au-

1054 2847 1133 2876 tem
1161 2841 1520 2880 Eleutlierolacones
1539 2844 1710 2881 ferebant

1055 2897 1131 2934 unsi
1151 2911 1240 2935 cum
1261 2906 1381 2936 matre
1403 2899 1557 2937 Semela
1586 2901 1625 2937 iu
1646 2913 1708 2937 ar-
