1897 3340
648 172 952 209 ERATO.
1014 172 1084 207 VI.

1418 178 1501 217 327

213 290 338 325 Ξκον.
377 284 450 325 καί
460 297 546 332 κως
567 280 681 335 ἔφθη
713 280 756 330 ἐς
769 277 1002 322 Ζάκυνθον
1031 277 1502 336 διαβάςὸΔημάρητος

239 350 285 392 ἐκ
314 353 389 404 τῆς
408 349 603 397 ἽΙλιδος·
654 345 955 401 ἐπιδιαβάντες
985 347 1030 390 δὲ
1070 348 1116 389 οῖ
1146 348 1557 401 Λακεδαιμόνιοιμκ)

238 415 378 460 αὐτοῦ
427 431 471 458 τε
516 413 703 457 ἅπτοντο
717 446 724 462 ,

781 414 853 456 καὶ
897 414 1000 464 τούς
1045 413 1321 466 θεράποντας
1362 414 1499 458 αὐτόν

207 482 512 537 3οἷπαιρὲοντο.
561 480 666 537 μετά
707 481 775 534 δὲ,
822 480 877 524 οὐ
905 483 989 538 γὰρ
1022 483 1270 534 ἐξεδίδοσαν
1293 481 1428 525 αὐτόν
1458 485 1501 525 οἱ

236 550 499 601 Ζακύνθιοι,
542 549 746 593 ἐνθεῦτεν
776 552 992 606 διαβαίνει
1023 550 1066 600 ἐς
1094 549 1175 606 τήν
1202 549 1349 606 Ἀσίην
1378 552 1498 604 παρὰ

233 617 410 672 βασιλέα
441 621 645 671 Δαρεῖον.
690 616 714 661 ὁ
746 618 791 661 δὲ
811 615 1045 669 ὑπεδέξατό
1074 633 1119 660 τε
1141 616 1281 660 αὐτόν
1310 623 1553 673 peralto-95

201 684 321 737 4στὶ,
360 684 432 727 καὶ
463 688 546 739 γῆν
586 702 628 728 τε
673 687 747 728 καὶ
784 685 907 735 πόλις
948 685 1090 728 ἔδωκε.

1157 684 1281 729 Οὕτω
1322 685 1496 728 ἀπίκετο

227 752 272 802 ἐς
301 751 381 808 τήν
405 750 554 807 Ἀσίην
584 752 869 810 Δημάρητος,
908 753 981 796 καὶ
1010 749 1190 808 τοιαύτῃ
1228 752 1498 809 χρησάμενος

226 818 356 877 τύχῃ·
395 819 502 863 ἄλλα
542 837 587 864 τε
626 822 1011 877 Λακεδαιμονίοισι
1055 819 1192 876 συχνὰ
1239 820 1404 875 ἔργοισί
1449 837 1492 864 τε

227 888 300 931 καὶ
328 888 526 944 γνώμῃσι
556 888 963 945 άπολαμπρυνθεὶς,
1004 886 1051 929 ἐν
1081 885 1127 929 δὲ
1159 886 1212 941 δὴ
1240 889 1312 931 καὶ
1337 887 1492 944 Ὀλυμ-

225 954 478 1011 πιάδασφι
509 955 772 1013 ἀνελόμενος
801 960 1026 1012 τεθρίππῳ
1057 954 1298 1009 προσέβαλε
1327 961 1491 1010 μοῦνος

224 1027 354 1066 τοῦτο
385 1023 559 1067 πάντων
579 1025 633 1081 δὴ
652 1030 741 1069 τῶν
762 1026 1010 1081 γενομένων
1028 1022 1245 1078 βασιλέων
1272 1025 1318 1068 ἐν
1340 1023 1491 1080 Σπάρ-

223 1106 274 1147 τῃ
303 1089 501 1146 ποιήσας.

221 1225 517 1279 παυσθέντος,
549 1225 764 1278 διεδέξατο
793 1227 874 1284 τήν
908 1229 1151 1284 βασιληίην.
1198 1229 1271 1271 καί
1301 1230 1344 1271 οἱ
1373 1231 1483 1283 γίνε-
1545 1266 1557 1283 r

221 1308 291 1334 ται
319 1290 423 1344 πάϊς
454 1296 740 1351 Ζευξίδημος,
779 1295 857 1338 τὸν
887 1297 938 1352 δὴ
973 1296 1200 1339 Κυνίσκον
1229 1297 1488 1351 μετεξέτεροι

194 1362 539 1418 ΞΣπαρτιητέων
568 1361 757 1406 ἐκάλεον.
790 1358 921 1413 οὗτος
952 1362 976 1406 ό
994 1363 1260 1419 Ζευξίδημος
1290 1362 1372 1408 οὐκ
1394 1364 1486 1420 ἐβα-

219 1429 360 1471 σίλευε
391 1429 617 1485 Σπάρτης·
647 1430 733 1483 πρὸ
764 1432 1034 1485 Λευτυχίδεω
1063 1431 1148 1488 γὰρ
1179 1435 1375 1489 τελευτᾷ,
1416 1438 1481 1475 λι-
1539 1442 1615 1484 471

189 1496 316 1538 3πών
353 1498 488 1540 παῖδα
526 1495 793 1554 Ἀρχίδημον.
853 1500 1119 1555 Λευτυχίδης
1164 1498 1210 1542 δὲ
1252 1499 1510 1555 στερηθεὶςδ

158 1639 280 1684 αὕτδν
303 1641 814 1697 άπαιρέονται.-βασιλεά

154 1703 194 1737 in
223 1715 328 1754 seqq.
350 1702 438 1740 dedi
458 1715 527 1754 pro
549 1703 732 1753 βασιλῆα.
757 1725 813 1731 —

154 1756 217 1795 Ad
229 1754 586 1811 α’πολαμπρυνθεὶς
615 1760 664 1797 cf.
683 1761 720 1802 Ι,
744 1758 811 1800 41.

213 1814 255 1854 ἐν
297 1813 339 1854 δὲ
380 1814 430 1866 δη“
459 1815 528 1855 καὶ
561 1811 813 1866 Ὀλυμπιάδα

156 1883 230 1920 σφι
249 1867 515 1924 α’νελόμενος]
549 1873 648 1909 Olim
665 1868 813 1924 Ὀλύμ-

154 1942 228 1966 πια
255 1935 298 1966 ut
325 1930 386 1977 VI,
416 1932 492 1977 56,
524 1929 680 1981 aliisque
708 1930 814 1968 locis.

153 1985 205 2021 At
223 1985 309 2022 libri
334 1986 461 2036 scripti
493 1984 567 2023 hoc
601 1987 686 2023 loco
717 1999 814 2024 con-

152 2042 293 2092 spirant
321 2043 400 2079 fere
428 2043 468 2078 in
496 2037 742 2093 Ὀλυμπιάδα
775 2051 812 2082 et

151 2099 275 2149 ipsum
295 2100 482 2150 scriptoris
497 2113 567 2136 usu
581 2100 810 2151 comproba-

150 2160 234 2191 tum
253 2156 316 2204 VI,
340 2158 432 2196 103.
456 2156 549 2196 125.
571 2158 640 2203 IX,
654 2160 707 2198 32
720 2158 807 2194 coll.

149 2211 296 2250 AeIIan.
325 2213 372 2250 N.
408 2213 457 2250 A.
488 2214 576 2261 XII,
605 2213 672 2254 40.
732 2215 807 2251 Ubi

148 2268 265 2318 νίκην
302 2270 469 2320 suppleri
506 2271 660 2317 voluut3
703 2272 804 2308 conf.

148 2324 283 2361 Lamb.
303 2327 392 2364 Bos.
413 2327 471 2362 De
499 2327 647 2377 Euipss.
669 2328 714 2365 L.
738 2329 804 2366 Gr.

149 2393 236 2430 pag.
259 2383 353 2422 320.
409 2383 467 2418 De
487 2384 602 2420 verbo
633 2379 804 2432 άναιρεῖ-

150 2440 247 2475 σθαι
278 2438 382 2474 conf.
410 2439 455 2484 V,
488 2441 566 2480 102
594 2440 686 2491 ibiq.
707 2447 802 2480 nott.

149 2493 211 2540 VI,
236 2495 326 2534 122.
375 2494 474 2530 Hinc
495 2493 662 2545 Pythicis
681 2497 721 2532 in
740 2497 804 2533 lu-

151 2546 205 2585 dis
224 2551 384 2586 victores
404 2549 625 2587 dicebantur
644 2548 716 2601 τῆν
732 2548 800 2592 δά-

150 2618 257 2653 φνην
289 2601 500 2645 άνελέσθαι
516 2634 527 2652 ,
558 2607 598 2642 in
626 2607 801 2658 Olympi-

149 2659 200 2695 cis
222 2656 434 2701 ἀνελέσθαι
452 2659 519 2701 τὸν
538 2658 706 2711 κότινον,
728 2677 801 2701 uo-

149 2721 251 2752 taute
291 2717 561 2766 Valckenaerio‚
610 2721 677 2770 qui
705 2718 800 2757 haee

148 2770 306 2811 adiecit:
352 2774 540 2821 „Quando
566 2775 657 2812 solus
687 2775 734 2814 ad
760 2776 799 2814 id

871 1660 992 1699 usque
1012 1654 1164 1698 tempus
1186 1646 1452 1698 Spartanorum
1479 1662 1536 1685 re-

869 1717 955 1753 gum
966 1704 1182 1742 Demaratus
1202 1704 1394 1754 quadrigis
1412 1705 1535 1754 Olym—

865 1763 1010 1812 piacam
1037 1760 1175 1798 dicitur
1201 1764 1396 1812 reportasse
1421 1764 1534 1798 victo-

868 1819 981 1866 riam,
1016 1819 1161 1868 priores
1188 1816 1345 1854 fortasse
1382 1817 1430 1854 de
1458 1816 1532 1854 hoc

869 1874 1084 1911 certaminis
1103 1885 1245 1924 genere
1270 1872 1375 1910 idem
1402 1886 1533 1911 sense-

871 1938 984 1979 runt,
1025 1929 1131 1982 quod
1156 1936 1286 1981 postea
1315 1930 1529 1980 Agesilaus.

870 1987 956 2024 vid.
985 1984 1180 2024 Plutarch.
1211 1987 1230 2022 1
1255 1999 1294 2037 p.
1324 1989 1407 2027 606
1428 1988 1473 2024 E.
1495 1989 1531 2023 Π

868 2058 905 2095 p.
928 2046 1010 2084 212
1029 2045 1104 2082 B.“
1149 2043 1321 2080 Pertinet
1340 2057 1431 2080 vero
1452 2057 1529 2081 vox

865 2095 1120 2151 Ὀλυμπιάδα
1153 2112 1276 2152 aeque
1304 2098 1353 2136 ad
1382 2100 1528 2151 προσέ-

865 2158 960 2208 βαλε
973 2164 1087 2209 atque
1101 2155 1149 2195 ad
1168 2152 1420 2208 ἀνελόμενον,
1450 2155 1524 2194 hoc

862 2213 941 2251 fere
953 2225 1088 2251 sensu:
1119 2213 1272 2262 „attulit
1288 2214 1370 2250 urbi
1383 2216 1525 2263 patriae

866 2270 1088 2322 Olympicum
1113 2272 1299 2308 victoriam
1314 2299 1324 2316 ,
1356 2283 1460 2320 quam
1471 2283 1525 2307 re·-

855 2329 1104 2378 portaverat.“
1134 2347 1191 2354 ——
1235 2325 1430 2378 βασιλέων
1452 2341 1522 2364 ex-

861 2383 970 2421 hibui
990 2397 1059 2437 pro
1081 2378 1301 2436 βασιλήων.

1062 2485 1154 2537 Cap.
1176 2486 1320 2522 LXXI.

914 2552 1285 2602 καταπαυσθέντος]
1308 2554 1415 2590 Unus
1426 2553 1520 2588 liber

857 2611 1070 2648 Parisinus:
1099 2608 1449 2655 καταπαυθὲντοςτ
1472 2607 1519 2644 (le

858 2679 935 2717 quo
965 2665 1042 2704 vid.
1076 2665 1123 2705 ad
1153 2668 1184 2714 1,
1218 2669 1310 2707 130.
1333 2686 1388 2695 -
1418 2664 1518 2699 Infra

857 2734 989 2759 omues
1011 2721 1124 2760 codd.
1153 2718 1375 2771 Λαμπιτώ,
1405 2720 1518 2769 plane

857 2785 898 2815 ut
932 2777 1033 2829 apud
1054 2777 1247 2828 Aristoph.
1268 2777 1422 2828 Lysistr.
1445 2778 1514 2814 77.

1548 1157 1630 1189 Quos
1657 1157 1710 1184 Len

1582 1199 1594 1212 4,
1646 1200 1652 1205 .

307 1161 569 1216 Λευτυχίδης
608 1159 654 1202 δὲ
690 1158 715 1202 ὁ
760 1159 1013 1214 Μενάρεος,
1050 1160 1322 1216 Δημαρήτου
1352 1168 1507 1203 κατα-1
1541 1199 1578 1217 (e
1638 1200 1689 1217 ‚ex

1714 1158 1819 1192 stychi-

1583 1212 1592 1216 ,
1608 1211 1616 1223 ,
1724 1196 1780 1218 acte
1794 1212 1819 1225 .,

1544 1224 1655 1263 ἥβᾳ-τοῦ
1681 1233 1820 1260 suscepe—

1562 1266 1569 1284 1
1590 1278 1595 1284 .
