1897 3340
395 252 477 292 16⁰

790 252 1251 289 HE'RODOTI

365 363 619 415 ΞΑθηναῖοι
650 359 718 407 δὲ,
759 362 842 401 τοῦ
871 360 1126 414 δαιμονίου·
1166 360 1468 415 περιγενέσθαι
1507 359 1657 415 μέντοι

397 425 501 470 οὐδὲ
530 430 688 469 τοῦτον
716 425 795 470 τὸν
824 425 921 478 ἕνα,
958 425 1056 471 ἀλλ’
1088 427 1326 472 ἀπολέσθαι
1355 428 1503 484 τρόπῳ
1532 432 1711 484 τοιῷ-Ἱο

367 496 464 537 Βδε.
516 493 740 549 κομισθεὶς
779 491 864 548 γὰρ
910 494 955 544 ἐς
993 494 1068 547 τὰς
1095 493 1302 552 Ἀθήνας,
1351 494 1578 552 ἀπήγγειλε
1606 495 1655 539 τὸ

393 560 558 611 πάθος·
589 559 844 615 πυθομένας
873 560 919 604 δὲ
947 561 1023 613 τὰς
1059 569 1270 618 γυναῖκας
1298 568 1386 607 τῶν
1425 560 1494 606 ἐπ’
1525 564 1656 619 Αἴγι-

395 644 480 671 ναν
516 627 901 683 στρατευσαμένων
941 626 1138 684 ἀνδρῶν,
1178 631 1326 676 δεινόν
1354 648 1395 674 τι
1425 629 1657 686 ποιησαμέ-

395 712 475 746 νας
504 700 653 738 κεῖνον
680 699 851 751 μοῦνον
880 695 923 748 ἐξ
951 695 1158 741 ἁπάντων
1187 703 1398 756 σωθῆναι,
1428 699 1550 754 πέριξ
1577 697 1656 742 τὸν
1667 702 1711 738 75

399 762 643 814 ἄνθρωπον
680 767 840 806 τοῦτον
878 765 1124 819 λαβούσας,
1171 768 1244 810 καὶ
1282 765 1515 816 κεντεύσας
1556 768 1655 822 τῇσι

394 829 603 887 περόνῃσι
648 835 737 873 τῶν
776 832 977 886 ἱματίων,
1032 834 1216 887 εἰρωτᾶν
1256 834 1441 890 ἑκάστην
1489 831 1656 876 αὐτέων

394 897 475 954 ὅκη
504 900 568 954 εἴη
599 897 623 942 ὁ
653 897 816 954 ἑωυτῆς
846 896 980 955 ἀνήρ·
1010 902 1082 944 καὶ
1113 905 1272 945 τοῦτον
1300 902 1379 957 μὲν
1416 899 1534 945 οὕτω
1563 902 1656 944 δια-

366 970 388 1006 4
400 970 639 1023 φθαρῆναι.

698 965 966 1022 Ἀθηναίοισι
995 968 1042 1012 δὲ
1071 969 1131 1012 ἔτι
1160 972 1240 1011 τοῦ
1271 967 1437 1018 πάθεος
1469 967 1656 1012 δεινότε-
1690 982 1693 984 ’

396 1034 478 1087 ρόν
505 1051 546 1077 τι
576 1033 699 1086 δόξαι
727 1031 840 1077 εἶναι
872 1033 919 1078 τὸ
959 1039 1048 1079 τῶν
1073 1039 1297 1092 γυναικῶν
1335 1036 1477 1090 ἔργον.
1537 1034 1657 1095 ἄλλῳ

394 1102 474 1157 μὲν
514 1100 567 1159 δὴ
601 1099 684 1145 οὐκ
723 1101 854 1158 ἔχειν,
894 1101 1000 1160 ὅτεῳ
1041 1102 1286 1161 ζημιώσωσι
1321 1103 1396 1155 τὰς
1433 1108 1714 1161 γυναῖκας,80

337 1286 418 1323 lett.
460 1300 498 1337 p.
537 1287 587 1326 19
627 1284 850 1323 amandans.
924 1287 999 1332 Qui

337 1342 442 1379 idem
472 1341 521 1379 ad
540 1343 688 1379 Aelian.
710 1344 757 1379 N.
786 1344 835 1380 A.
864 1343 912 1391 11,
946 1343 997 1384 15

339 1406 377 1436 et
397 1398 445 1436 ad
461 1397 602 1436 Achill.
623 1401 713 1436 Tat.
725 1413 764 1450 p.
785 1399 868 1440 422
889 1398 937 1436 de
959 1401 998 1437 vi

327 1456 446 1493 'verbi
457 1456 687 1508 γίνεσθαιίι]
697 1456 846 1503 talibus,
857 1457 924 1493 ubi
932 1455 999 1493 ad-

337 1513 502 1550 veniendi
529 1515 573 1549 ao
587 1513 812 1563 perveniendi
828 1519 998 1562 potesta-

338 1575 418 1606 tem
438 1581 627 1606 assumere
647 1568 815 1616 videtur,
835 1570 999 1606 monuit.

394 1627 468 1664 τοῦ
511 1625 746 1675 ὁαιμονίόυ]
796 1625 876 1662 scil.
909 1625 998 1663 δια-

338 1681 583 1732 φθείραντος
603 1676 822 1720 τὸἈττικὸν
839 1676 998 1730 στρατό-

337 1738 476 1778 πεδον.
498 1758 552 1765 -
583 1732 715 1776 αὐτῶν
736 1736 823 1774 dedi
839 1750 907 1788 pro
921 1732 998 1776 αὔ·-

337 1792 450 1833 τέων.
509 1792 572 1829 Ad
602 1790 646 1832 to*
665 1789 803 1840 πάθος
822 1794 924 1830 cons.
950 1795 995 1842 V,

339 1849 394 1890 46
417 1857 452 1886 et
473 1848 522 1886 ad
547 1845 681 1889 δεινόν
711 1865 747 1888 τι
777 1849 997 1900 ποιησαμέ-

339 1921 412 1952 νας
423 1907 466 1953 V,
479 1909 544 1947 33.
557 1906 691 1953 111,14.
709 1907 853 1943 Vocem
863 1911 998 1946 πυθο-

340 1961 461 2013 μένας
494 1963 579 1999 libri
597 1964 774 1999 nonnulli
803 1964 996 2000 omittunt.

398 2018 509 2070 πέριξ
539 2040 588 2047 -·
612 2015 842 2070 λαβούσας]
899 2020 925 2056 i.
963 2033 996 2057 e.

341 2075 571 2125 circumfusas
607 2078 702 2112 circa
731 2076 831 2113 illum
863 2089 892 2113 s.
928 2078 998 2113 cir-

340 2132 554 2168 cumdedisse
580 2131 680 2168 illum
709 2135 784 2180 ita,
824 2136 865 2169 ut
892 2132 1000 2182 plane

340 2189 377 2224 in
388 2191 595 2237 potestatem
621 2191 780 2238 ipsarum
812 2188 999 2227 devenerit.

340 2245 375 2280 A
397 2257 472 2295 quo
494 2257 572 2281 non
601 2244 711 2281 valde
742 2243 869 2281 differt
888 2259 1000 2295 περι-

341 2299 584 2351 λαμβάνειν,
630 2300 677 2337 de
707 2314 782 2352 quo
803 2299 880 2337 vid.
902 2308 998 2337 nott.

341 2356 391 2393 ad
416 2357 458 2403 V,
489 2359 555 2397 23.
614 2358 671 2393 De
699 2370 794 2394 voce
818 2355 929 2406 πέριξ
949 2358 998 2394 cs.

341 2412 471 2450 laudd.
500 2412 548 2448 ad
579 2414 639 2460 IV,
666 2413 728 2454 15.
787 2413 847 2449 Ab
874 2414 999 2449 Hero-

342 2468 422 2506 doti
450 2471 664 2506 narratione
692 2471 741 2506 ita
771 2469 895 2505 differt
915 2470 999 2505 Du-

341 2527 417 2563 rius
439 2526 590 2562 Samius
611 2528 648 2561 in
672 2524 801 2563 Sohol.
820 2525 867 2562 ad
885 2527 999 2562 Euri-

341 2581 419 2634 pid.
440 2582 585 2618 Hecub.
615 2585 694 2622 933
708 2611 718 2630 ,
741 2590 781 2619 ut
802 2581 999 2619 hominem

341 2645 537 2676 caecatum
561 2640 751 2689 primum,
774 2638 861 2676 dein
882 2651 999 2676 neca-

340 2702 423 2732 tum
443 2694 576 2732 tradat.

396 2754 487 2806 τῇσι
507 2747 701 2805 περόνῃσι
719 2753 799 2790 τῶν
813 2750 996 2802 ἱματίων]

341 2809 550 2857 „Videlicet
571 2805 723 2859 περόνη
746 2815 800 2844 est
825 2821 912 2845 acus
933 2823 999 2845 su-

341 2879 409 2917 per
438 2864 645 2903 humerum
685 2866 911 2903 vestimento
941 2866 1000 2902 af—

1051 1287 1149 1335 fixa3
1192 1283 1329 1339 πόρπη
1361 1287 1498 1337 fibula,
1529 1289 1568 1325 in
1597 1300 1715 1340 quam

1051 1345 1221 1394 infigitur
1247 1343 1278 1396 ἦ
1305 1340 1480 1396 περόνη,
1531 1357 1608 1396 quo
1645 1357 1717 1382 ve-

1051 1402 1274 1438 stimentum
1305 1402 1371 1451 [iu
1403 1408 1556 1452 pectore
1599 1413 1716 1452 supe-

1052 1458 1143 1495 riori
1186 1464 1300 1510 atque
1351 1459 1530 1495 auteriori
1550 1458 1568 1506 ]
1644 1459 1716 1494 rite

1054 1515 1294 1564 colligatur.“
1317 1514 1530 1552 Creuzer.
1551 1515 1592 1550 in
1607 1512 1715 1550 Bek-

1053 1569 1139 1607 keri
1167 1571 1281 1621 Spec.
1311 1570 1490 1608 Philostr.
1523 1583 1611 1621 pag.
1635 1572 1715 1610 110

1052 1640 1133 1678 seq.
1158 1628 1267 1677 plura
1295 1627 1414 1664 citans
1435 1626 1483 1663 ad
1503 1625 1578 1663 hoo
1607 1632 1716 1663 vetus

1052 1684 1199 1720 Dorum
1219 1684 1490 1720 vestimentum
1519 1684 1715 1733 pertiuen—

1053 1741 1129 1787 tia3
1159 1747 1270 1790 prout
1291 1738 1339 1776 ad
1352 1739 1534 1776 Herodoti
1555 1751 1711 1791 quoque

1053 1797 1183 1833 locum
1194 1803 1441 1833 annotaverat
1461 1795 1714 1832 Vaickeuaer.

1055 1853 1120 1889 Tu
1147 1852 1234 1890 add.
1270 1851 1437 1888 eundem
1469 1852 1646 1888 Creuzer.
1673 1853 1714 1888 iu

1053 1910 1207 1945 Annali.
1231 1909 1364 1946 Vienn.
1381 1910 1498 1946 Tom.
1522 1909 1606 1945 LIV
1625 1920 1714 1959 pag.

1057 1967 1150 2005 109.
1208 1966 1308 2002 Nam
1341 1961 1492 2015 περόνη
1515 1965 1715 2002 Gallorum

1057 2028 1112 2058 est
1150 2021 1322 2071 Agmffe,
1361 2024 1542 2058 Nostrum
1570 2021 1716 2070 Zunge,

1056 2077 1208 2126 Kraffe,
1243 2075 1378 2129 πόρπη
1419 2091 1510 2116 vero
1551 2084 1606 2115 est
1633 2079 1715 2114 No-

1055 2141 1175 2170 strum
1204 2132 1364 2184 Spange.
1408 2156 1452 2162 —-
1508 2133 1571 2171 Ad
1599 2133 1715 2171 verba

1055 2203 1160 2242 seqq.
1185 2189 1238 2228 ἔτι
1263 2193 1335 2229 τοῦ
1364 2187 1521 2237 πάθεος
1543 2186 1716 2230 δεινότε-

1056 2243 1128 2295 ρόν
1163 2262 1197 2284 τι
1230 2242 1339 2293 δόξαι
1369 2247 1446 2284 vid.
1481 2245 1619 2284 Matth.
1646 2248 1715 2284 Gr.

1056 2303 1123 2339 Gr.
1145 2315 1231 2352 pag.
1256 2303 1351 2343 852.

1113 2355 1218 2411 ἄλλῳ
1233 2356 1365 2408 μὲνὸἠ
1380 2355 1456 2398 ov'n
1478 2357 1590 2410 ἔχειν,
1616 2355 1714 2412 ὅτεῳ

1057 2411 1300 2464 ζημιώσωσι]
1318 2413 1411 2453 ἄλλο
1426 2423 1462 2452 et
1474 2413 1715 2465 ζημιώσουσι

1057 2471 1173 2507 edidit
1196 2469 1434 2517 Schaeserus,
1456 2473 1582 2508 nescio
1597 2470 1714 2508 unde.

1055 2526 1246 2579 Equidem
1266 2529 1409 2564 restitui
1430 2526 1532 2579 quod
1553 2528 1636 2564 libri
1655 2528 1715 2563 se-

1056 2585 1188 2621 rebant
1219 2582 1400 2635 quodque
1425 2585 1536 2620 totius
1557 2584 1630 2620 loci
1651 2596 1714 2620 ra-

1054 2642 1106 2677 tio
1123 2641 1310 2691 postulare
1330 2639 1540 2677 videbatur.
1599 2640 1657 2677 Cf.
1667 2640 1714 2688 V,

1056 2699 1122 2738 82.
1145 2696 1210 2737 43.
1240 2695 1420 2733 Matthiae
1450 2695 1623 2733 exhibuit
1645 2693 1711 2735 ὂῖλ-

1055 2756 1109 2806 λςο
1135 2753 1202 2789 sed
1223 2752 1360 2789 deinde
1382 2754 1533 2805 reliquit
1567 2749 1712 2802 ζημιώ-

1057 2822 1182 2848 σουσι.
1241 2811 1376 2859 Attigit
1406 2809 1444 2846 h.
1466 2811 1491 2846 Ι.
1512 2809 1642 2846 Iacobs
1664 2807 1713 2845 ad

1056 2867 1204 2903 Aeliau.
1235 2867 1282 2903 N.
1311 2868 1360 2903 A.
1381 2867 1461 2913 vn,
1492 2868 1560 2907 29.
1619 2866 1715 2903 Mox

1711 765 1794 808 416
