1897 3340
273 504 372 549 1⁰4

98 565 161 593 lam
177 569 209 594 et
227 565 356 604 Cyprus,

99 602 341 669 ffififitfifflsstf.

100 668 223 696 Onesilo
248 673 374 697 auctore

431 259 516 299 2⁰8

827 256 1285 294 HERODOTI

431 365 564 410 εἶναι·
604 365 678 408 καὶ
703 366 787 422 γὰρ
829 365 909 422 τὴν
939 368 1122 408 Καῦνον
1150 363 1364 418 πρότερον
1394 362 1450 406 οὐ
1482 361 1689 427 βονλομέ-

430 450 514 488 νην
550 433 829 490 συμμαχέειν,
874 432 932 483 ὥς
973 432 1218 489 ἐνέπρησαν
1254 431 1330 482 τὰς
1372 429 1556 485 Σάρδις,
1594 427 1690 474 τότε
1745 432 1830 475 430

431 511 512 556 σφι
540 501 612 544 καὶ
642 500 751 558 αὕτη
790 499 1080 555 προσεγένετο.

1140 498 1334 552 Κύπριοι
1375 498 1420 541 δὲ
1466 497 1693 552 ἐθέλονταί

433 580 512 624 σφι
540 567 698 620 πάντες
728 567 1064 622 προσεγένοντο,
1093 565 1206 622 πλὴν
1233 565 1550 621 Ἀμαθουσίων.
1592 562 1693 619 dub:
1703 570 1749 606 95

431 648 594 692 στησαν
625 637 708 691 γὰρ
737 637 810 678 καὶ
840 629 963 678 οὗτοι
993 628 1076 678 ὦδε
1114 633 1200 677 ἀπὸ
1231 633 1415 690 Μήδων.
1464 627 1548 675 Ἢν
1572 629 1693 690 Ὀνήέ

99 701 265 738 definito..
288 702 374 739 ⁵⁰²·J·
435 709 575 756 σιλος,
611 702 789 758 Γόργου
821 702 900 757 μὲν
928 705 1009 744 τοῦ
1038 702 1321 756 Σαλαμινίων
1348 701 1545 757 βασιλέος
1575 690 1694 743 ἀδελ-

433 771 538 826 φεὸς
567 769 801 823 νεώτερος,
832 770 1016 825 Χέρσιος
1045 769 1088 813 δὲ
1117 772 1195 812 τοῦ
1217 767 1433 822 Σιρώμου
1461 771 1540 810 τοῦ
1562 766 1693 810 Εὐέλ-

403 846 594 889 Ξθοντος
623 837 736 889 πάϊς.
789 833 917 889 οὗτος
946 835 1065 894 ὡνὴρ
1095 835 1301 886 πολλάκις
1328 835 1406 892 μὲν
1441 835 1515 878 καὶ
1542 834 1693 892 πρότε-

376 1002 507 1037 Cariae
527 1001 620 1037 urbe
644 1000 692 1037 cf.
714 997 856 1036 Herod.
875 1000 905 1047 I,
938 1001 1031 1040 172.

372 1059 472 1094 Mela
487 1058 520 1104 Ἰ,
546 1059 595 1096 16
610 1057 646 1102 ξ.
663 1060 681 1095 1
707 1055 754 1092 ad
767 1069 882 1108 quem
902 1056 1032 1092 locum

373 1114 447 1154 vid.
487 1114 773 1150 annotationem
811 1110 1030 1148 Tzselluck.

374 1172 412 1206 in
445 1177 539 1206 nott.
576 1176 738 1219 exegett.
773 1169 854 1205 Vol.
876 1171 929 1204 111
948 1169 993 1205 P.
1014 1169 1032 1204 I

372 1240 460 1278 pag.
482 1226 561 1266 461
586 1233 622 1262 et
647 1226 742 1271 462,
773 1226 838 1276 qui
868 1226 1032 1276 reliquos

372 1291 546 1320 veterum
565 1283 680 1329 locos,
704 1283 771 1317 ubi
790 1281 902 1318 huius
930 1282 1032 1318 urbis

374 1342 518 1376 mentio
535 1340 577 1375 fit
590 1369 599 1386 ,
631 1339 753 1375 attulit
774 1351 940 1390 eumque
960 1336 1032 1375 ho-

375 1396 435 1433 die
455 1397 583 1435 vocari
605 1395 690 1446 Copz'
708 1395 849 1432 asserit.

591 1497 685 1547 Cap.
717 1497 814 1534 CIV.

429 1561 536 1616 πλήν
560 1560 869 1614 Ἀμαθουσίων]
897 1601 899 1603 ,
924 1561 1034 1599 Ama-

373 1621 468 1668 thus,
497 1622 611 1672 Cypri
633 1621 730 1666 urbs,
750 1621 836 1656 satis
856 1619 1035 1669 frequens

374 1678 507 1714 incolis
538 1685 575 1713 et
605 1678 760 1713 Veneris
791 1683 904 1727 atque
925 1674 1035 1711 Ado-

373 1734 471 1770 nidis
491 1735 603 1770 sacris
623 1734 801 1783 insigni53
830 1731 876 1768 de
898 1732 1046 1782 quibus

374 1791 500 1827 Tacit.
525 1791 674 1826 Annall.
695 1791 760 1837 111,
785 1791 851 1829 62.
871 1789 1033 1826 Plin.H.

374 1848 421 1883 N.
443 1848 487 1892 V,
511 1850 576 1892 31,
597 1847 670 1883 alii.
717 1846 861 1882 Urbem
883 1857 927 1880 eo
947 1845 1032 1880 loco

373 1910 605 1940 exstructam
631 1903 743 1939 fuisse
768 1901 934 1947 tradunt,
956 1913 1032 1952 quo

373 1973 476 1996 nunc
498 1959 633 1996 rudera
653 1960 809 1995 nomine
830 1957 909 1994 Alt-
918 1957 1033 1994 Lime-

373 2017 425 2052 sol
455 2018 606 2065 cognita
647 2015 695 2052 ad
733 2016 918 2052 orientem
958 2014 1032 2050 loci

373 2071 529 2109 Limesol
541 2086 550 2118 3
581 2084 816 2124 quamquam
837 2072 927 2107 certi
940 2069 1031 2122 quid

375 2129 554 2164 affirmari
586 2130 729 2181 nequit.
789 2127 898 2164 Conf.
920 2128 1034 2162 Man-

375 2192 470 2222 nert.
507 2186 645 2235 Geogr.
676 2185 739 2232 VI,
774 2186 792 2223 1
827 2196 915 2234 pag.
953 2183 1029 2223 581

376 2254 483 2292 seqq.

433 2299 506 2335 τοῦ
542 2295 799 2345 Σαλαμινίων
833 2292 1032 2345 βασιλέος]

377 2353 433 2389 Ita
453 2351 540 2389 dedi
561 2365 628 2402 pro
642 2353 841 2402 βασιλῆος.
875 2350 1035 2387 Salamis

374 2410 462 2445 urbs
484 2411 521 2446 in
545 2408 669 2445 media
700 2421 764 2444 ora
794 2408 936 2443 insulae
958 2408 1036 2442 ori-

374 2467 490 2502 entali
519 2467 611 2512 sita,
643 2465 817 2501 omnium
847 2465 885 2499 in
908 2464 1032 2514 Cypro

375 2523 527 2559 urbium
549 2522 718 2557 maxima
731 2528 767 2557 et
787 2521 1031 2570 amplissima,

372 2580 595 2630 optimoque
615 2580 793 2614 instructa
805 2584 930 2627 portu.
956 2578 1032 2613 Oo-

372 2635 562 2672 cidentem
582 2647 708 2671 versus
730 2646 848 2684 usque
879 2631 928 2669 ad
948 2645 1033 2668 me-

374 2690 476 2728 diam
496 2692 574 2727 sere
596 2692 759 2727 insulam
781 2702 920 2739 magua
943 2687 1032 2725 hinc

373 2750 577 2799 porrigitur
592 2749 763 2798 planities
786 2759 904 2797 eaque
932 2747 1033 2782 fera-

373 2806 520 2842 cissima
535 2834 545 2852 ,
583 2804 657 2856 quit
688 2805 795 2854 politi
831 2803 1032 2840 Salaminis

374 2874 481 2912 reges
502 2874 587 2898 eam
606 2862 645 2897 in
667 2861 853 2913 reliquam
873 2860 950 2895 fere
972 2860 1031 2895 in-

1086 998 1210 1035 sulam
1240 996 1469 1033 exercebant
1487 997 1566 1033 vim
1579 1025 1589 1044 ,
1609 1002 1652 1034 ut
1668 996 1748 1032 eius

1087 1068 1144 1091 res
1165 1067 1185 1090 a
1208 1054 1508 1091 Salaminiorum
1527 1054 1638 1090 rebus
1659 1052 1746 1103 ple-

1091 1124 1254 1162 rumque
1270 1108 1493 1161 penderent.
1513 1111 1591 1146 Nec
1604 1110 1748 1145 mirum

1087 1168 1203 1217 igitur
1234 1167 1533 1203 Salaminiorum
1565 1164 1749 1202 defectio-

1086 1236 1178 1260 nem
1209 1235 1302 1259 mox
1331 1224 1447 1259 etiam
1475 1223 1639 1274 reliquos
1669 1222 1749 1273 Cy-

1088 1281 1188 1330 prios
1210 1292 1288 1316 esse
1309 1286 1468 1317 secuto&
1498 1280 1642 1315 Terrae
1659 1290 1749 1315 mo-

1087 1343 1129 1372 tu
1141 1337 1360 1386 gravissimo
1374 1336 1671 1372 Salaminiorum
1682 1347 1750 1376 ur-

1087 1393 1177 1430 bem
1196 1393 1366 1428 maxima
1390 1404 1437 1427 ex
1457 1398 1562 1442 parte
1585 1390 1752 1428 dirutam

1090 1450 1331 1486 Constantius
1342 1450 1549 1499 imperator
1562 1454 1749 1485 restaura-

1087 1507 1141 1543 vit
1161 1504 1328 1556 indeque
1349 1505 1574 1542 Com-tantiae
1592 1505 1750 1541 nomine

1090 1560 1216 1598 adhuc
1235 1563 1413 1612 primaria
1440 1568 1614 1598 censetur
1634 1560 1751 1613 Cypri

1089 1619 1193 1654 urbs.
1250 1617 1336 1655 Vid.
1360 1618 1550 1655 Mannert.
1580 1618 1642 1666 VI,
1666 1620 1685 1657 1
1708 1630 1748 1668 p.

1090 1675 1171 1715 573
1193 1686 1272 1725 seq.
1714 1676 1717 1678 ’

1149 1732 1219 1768 τοῦ
1243 1724 1500 1775 Εὐέλθοντος
1529 1723 1655 1778 πάϊς]
1686 1726 1750 1765 Ad

1090 1799 1227 1823 vocem
1247 1781 1344 1832 πάϊς
1364 1785 1464 1822 conf.
1484 1786 1529 1833 V,
1543 1788 1609 1826 30.
1639 1784 1750 1822 Euel-

1090 1843 1171 1879 tlwn
1184 1843 1298 1894 Cypri
1319 1855 1387 1878 rex
1397 1849 1508 1879 notus
1521 1854 1570 1878 ex
1580 1842 1642 1889 IV,
1658 1843 1750 1881 162.

1090 1898 1202 1935 Unde
1243 1912 1332 1935 enm
1371 1911 1548 1948 regnasse
1595 1898 1751 1947 colligas

1091 1968 1191 1992 anno
1223 1954 1303 1995 527
1333 1967 1367 1991 a.
1399 1954 1488 1992 Chr.
1517 1968 1558 1992 n.
1588 1961 1625 1992 et
1655 1954 1750 1991 Gor-

1089 2024 1200 2061 gum,
1233 2012 1298 2062 qui
1327 2013 1458 2048 tertius
1491 2012 1537 2048 ab
1575 2009 1650 2049 hoc
1677 2010 1751 2048 fuit

1089 2081 1179 2115 rex,
1211 2080 1309 2104 auno
1327 2067 1421 2108 502.
1453 2067 1632 2106 Siromum
1660 2079 1752 2104 cum

1089 2123 1280 2161 Larchero
1311 2125 1541 2162 collocamus
1572 2123 1621 2161 ad
1659 2136 1751 2161 auu.

1092 2182 1186 2224 521,
1219 2179 1375 2216 Chersin
1409 2194 1496 2217 ann.
1520 2181 1615 2222 515.
1656 2181 1750 2217 Mox

1091 2249 1181 2273 cum
1202 2235 1421 2285 Solnveigli.
1444 2244 1480 2274 et
1511 2237 1627 2274 Gaisf.
1658 2237 1750 2273 reti-

1091 2294 1159 2329 nui
1179 2291 1464 2344 παρηγορέετο,
1484 2294 1550 2330 ubi
1564 2294 1657 2330 olim
1672 2308 1750 2332 πα-

1093 2348 1307 2402 ρηγορεάτο
1325 2377 1336 2393 ,
1369 2362 1464 2401 quae
1496 2350 1649 2400 pluralis
1672 2361 1750 2386 nu-

1092 2407 1187 2441 meri
1203 2411 1257 2441 est
1277 2405 1411 2443 forma.
1457 2406 1632 2443 Similem
1654 2418 1749 2442 con-

1091 2463 1279 2499 fusionem
1299 2463 1428 2499 notavi
1447 2462 1495 2499 ad
1515 2463 1560 2512 V,
1576 2463 1666 2502 100.
1686 2460 1750 2498 Ad

1090 2514 1271 2566 φυλάξας
1292 2519 1392 2555 conf.
1413 2519 1458 2566 V,
1472 2522 1536 2560 12.
1579 2519 1748 2569 Moxpro

1091 2571 1330 2629 στασιώτῃσι
1350 2575 1531 2627 equidem
1560 2573 1664 2612 haud
1685 2587 1748 2611 re-

1090 2644 1231 2682 ponam
1242 2629 1752 2685 otpaum'tyot,quamquam

1089 2689 1267 2740 frequens
1297 2690 1491 2740 utriusque
1522 2689 1624 2725 vocis
1654 2700 1750 2725 con-

1089 2744 1207 2791 fusio,
1231 2751 1269 2780 ut
1290 2746 1318 2791 1,
1340 2747 1403 2784 13.
1424 2746 1488 2791 lll,
1513 2744 1603 2785 144.
1626 2745 1749 2791 lx,2,

1090 2802 1174 2847 alia,
1185 2814 1282 2852 quae
1295 2802 1633 2852 W'esseling.citat.
1644 2798 1747 2838 Add-

1090 2858 1135 2904 V,
1158 2860 1225 2898 72.
