1897 3340
433 184 516 226 784

830 181 1290 220 HERODOTI

437 291 550 348 ρέων
580 289 681 344 (ἅτε
718 289 802 346 γὰρ
838 294 920 335 τοῦ
960 292 1160 347 αἰγιαλοῦ
1197 288 1343 341 ἐόντος
1382 288 1437 334 οὐ
1477 288 1681 347 μεγάλου)

435 359 704 416 πρόκροσσαι
733 358 942 413 ὁρμέοντο
981 358 1024 409 ἐς
1061 357 1248 410 πόντον,
1276 358 1350 401 καὶ
1378 358 1447 403 ἐπὶ
1476 354 1588 401 ὀκτώ
1617 358 1683 402 νέ-

409 434 506 478 Pas.
557 426 717 481 ταύτην
745 427 822 480 μὲν
849 425 928 481 τὴν
962 425 1186 482 εὐφρόνην
1216 424 1344 469 οὕτω.
1390 424 1503 480 ’Ἅμα
1531 425 1577 468 δὲ
1606 424 1710 479 ὅρ-1

434 500 546 551 θρῳ,
577 495 618 546 ἐξ
647 494 821 548 αἰθρίης
849 509 894 536 τε
925 493 998 535 καὶ
1025 495 1243 550 νηνεμίης,
1271 497 1345 549 τῆς
1372 491 1594 548 θαλάσσης
1626 497 1686 546 ζε-

379 658 487 683 ηαυεε
519 644 680 681 continuo
703 644 783 691 poet
805 640 889 678 illas
921 640 1029 677 collo-

382 706 481 739 eatae
500 702 537 736 in
557 700 694 736 ancoris
712 701 814 734 erant
837 695 884 748 (s,
896 698 1028 734 statio·

381 770 471 797 nem
505 754 736 803 habebantss
785 766 932 804 namque
969 766 1030 790 ora

382 825 485 864 quum
503 825 570 849 non
590 816 662 848 tam
687 812 757 847 late
771 814 933 860 pateret,
950 823 1031 860 pro-

379 873 430 907 τῖε
442 871 535 906 mari
544 870 692 905 obversis
702 868 787 903 illae
803 867 853 902 ita
869 867 1029 913 stabant,

380 933 423 963 ut
455 932 540 962 octo
570 931 691 961 essent
718 924 874 960 navium
905 925 1028 960 series.

378 984 423 1019 In
445 982 579 1034 quibus
598 980 835 1031 potissimmn
848 991 924 1015 vox
935 975 1032 1029 πρό-

379 1050 545 1091 κροσσαι
582 1037 747 1074 multum
776 1036 944 1072 exercuit
972 1038 1034 1070 in-

379 1101 574 1145 terpretes.
611 1093 796 1130 Aemilius
815 1093 950 1128 Portus
970 1092 1031 1127 in·-

324 1200 327 1204 ῃ
379 1153 577 1189 tellexerat
595 1162 712 1197 naves,
736 1160 887 1198 quarum
903 1159 1033 1198 prorae

375 1211 481 1259 ponto
517 1208 676 1243 obversae
698 1208 820 1251 erant,
850 1217 927 1240 cum
947 1203 1031 1240 reli-

381 1276 470 1314 quae
488 1265 673 1300 stationem
688 1261 737 1297 ad
758 1261 842 1297 litus
857 1260 1033 1306 haberent,

381 1333 478 1371 quae
492 1321 607 1369 igitur
617 1320 655 1354 in
667 1316 839 1354 ordinem
850 1323 1033 1367 perpetua

381 1375 483 1428 (octo
504 1375 678 1424 navium)
702 1375 797 1410 serie
819 1379 906 1410 sunt
928 1372 1034 1422 dige-

378 1434 526 1477 stae,ita
540 1438 582 1468 ut
598 1443 728 1467 earum
739 1441 871 1480 prorae
888 1430 913 1465 i.
925 1442 958 1465 e.
970 1441 1031 1464 ca-

378 1490 457 1540 pita
472 1503 502 1526 s.
523 1483 664 1525 fro'ntes
694 1487 951 1536 prominentes
972 1484 1030 1521 al-

379 1552 463 1582 tum
490 1557 618 1581 versus
647 1549 839 1593 spectent,
878 1547 1030 1592 paratae

380 1601 429 1638 ad
449 1601 733 1650 impressionem
752 1597 967 1635 faciendam
990 1597 1029 1632 in

378 1656 556 1695 hostssem
577 1657 746 1692 classem.
795 1656 893 1691 Nam
909 1654 1032 1704 prima

379 1715 536 1751 navium
573 1713 707 1758 series,
748 1723 846 1762 quae
875 1709 922 1746 ad
942 1710 1031 1745 litus

376 1771 502 1821 ipsum
523 1769 723 1819 stationem
742 1766 916 1814 habebat,
939 1778 1031 1816 pro-

377 1840 449 1874 ras,
473 1827 619 1876 opinor,
649 1823 814 1860 habebat
828 1824 867 1859 in
888 1829 1029 1859 terram

378 1894 593 1927 conversas,
629 1881 795 1932 reliquae
815 1892 928 1916 naves
948 1884 1032 1928 post

379 1940 460 1976 illas
488 1939 692 1975 collocatae
723 1935 913 1972 habebant
937 1947 1029 1985 pro-

379 2008 438 2032 ras
480 2007 585 2031 mare
625 2005 753 2030 versus
802 1997 1025 2042 spectantes.

379 2054 513 2103 Neque
532 2063 622 2088 vero
644 2048 736 2085 haec
759 2048 1028 2098 interpretatio,

380 2120 497 2159 quam
532 2108 645 2143 etiam
675 2106 843 2156 sequitur
870 2105 1030 2141 wesse-

380 2165 530 2213 lingius,
552 2164 669 2199 citans
688 2164 843 2200 Homer.
863 2162 905 2198 Il.
927 2159 1029 2205 XIV,

381 2218 434 2258 34
463 2220 590 2270 ibique
615 2216 785 2254 Eustath.
820 2223 857 2252 et
886 2214 1028 2251 Athen.

379 2276 397 2310 1
417 2287 455 2324 p.
468 2278 520 2314 30
542 2275 603 2319 A„
626 2284 818 2324 (piamque
835 2272 949 2319 etialn
969 2282 1027 2305 se-

381 2336 512 2367 cutum
533 2342 611 2365 esse
630 2327 740 2364 video
761 2326 919 2362 Rennel.
947 2326 972 2362 l.
1002 2325 1027 2359 l.

379 2398 467 2437 pag.
489 2388 588 2430 702,
611 2386 778 2433 itemque
797 2380 960 2419 Larcliei
964 2392 1028 2416 um

381 2455 425 2479 ac
462 2443 605 2491 Lange,
653 2441 740 2477 satis
773 2452 851 2475 esse
882 2437 1029 2475 videtur

381 2496 753 2547 Schweighaeusero,
767 2490 1029 2546 ᾳυίπροκρόσ-

382 2566 453 2601 σοις
475 2554 563 2599 νέας
582 2553 740 2601 intelligi
753 2553 895 2588 mavult
913 2564 985 2586 nav
989 2562 1026 2586 es

380 2611 582 2648 collocatas
599 2622 668 2660 par
690 2608 854 2654 ecleelons,
876 2615 916 2643 ut
929 2607 1027 2644 Galli

380 2668 498 2713 aiunt,
528 2679 572 2712 S.,
602 2672 644 2702 ut
671 2665 797 2701 Latini
828 2664 968 2710 dicunt,
988 2665 1028 2699 in

380 2726 604 2773 quincuncem
643 2722 797 2766 locatas,
838 2722 890 2756 ita
918 2726 960 2756 ut
981 2719 1027 2755 de

380 2786 465 2817 octo
484 2780 648 2817 seriebus
657 2791 688 2816 s.
708 2776 912 2823 ordinibus,
937 2788 1029 2827 quos

1087 644 1221 680 Noster
1259 649 1553 690 commemoret,
1583 642 1741 694 quilibet

1089 698 1182 735 ordo
1215 701 1376 736 anterior
1402 712 1476 735 una
1505 701 1593 736 navi
1613 700 1739 736 minor

1089 768 1119 791 s.
1142 755 1290 791 brevior
1317 756 1429 792 fuerit
1458 768 1573 808 quam
1603 768 1740 792 conse-

1091 824 1210 862 quens
1232 809 1323 847 ordo
1352 818 1469 862 utque
1500 811 1594 848 adeo
1622 811 1740 849 veluti

1090 868 1267 917 trianguli
1288 868 1505 918 aequilateri
1523 871 1641 914 (nunc
1653 869 1740 919 quj-

1091 922 1180 960 dem
1208 924 1395 971 truncati)
1416 923 1579 959 formam
1599 925 1741 960 retule-

1089 981 1137 1016 rit
1152 981 1326 1017 universa
1346 979 1482 1016 classis.
1527 978 1636 1023 Quod
1646 978 1740 1016 mihi

1089 1037 1291 1087 speciosius
1312 1048 1429 1087 quam
1449 1035 1573 1072 verius
1592 1034 1740 1072 videtur

1091 1105 1326 1144 quamquam
1357 1089 1555 1128 Reiskium
1588 1104 1740 1143 quoque

1090 1148 1153 1186 hic
1183 1149 1394 1198 intelligere
1423 1146 1534 1184 video
1553 1159 1668 1184 naves
1688 1159 1745 1184 se-

1092 1207 1213 1242 riatim
1243 1211 1280 1241 et
1304 1217 1369 1254 per
1398 1203 1535 1252 gradus
1561 1207 1744 1254 porrectas

1093 1268 1131 1298 et
1146 1261 1380 1312 procedentes.
1436 1260 1515 1296 Nec
1541 1260 1662 1310 magis
1681 1260 1744 1296 iu-

1093 1325 1157 1354 vat
1186 1316 1328 1355 Suidae
1349 1316 1420 1365 (III
1439 1329 1478 1366 p.
1503 1317 1608 1366 187)
1629 1322 1743 1367 atque

1093 1373 1281 1411 Eustathii
1333 1373 1591 1422 interpretatio
1644 1369 1742 1423 ἄλλη

1095 1426 1152 1469 ἐπ’
1175 1428 1286 1482 ἄλλῃ,
1309 1441 1406 1480 quae
1417 1427 1551 1464 eadem
1570 1429 1684 1465 etiam
1702 1429 1742 1464 in

1092 1487 1223 1523 Glossa
1257 1484 1304 1522 ad
1325 1484 1363 1522 h.
1383 1485 1410 1521 l.
1441 1491 1570 1522 exstat.
1593 1506 1646 1512 —
1677 1482 1743 1523 ἐπὶ

1092 1539 1188 1582 ὀκτώ
1212 1541 1302 1588 νέας
1322 1548 1443 1587 recte,
1465 1542 1622 1591 opinor,
1640 1542 1743 1577 Lan-

1091 1610 1161 1648 ge:
1193 1599 1274 1635 aclut
1299 1596 1436 1645 Sclezffe
1461 1596 1566 1642 ΙιοιΙις
1605 1597 1741 1633 clarius

1090 1655 1249 1692 Rennel.
1266 1654 1291 1690 l.
1315 1654 1342 1690 l.
1362 1653 1492 1690 iuacht
1505 1652 1642 1690 Ree'lzen
1655 1653 1741 1690 ltin-

1090 1716 1142 1748 ter
1161 1709 1339 1748 eznander.
1396 1709 1461 1746 Tu
1481 1709 1581 1745 conf.
1602 1709 1740 1759 Polyb.

1088 1769 1117 1814 I,
1140 1770 1206 1814 26,
1239 1769 1288 1806 13
1318 1766 1409 1817 ibiq.
1431 1763 1740 1815 Schweighaeus-

1091 1824 1160 1861 Cr.
1183 1823 1230 1860 de
1260 1834 1354 1859 voce
1381 1816 1625 1871 πρόκροσσαι
1645 1834 1740 1858 con-

1089 1881 1178 1917 ferri
1195 1880 1277 1917 vult
1288 1878 1463 1928 Apollon.
1476 1879 1572 1916 Lex.
1582 1879 1739 1914 Homer.

1090 1950 1128 1987 p-
1143 1936 1218 1976 571
1233 1935 1363 1986 ibique
1383 1934 1576 1971 Villoison.
1599 1957 1649 1962 —
1670 1947 1740 1982 ορ-

1091 1991 1232 2043 μέοντο
1251 2003 1340 2028 cum
1360 1997 1516 2027 receutt.
1537 1988 1626 2027 edd.
1645 1990 1739 2025 scri-

1089 2062 1146 2099 psi
1155 2060 1221 2098 pro
1233 2048 1349 2097 vulgo
1365 2044 1586 2096 ὁρμέονται.
1623 2042 1738 2094 Apud

1090 2103 1251 2143 Suidam
1270 2103 1460 2139 invenitur
1488 2097 1737 2150 ὁρμαίνοντο.

1144 2155 1294 2207 ταύτην
1328 2154 1399 2206 μὲν
1427 2171 1500 2206 την
1531 2152 1738 2208 ευφρόνην

1089 2211 1212 2262 ου’τω]
1234 2214 1313 2250 scil.
1345 2208 1514 2263 ὥρμεον.
1556 2213 1615 2249 De
1643 2225 1737 2250 voce

1089 2267 1293 2321 εὔφρόιης
1324 2268 1425 2305 conf.
1456 2274 1552 2305 nott.
1588 2266 1635 2305 ad
1656 2269 1736 2316 vll,

1090 2330 1153 2373 12,
1177 2333 1212 2362 et
1233 2325 1281 2362 ad
1300 2338 1410 2362 voces
1427 2324 1465 2372 ἐξ
1485 2323 1736 2375 αἰθρίηςΥΠ,

1088 2384 1155 2422 37.
1187 2381 1249 2418 Ad
1278 2394 1413 2418 vocem
1430 2381 1610 2431 νηνεμίη,
1637 2393 1736 2432 quae

1087 2451 1176 2475 cum
1215 2439 1365 2489 proprie
1399 2438 1446 2474 sit
1494 2436 1734 2484 adiectivum,

1087 2495 1308 2532 substantivi
1338 2494 1415 2531 vim
1445 2505 1539 2530 mox
1578 2494 1734 2543 aceepit,

1089 2551 1191 2588 conf.
1222 2553 1378 2588 Homer.
1416 2548 1548 2599 odyss.
1579 2549 1623 2595 V,
1654 2550 1735 2589 392

1087 2609 1216 2658 ibique
1248 2604 1410 2644 Nitzscb.
1443 2607 1531 2651 XII,
1563 2607 1655 2645 169.
1688 2604 1733 2642 ll.

1087 2665 1132 2712 V,
1153 2664 1247 2704 523.
1280 2661 1461 2699 Herodot.
1481 2661 1561 2707 vu,
1583 2661 1679 2700 218.

1144 2721 1214 2768 τῆς
1227 2715 1433 2768 θαλάσσης
1445 2712 1737 2766 ζεσάσης]Τοιι-

1089 2776 1143 2826 git
1161 2777 1324 2826 Longin.
1353 2776 1409 2811 De
1438 2773 1589 2812 sublim.
1611 2773 1648 2817 §.
1670 2770 1736 2818 42,
