1897 3340
260 1285 359 1329 120
417 1298 552 1339 μενοι.

94 1349 139 1379 De.
157 1348 193 1376 iis
212 1348 323 1376 dictum

94 1382 318 1422 Megacrcontis

95 1416 266 1444 Abderitae.

429 227 514 266 61⁰

826 225 1288 262 HERODOTI

429 333 583 385 σαίους
610 333 684 376 καὶ
714 335 953 389 λιμναίους,
986 334 1032 377 ἔν
1060 350 1104 377 τε
1140 332 1346 389 οἰκήμασι
1374 333 1448 377 καὶ
1477 331 1690 389 λάκκοισι,

429 402 471 453 ἐς
502 401 724 457 ὑποδοχὰς
753 405 833 444 τοῦ
863 406 1075 457 στρατοῦ·
1107 405 1239 445 τοῦτο
1271 401 1331 453 δὲ,
1362 399 1526 455 χρύσεά
1544 418 1588 445 τε
1617 402 1687 445 καὶ

429 469 624 525 ἀργύρεα
653 467 843 524 ποτήριά
871 484 915 511 τε
943 470 1016 512 καὶ
1031 473 1247 525 κρητῆρας
1267 467 1505 521 ἐποιεῦντο,
1535 469 1609 512 καὶ
1638 468 1690 512 τὰ

400 544 423 578 3
443 536 463 550 η
564 536 585 550 0.
675 535 687 550 ‚
841 535 851 548 ι
1094 536 1101 550 .
1285 535 1295 548 ,

436 541 541 580 αλλα
561 547 642 580 οσα
670 536 739 579 επὶ
769 540 981 590 τραπεζαν
1009 542 1206 580 τιθέαται
1234 553 1388 579 παντα.

1445 541 1583 580 ταῦτα
1612 537 1691 592 μὲν
1700 544 1746 578 30

429 606 482 662 δὴ
521 604 640 660 αὐτῷ
683 619 727 645 τε
757 603 925 659 βασιλέϊ
951 605 1025 647 καὶ
1056 609 1170 648 τοῖσι
1202 603 1443 660 ὁμοσίτοισι
1471 603 1558 659 μετ’
1588 604 1689 647 ἐκεί-

424 690 508 717 νου
538 671 788 726 ἐπεποίητο·
820 675 874 727 τῇ
905 671 950 715 δὲ
985 671 1094 729 ἄλλῃ
1123 676 1328 729 στρατιῇ,
1358 672 1410 715 τά
1441 671 1484 723 ἐς
1514 671 1692 728 φορβὴν

394 748 415 783 4
427 742 572 798 μοῦνα
601 738 864 793 τασσόμενα.

922 737 1036 790 ὅκως
1085 740 1131 782 δὲ
1181 738 1381 784 ἀπίκοιτο
1431 739 1458 794 ἡ
1497 740 1690 796 στρατιὴ,

423 808 561 866 σκηνὴ
592 807 670 863 μὲν
703 806 797 850 ἔσκε
822 812 1040 862 πεπηγυῖα
1055 806 1213 863 έτοίμη,
1245 808 1289 859 ές
1317 808 1398 864 τήν
1430 807 1562 859 αὐτὸς
1594 821 1707 863 σταη

425 876 543 933 θμὸν
581 874 829 919 ποιεέσκετο
869 875 1055 930 Ξέρξης·

1115 873 1141 930 ἡ
1172 876 1218 918 δὲ
1249 875 1355 930 ὄίλλη
1388 874 1565 931 στρατιὴ
1595 875 1690 918 ἔσκε
1746 879 1827 921 558

399 944 679 999 ὄὺπαίθριος.
731 942 791 992 ὥς
831 943 876 986 δὲ
906 944 1086 986 δείπνου
1113 943 1280 998 γίνοιτο
1311 941 1416 998 ὥρη,
1447 945 1489 986 οἱ
1515 943 1592 998 μὲν
1622 944 1743 986 tle-36

423 1012 604 1068 κόμενοι
633 1011 808 1066 ἔχεσκον
836 1009 996 1055 πόνον·
1030 1012 1074 1053 οἱ
1094 1010 1154 1064 δὲ,
1186 1009 1298 1062 ὅκως
1327 1009 1589 1066 πλησθέντες
1608 1009 1688 1052 νύ-

426 1096 507 1124 κτα
535 1078 685 1124 ,αὐτοῦ
735 1078 963 1135 ἀγάγοιεν,
1021 1081 1074 1133 τῇ
1112 1077 1317 1134 ὑστεραίῃ
1358 1077 1440 1134 τήν
1483 1093 1529 1121 τε
1582 1088 1689 1134 σκη-

427 1148 510 1203 νὴν
540 1146 881 1199 ἀνασπάσαντες,
909 1146 984 1190 καὶ
1011 1146 1065 1189 τὰ
1094 1145 1250 1189 ἔπιπλα
1289 1144 1434 1189 πάντα
1464 1143 1688 1201 λαβόντες,

428 1216 543 1260 οὕτω
584 1214 928 1266 ἀπελαύνεσκον,
960 1216 1179 1265 λείποντες
1221 1212 1374 1268 οὐδὲν,
1415 1212 1522 1257 ἄλλα
1560 1211 1687 1270 φερό-

585 1280 740 1326 ’Ἐνθα
763 1283 815 1339 δὴ
840 1283 1197 1338 Μεγακρέοντος,
1232 1280 1394 1335 ἀνδρὸς
1415 1280 1688 1337 Αβδηριτεω,
1699 1283 1745 1321 40

425 1350 530 1401 ε’πος
559 1344 608 1393 εὖ
637 1351 867 1406 εἰρημένον
898 1351 1079 1407 ἐγένετο,
1110 1348 1485 1406 ὂςσυνεβούλευσε
1493 1347 1688 1406 Ἀβδηρί.

424 1430 524 1476 τῃσι
553 1419 812 1475 ,,πανδημεὶ,
827 1417 990 1469 αὐτους
1010 1418 1082 1461 καὶ
1103 1416 1584 1473 γυναῖκας,έλθόντας’
1567 1433 1610 1468 ες
1638 1416 1688 1459 τὰ

423 1483 636 1540 ,,σφέτερα
677 1487 772 1541 ἱρὰ,
812 1488 980 1540 ἵζεσθαι
1010 1486 1150 1537 ἱκέτας
1179 1489 1268 1529 τῶν
1296 1490 1433 1538 θεῶν,
1462 1500 1685 1540 παραιτεο·
1697 1487 1743 1526 45

421 1554 609 1609 ,,μ·ένους
651 1554 725 1597 καὶ
763 1552 813 1599 τὸ
859 1551 1016 1597 λοιπόν
1055 1564 1136 1607 σφι
1166 1551 1412 1609 ἀπαμύνειν
1431 1556 1518 1596 τῶν
1546 1549 1688 1596 ἐπιόν·

420 1636 535 1673 ,,των
563 1625 713 1664 κακῶν
743 1621 796 1664 τοὶ
826 1622 1002 1679 ἡμίσεα·
1032 1624 1120 1663 τῶν
1148 1637 1192 1664 τε
1215 1622 1547 1679 παροιχομένων
1575 1621 1687 1676 ἔχειν

422 1699 534 1744 „equ
552 1686 742 1744 μεγάλην
764 1687 904 1745 χάριν,
936 1687 1004 1732 ὅτι
1017 1688 1218 1745 βασιλεύς
1231 1690 1390 1746 Ξέρξης
1420 1687 1475 1733 ου’
1495 1689 1561 1740 δὶς
1589 1687 1685 1732 ἑκά-

369 1831 433 1869 que
459 1831 586 1867 magno
610 1819 726 1868 pretio
754 1819 932 1868 acquisita
963 1816 1026 1853 elz·-

364 1879 495 1925 gentes.
553 1875 653 1925 Apte
678 1872 897 1924 Schweigh.
919 1871 1028 1909 affert

366 1934 468 1970 Actt.
497 1931 683 1982 Apostoll.
713 1930 795 1978 VII,
823 1933 874 1970 16
918 1925 1027 1981 ὠνή-

368 2000 461 2028 σατο
485 2003 601 2039 τιμης
633 1983 837 2038 αργυρίου.

424 2043 467 2084 ἐν
505 2058 545 2082 τε
584 2042 774 2094 οἰκημασι
811 2042 878 2081 καὶ
929 2038 1026 2080 λάκ-

367 2101 501 2148 κοισι]
533 2102 592 2148 ‚,i.
629 2114 660 2137 e.
691 2113 728 2136 ιιι
758 2099 913 2136 cratibus
932 2105 968 2135 et
987 2100 1026 2134 in

366 2159 528 2194 vivarias.
587 2156 684 2193 Oves
719 2159 828 2193 textis
867 2156 1024 2192 εναίιόιιε

369 2212 617 2259 claudebant3
672 2225 758 2248 aves
794 2212 945 2247 alebant
984 2212 1022 2245 in

368 2270 521 2305 aviariis
550 2269 610 2304 vel
650 2270 783 2313 caveis,
841 2265 884 2304 ἐν
921 2265 1023 2303 οἰκί-

367 2337 498 2370 σκοιςς
514 2325 565 2360 sic
574 2335 697 2359 caveae
708 2323 828 2358 multo
840 2322 1022 2373 frequen-

367 2382 438 2418 tius
459 2386 653 2428 VOCUHUU‘,
675 2392 790 2430 quan]
812 2374 1020 2428 ΟἵΥ-ήμίῗῖα.

368 2437 410 2477 ἐν
449 2435 612 2488 οἰκίσκῳ
656 2435 751 2471 forte
799 2435 1022 2484 scripserant

366 2491 523 2530 Diodor.
542 2492 618 2528 Sic.
640 2493 705 2541 lp.
719 2494 811 2538 607,
829 2494 880 2531 73
897 2492 1019 2537 (xm,

366 2550 437 2599 82)
460 2555 496 2585 et
516 2546 706 2586 Plutarch.
728 2548 762 2582 11
782 2561 821 2598 p.
847 2547 927 2587 516
948 2548 1022 2583 D.“

378 2605 591 2643 Valcken.
631 2604 773 2641 Vocem
795 2601 941 2649 λάκκος
960 2605 1022 2640 ἰιι-

367 2663 539 2699 venimus
558 2661 621 2707 IV,
645 2659 737 2701 195.
758 2682 813 2687 -—
852 2662 893 2695 In
916 2673 1023 2712 seqq.

369 2718 416 2755 ad
435 2719 600 2754 formam
618 2715 797 2755 τιθέαται
820 2717 866 2752 cf.
887 2715 1021 2753 Matth.

367 2776 436 2812 Gr.
457 2775 522 2811 Gr.
542 2786 628 2825 pag.
645 2772 738 2813 409.
770 2772 832 2809 Ad
851 2785 961 2810 voces
974 2789 1021 2812 τα

368 2830 409 2877 ἐς
438 2827 600 2883 φορβην
632 2824 856 2880 τασσόμενα
893 2830 940 2867 cl.
962 2830 1021 2866 al-

1083 1816 1159 1852 lata
1181 1814 1229 1852 ad
1253 1817 1333 1864 VII,
1354 1819 1420 1858 22.
1444 1817 1549 1862 Quae
1568 1829 1741 1869 sequun-

1084 1879 1145 1909 tur
1163 1868 1265 1920 όκως
1286 1871 1329 1911 δὲ
1364 1869 1560 1923 άπίκοιτο,
1589 1875 1739 1921 excitat,

1082 1936 1240 1966 notante
1277 1928 1361 1978 Cr„
1384 1931 1430 1969 G.
1462 1932 1673 1968 Hermann.
1693 1903 1742 1966 ad

1081 1986 1208 2036 nger.
1219 1999 1306 2037 pag.
1324 1987 1418 2034 909,
1439 1986 1486 2024 de
1502 1988 1657 2038 optativi
1667 1999 1739 2023 usu

1083 2041 1289 2093 disputans.
1357 2043 1421 2079 Tu
1459 2043 1560 2080 conf.
1594 2041 1736 2079 Herod.

1080 2100 1110 2145 Ι,
1136 2102 1198 2138 11.
1230 2100 1295 2146 ΠΙ,
1320 2098 1409 2146 125,
1435 2112 1484 2134 ne
1513 2100 1633 2149 plura.
1693 2101 1737 2134 In

1081 2155 1202 2191 verbis
1242 2154 1281 2200 ἐς
1313 2150 1386 2203 τὴν
1417 2150 1532 2202 αὐτὸς
1554 2152 1738 2206 σταθμόν

1080 2208 1301 2249 ποιεέσκετο
1330 2209 1478 2261 Ξέρξης
1509 2212 1661 2263 requiro
1693 2225 1736 2248 e-

1081 2265 1235 2317 quidem
1258 2267 1459 2303 articulum
1480 2264 1501 2306 ὁ
1530 2274 1618 2304 ante
1639 2265 1736 2319 Ξέρ-

1078 2323 1146 2371 ξης
1177 2323 1265 2358 alibi
1290 2323 1354 2371 (v.
1377 2337 1408 2361 o.
1427 2324 1506 2371 VII,
1532 2324 1643 2374 121)
1672 2337 1735 2361 re·

1076 2385 1135 2415 cte
1156 2377 1216 2414 ad
1211 2379 1340 2416 litum.

1133 2437 1183 2487 τῇ
1224 2433 1440 2491 υστεραίῃ]
1490 2436 1623 2472 Abieci
1645 2449 1733 2472 cum

1077 2490 1297 2541 Sclmeigh.
1334 2500 1371 2529 et
1408 2493 1523 2532 Gaisf.
1558 2493 1733 2530 voculam

1077 2546 1144 2595 έν,
1177 2561 1294 2599 quam
1315 2548 1371 2586 his
1395 2549 1517 2586 νεὼίε
1537 2551 1732 2599 praeposi-

1078 2611 1157 2640 tam
1179 2612 1340 2656 quatuor
1367 2604 1479 2643 codd.
1511 2607 1732 2642 auctoritate

1076 2662 1308 2698 retinuerant
1328 2662 1571 2711 Wesseling.‚
1595 2660 1730 2699 Matth.

1078 2723 1115 2754 et
1136 2716 1360 2755 Schaeferus
1376 2747 1386 2765 ‚
1421 2718 1486 2770 qui
1518 2725 1647 2754 tamen
1668 2731 1730 2755 re-

1077 2780 1137 2810 cte
1157 2773 1204 2810 ad
1231 2775 1422 2811 Lambert.
1456 2775 1546 2810 Bos.
1577 2775 1635 2810 De
1658 2775 1729 2812 El-

1076 2830 1178 2880 lipss.
1199 2844 1236 2881 p.
1262 2831 1341 2871 175
1361 2830 1446 2880 (ubi
1464 2831 1573 2881 plura
1591 2831 1729 2869 similia
