1897 3340
485 202 1139 243 TERPSICHORE.
1197 205 1243 241 V.
1501 209 1529 246 5

267 314 395 365 δούς,
432 311 606 355 πάντων
635 310 900 363 ἀνθρώπων.

979 312 991 328 3
1049 312 1059 324 ἱ
1111 311 1123 326 θ
1165 311 1175 327 2
1213 312 1226 327 θ
1269 312 1278 326 ἱ
1340 311 1363 326 ,l

953 327 990 354 ει
1020 313 1069 355 δε
1095 328 1156 355 vn
1206 329 1303 363 ενος
1333 329 1524 369 αρχοιτο,

262 381 292 435 ἢ
321 378 500 434 φρονέοι
526 377 634 422 κατὰ
653 376 816 431 τωύτό,
849 378 1018 434 ἄμαχόν
1047 378 1087 423 τ’
1120 379 1177 423 ἄν
1194 382 1282 436 εἴη,
1313 382 1386 423 καὶ
1414 386 1524 424 πολ-

261 452 324 502 λῷ
361 445 593 500 κράτιστον
631 445 809 489 πάντων
847 446 1034 500 ἐθνέων,
1073 447 1185 491 κατὰ
1221 447 1403 505 γνώμην
1441 466 1522 506 την

232 514 381 570 Ξέμήν.

257 581 315 637 μή
346 598 444 624 κοτε
472 583 521 625 ἓν
549 583 746 638 γένηται·

1581 570 1699 589 Vll'lum

227 648 500 703 3οὐνόματα
546 650 592 693 ὁὲ
637 649 775 694 πολλοὶ
810 651 956 706 ἔχουσι
999 652 1108 694 κατὰ
1146 650 1292 707 χώρας
1329 653 1522 696 ἕκαστοι·

256 716 435 772 νόμοισι
475 718 520 761 δὲ
573 713 700 761 οὗτοι
736 721 1077 776 παραπλησίοισι
1116 720 1275 771 πάντες
1315 720 1524 776 χρέωνται

255 785 364 829 κατά
395 785 558 839 πάντα,
586 785 701 842 πλὴν
731 786 920 841 Γετέων,
951 788 1024 831 καὶ
1061 792 1304 844 Τραυσῶν,
1334 789 1406 832 καὶ
1436 792 1525 831 τῶν

198 962 239 998 in
258 962 426 1013 Europa,
446 974 573 1013 neque
594 962 634 997 iu
656 961 746 998 Asia
766 961 863 999 resi-

197 1025 295 1055 stere
314 1032 423 1070 posse
444 1018 562 1055 addit.
613 1018 718 1063 Quae
740 1031 862 1070 quum

198 1075 423 1113 Herodoteis
435 1075 623 1113 contraria
635 1074 757 1112 videri
767 1088 861 1126 pos-

197 1133 283 1180 sint,
304 1132 514 1170 tenendum
536 1138 589 1169 est
600 1131 860 1170 Herodoteam

197 1187 408 1226 Thraciam
448 1188 704 1240 Thucydide&
735 1191 858 1227 multo

197 1247 423 1297 ampliorem
442 1247 641 1297 magisque
657 1253 854 1283 extensam

197 1305 355 1353 cogitari
378 1302 515 1339 debere
537 1303 585 1339 ob
608 1315 714 1349 eam,
737 1315 857 1353 quam

198 1358 246 1395 de
284 1360 368 1396 Istri
398 1373 509 1397 cursu
548 1360 685 1395 Noster
722 1357 858 1396 habuit

198 1416 441 1466 opinionem,
485 1416 619 1452 falsam
639 1428 751 1462 sane,
789 1415 856 1452 sed

197 1472 273 1524 quit
303 1473 446 1509 factum
477 1479 553 1519 est,
583 1478 625 1507 ut
645 1469 855 1508 Thraciam

194 1529 258 1565 ille
287 1530 408 1566 multo
438 1529 617 1575 ulterius,
651 1540 768 1580 quam
791 1541 855 1564 re-

194 1598 283 1622 vera
309 1586 400 1633 fuit,
440 1585 737 1636 septentrionem
765 1598 854 1621 ver—

194 1656 255 1679 sus
274 1650 517 1693 promoveret
537 1643 731 1694 ipsiusque
753 1641 854 1693 Scy—

185 1698 286 1736 thiae
325 1699 550 1751 quadratam
581 1699 652 1735 sibi
687 1698 848 1748 fingeret

184 1757 374 1805 formam,
419 1756 466 1793 de
496 1756 572 1808 qua
603 1754 769 1792 diximus
799 1755 848 1792 ad

181 1814 244 1860 IV,
277 1815 344 1854 99.
392 1814 451 1850 Cf.
487 1812 723 1849 Dahlmann.
758 1813 785 1849 l.
819 1814 847 1850 l.

184 1883 272 1921 pag.
295 1873 362 1912 88,
401 1869 588 1907 Niebuhr.
617 1867 847 1906 Vermischt.

172 1925 347 1964 *Schrifh
374 1940 463 1978 pag.
496 1929 589 1967 157.
628 1927 722 1967 359.
789 1927 848 1962 De

193 1983 296 2021 Indis
316 1985 417 2021 conf.
438 1985 504 2032 111,
526 1983 579 2025 94
600 1984 730 2035 ibique
749 1990 846 2020 nott.

249 2070 343 2125 μετά
363 2089 405 2126 γε
420 2069 605 2122 Ἰνδούς]
638 2074 784 2111 Vocula
804 2088 847 2125 γε

192 2145 213 2168 a
233 2133 425 2168 nonnullis
455 2132 558 2168 libris
591 2131 716 2178 abest3
745 2132 847 2167 male

190 2187 277 2224 mea
313 2187 471 2241 quidem
514 2189 714 2225 sententia.
770 2189 847 2225 Pro

192 2243 348 2296 ἄρχοιτο
369 2247 409 2281 iu
421 2244 613 2282 Sancroffi
628 2259 670 2282 ac
681 2243 848 2281 vindob.

190 2303 285 2339 libro
314 2304 505 2339 invenitur
536 2297 721 2352 ἆρχοίατο
741 2301 847 2350 ⁷(Io-

190 2372 401 2396 nummore
421 2372 491 2411 pro
505 2355 719 2411 ἅρχοιντο),
742 2357 847 2410 quod

192 2415 330 2452 arridet
356 2417 637 2466 Wesselingio,
668 2423 711 2452 ut
732 2417 847 2452 etiam

190 2469 218 2522 ἢ
244 2471 454 2524 φρονέοιεν
479 2474 571 2509 olim
590 2473 703 2510 fuisse
723 2474 848 2523 suspi-

192 2536 316 2577 cetur,
364 2543 453 2567 cum
480 2531 642 2566 minime
678 2529 848 2566 offendat

191 2585 417 2635 praecedens
451 2585 570 2634 ἔθνος
598 2588 650 2624 ita
678 2587 845 2638 positum

194 2649 233 2678 ut
251 2644 315 2691 111,
344 2645 444 2684 113:
487 2640 529 2683 τό
560 2641 603 2682 δὲ
631 2642 763 2696 ἕτερον
785 2641 846 2695 γέ-

191 2712 259 2744 νος
277 2701 355 2737 τῶν
374 2696 749 2752 ὀΐων-φορέουσι.
769 2702 846 2737 Nos

192 2754 421 2806 reliquorum
440 2756 552 2795 codd.
583 2758 847 2795 auctoritatem

190 2811 305 2848 secuti
327 2812 550 2851 retinuimus
572 2811 743 2865 ἄρχοιτο.
764 2815 847 2850 Eu-

918 961 1076 1000 stathius
1094 962 1142 1000 ad
1161 964 1321 1016 Dionys.
1333 963 1484 1014 Perieg.
1497 966 1577 1004 323

917 1018 1012 1057 haec
1033 1021 1086 1057 ita
1107 1020 1237 1058 affert:
1270 1017 1334 1060 διο
1365 1019 1433 1059 καὶ
1445 993 1579 1072 ζ,Ἡρό-

919 1077 1033 1124 ὃοτος
1044 1076 1146 1129 λέγει
1160 1074 1254 1124 τοὺς
1268 1072 1430 1145 Θρακας
1443 1075 1579 1116 ἐθνῶν

918 1132 1101 1201 μέγιστον
1139 1132 1235 1186 μετοέ
1277 1150 1372 1180 τους
1406 1129 1576 1180 Ἰνδούς.

916 1192 971 1242 ἠν
991 1188 1033 1230 δὲ
1059 1187 1135 1239 ἄν),
1167 1189 1292 1242 φησι,
1326 1189 1395 1230 καὶ
1423 1188 1577 1241 α’μαχον

913 1246 982 1286 καὶ
1016 1244 1249 1300 κράτιστον,
1298 1245 1369 1287 έιὶν
1402 1244 1483 1287 ind
1518 1245 1579 1286 ἑνὶ

915 1298 1091 1343 ε’ταττετο
1139 1301 1301 1354 ἄρχοντι
1339 1300 1367 1354 ἢ
1413 1299 1576 1354 ἐφρόνει

914 1356 1014 1398 κατὰ
1042 1375 1084 1399 το
1121 1356 1232 1399 αὕτό.
1277 1383 1328 1388 —-
1378 1359 1442 1396 Ad
1462 1361 1576 1397 verba

915 1414 1081 1465 φρονέοι
1109 1414 1209 1455 noc-co?
1244 1412 1374 1456 τωυτό
1407 1417 1508 1453 conf.
1529 1418 1575 1463 V,

913 1475 992 1512 72:
1042 1468 1090 1510 τοὶ
1130 1469 1232 1511 αὐτοὶ
1283 1468 1574 1523 φρονήσαντες,

910 1529 940 1575 I,
977 1531 1044 1569 60.
1073 1529 1118 1576 V,
1141 1532 1235 1570 117.
1268 1530 1355 1566 coll.
1375 1530 1456 1577 VII,
1481 1532 1575 1571 102.

910 1587 968 1621 De
988 1586 1182 1636 particulis
1213 1582 1310 1624 ἀλλὰ
1330 1583 1405 1638 γοὶρ
1425 1587 1465 1622 in
1488 1599 1573 1637 pro-

909 1643 1015 1678 xime
1036 1656 1143 1694 seqq.
1163 1644 1315 1679 monuit
1347 1642 1483 1679 Matth.
1506 1644 1572 1679 Gr.

910 1700 977 1736 Gr.
997 1712 1086 1750 pag.
1111 1699 1232 1740 1243.
1275 1701 1370 1736 Mox
1390 1700 1439 1736 ob
1460 1712 1575 1750 prae-

904 1758 1133 1793 stantiorum
1181 1756 1295 1793 codd.
1342 1770 1573 1793 consensum

903 1826 973 1864 pro
996 1812 1210 1864 ἐγγένηται,
1232 1820 1274 1850 ut
1287 1814 1402 1864 vulgo
1414 1815 1566 1864 legitur,

905 1869 1150 1906 exhibuimus
1167 1870 1213 1908 ἓν
1243 1868 1425 1923 γένηται,
1466 1870 1573 1921 quod

904 1927 1060 1977 vulgato
1093 1927 1231 1963 melius
1258 1925 1440 1964 iudicavit
1467 1928 1571 1963 Mat-

904 1983 1027 2031 thiae,
1060 1984 1178 2020 citans
1209 1982 1404 2021 Schaefer.
1426 1984 1569 2035 Appar-

904 2039 1155 2077 Demosthen.
1182 2042 1218 2076 Π
1251 2054 1340 2091 pag.
1377 2044 1455 2082 321
1490 2054 1570 2092 seq.

904 2097 1142 2135 Infinitivum
1173 2093 1294 2144 εἶναι,
1339 2110 1458 2148 quem
1486 2105 1572 2148 post

904 2155 1021 2191 verba
1050 2151 1149 2193 κατοέ
1179 2150 1312 2193 πάντα
1340 2153 1387 2191 de
1418 2167 1486 2190 suo
1508 2155 1570 2190 in—

904 2219 1067 2249 truserat
1084 2209 1334 2257 Schaderus,
1366 2224 1456 2247 cum
1485 2212 1570 2247 libri

906 2275 1057 2319 praeter
1075 2281 1201 2304 unum
1232 2268 1424 2305 Sancrosti
1457 2266 1567 2304 codi—

905 2339 1004 2373 cem,
1027 2326 1094 2378 qui
1114 2324 1270 2361 exhibet
1283 2323 1346 2363 καὶ
1368 2322 1415 2362 τοὶ
1435 2321 1568 2363 πάντα

906 2378 1009 2421 εἶναι
1049 2379 1177 2431 πλήν,
1228 2383 1339 2418 illmn
1376 2383 1566 2432 ignorent,

905 2440 1082 2487 exstinxi,
1102 2446 1310 2490 praeeunte
1339 2438 1566 2476 Gaisfordio.

961 2526 1067 2580 πλήν
1081 2527 1242 2576 Γετέων,
1266 2527 1333 2567 καὶ
1353 2529 1568 2584 Τραυσῶν]Ι

901 2589 959 2623 De
980 2587 1080 2625 Getis
1105 2584 1184 2622 vid.
1218 2592 1315 2622 nott.
1344 2585 1392 2622 ad
1412 2586 1475 2633 IV,
1498 2587 1564 2626 93.

907 2644 1060 2690 Transi,
1093 2656 1186 2693 gens
1217 2640 1441 2691 Thracum,
1470 2649 1563 2678 teste

901 2701 1010 2737 Livio
1049 2700 1268 2746 XXXVIII,
1307 2699 1383 2748 41,
1430 2697 1561 2749 procul

904 2756 1020 2794 dubio
1033 2763 1118 2794 suut
1142 2757 1294 2793 accolae
1314 2756 1418 2792 fluvii
1433 2752 1561 2797 Traui,

904 2815 1010 2850 cuius
1030 2814 1175 2849 mentio
1188 2812 1229 2849 fit
1238 2812 1320 2859 VII,
1337 2813 1426 2865 109⁴.
1450 2809 1560 2845 conf.

1584 335 1659 361 gens
1674 329 1805 356 omnium

1583 368 1723 386 numer‹›r-
1711 362 1750 388 si
1754 363 1837 393 ῐ-ἰιιιη,

1583 393 1639 420 ned
1656 394 1685 419 in
1708 396 1809 429 plures

1585 426 1681 453 divisa
1707 430 1832 462 prpulos

1581 468 1693 499 parum
1709 468 1831 489 «τοιιοοι-7

1582 495 1655 528 des,
1685 493 1815 529 ideoque

437 512 547 557 ἄλλά
586 531 672 569 γαρ
707 518 838 558 τοῦτο
868 514 1038 569 ἄπορόν
1075 526 1154 571 σφι
1192 516 1265 559 καὶ
1298 514 1679 573 ἆμήχανονδὸιιιίιιῖιε
1703 527 1805 555 valida

800 584 880 626 εἰσὶ
924 582 975 639 δὴ
1006 600 1116 627 κατα
1144 587 1275 627 τοῦτο
1306 583 1522 637 ἀσθενέες.
