1897 3340
3 1026 11 1066 Τ
48 1022 142 1069 121

625 224 926 265 ERATO.
984 224 1058 261 VJ.
1382 224 1467 264 395

205 341 504 395 Δαρεῖος·οἳ
541 337 616 380 καὶ
642 335 766 390 μέχρι
795 332 893 388 ἐμέο
924 330 1041 388 εἶχον
1077 329 1159 386 τήν
1187 326 1346 410 χώρην
1360 329 1468 372 ταύ-

203 425 295 464 την,
317 406 611 463 φυλάσσοντες
638 403 718 457 τὴν
748 400 933 457 ἀρχαίην
961 403 1177 456 γλωσσαν.
1218 397 1271 440 τοὶ
1302 397 1380 452 μὲν
1411 396 1463 452 δὴ
1483 402 1527 438 55

40 480 140 526 120
206 476 307 530 περὶ
334 473 568 527 Ἐρετριέας
590 471 681 526 ἔσχε
711 469 840 513 οὕτω.
900 469 1263 522 Λακεδαιμονίων
1283 466 1328 509 δὲ
1356 467 1466 520 ἡκου

203 544 247 595 ἐς
263 543 339 593 τὰς
357 539 544 596 Ἀθήνας
570 539 769 594 δισχίλιοι
790 535 895 592 μετοὲ
925 536 1004 592 τὴν
1034 535 1321 590 πανσέληνον,
1352 535 1470 589 εἶχον-

1528 535 1545 552 v

203 627 272 662 τες
293 607 490 663 σπουδήν
515 605 680 662 πολλὴν
703 608 964 660 καταλαβεῖν
983 603 1120 656 οὕτω,
1155 602 1263 646 ὥστε
1284 607 1474 656 τριταῖοι

176 681 254 723 Ξέκ
272 676 480 731 Σπάρτης
499 675 700 730 ἐγένοντο
731 673 779 717 ἐν
807 677 859 730 τῇ
882 671 1065 729 Ἀττικῇ.
1108 671 1285 724 ὕστεροι
1307 669 1353 713 δὲ
1378 670 1474 713 άπι-

205 747 385 801 κόμενοι
425 746 501 798 τῆς
531 744 775 797 συμβολῆς,
820 743 1041 797 ἱμείροντο
1082 738 1196 793 ὅμως
1225 739 1473 794 θεήσασθαι

205 812 311 864 τοὺς
332 811 530 868 Μήδους.
567 808 773 861 ἐλθόντες
803 810 848 853 δὲ
869 810 910 859 ἐς
939 809 1017 851 τόν
1038 802 1321 860 Μαραθῶνα,
1352 805 1468 862 ἐθεή-
1485 813 1531 847 60

210 893 365 925 σαντο·
404 878 509 935 μετοὶ
541 879 606 929 δὲ,
641 878 858 927 αἰνέοντες
884 875 1146 932 Ἀθηναίους
1174 875 1248 918 καὶ
1277 875 1326 918 τὸ
1348 875 1478 931 ἔργον
1526 924 1531 929 Δ

211 948 384 1000 αὐτῶν,
432 945 767 991 ἀπαλλάσσοντο
798 943 951 989 ὀπίσω.

303 1018 467 1073 Θῶυμα
504 1014 550 1060 δέ
589 1032 685 1072 μοι,
729 1014 806 1058 καὶ
838 1012 921 1058 οὐκ
959 1011 1190 1072 ἐνδέκομαι
1218 1010 1299 1055 τὸν
1328 1010 1475 1068 λόγον,

156 1200 339 1255 quodque
358 1213 501 1252 purum
532 1201 562 1239 si
582 1201 728 1238 factum
747 1208 815 1249 est,
872 1196 1057 1246 νέσαντες
1073 1228 1083 1247 ,
1105 1196 1209 1252 quod
1230 1196 1458 1237 Schaeferus
1474 1211 1537 1236 re-

155 1257 350 1309 naphthae
380 1271 523 1295 nomen
555 1260 702 1309 accipit.
759 1260 818 1295 De
872 1257 999 1294 tinuit.

157 1315 320 1366 asphalto
350 1315 428 1352 sive
459 1317 624 1353 bitumine
653 1316 755 1355 conf.
787 1316 818 1364 I,

160 1374 240 1413 179
267 1372 398 1424 ibique
418 1379 514 1410 nott.

217 1461 257 1502 οἳ
282 1459 350 1500 καὶ
383 1460 492 1513 μέχρι
523 1460 612 1514 ἐμέο
638 1478 676 1502 κ.
706 1476 739 1501 τ.
765 1462 822 1511 λ.]

159 1519 346 1565 Quilocus
359 1517 589 1556 documento
611 1527 676 1566 est,
698 1521 825 1570 ipsum

159 1574 402 1612 Herodotum
441 1577 540 1613 ultra
569 1577 825 1627 Babyloniam

159 1645 282 1684 usque
313 1631 362 1668 ad
404 1632 609 1670 CiSSIOrum
651 1634 824 1683 regiones

159 1689 464 1741 proficiscentem
490 1691 718 1741 pervenisse.
766 1692 825 1726 De

161 1759 240 1798 quo
263 1747 414 1782 monuit
445 1749 571 1798 Heyse
594 1748 746 1792 Quaest.
784 1761 823 1797 p.

164 1805 258 1843 100.
323 1803 453 1854 Atque
495 1803 714 1841 Philostrati
754 1802 825 1854 (V.

163 1859 292 1909 Apoll.
320 1860 350 1905 Ι,
373 1860 454 1909 36)
482 1867 623 1908 aetate,
655 1862 827 1912 quinque

163 1915 280 1965 igitur
308 1921 392 1965 post
411 1918 592 1965 saeculis,
622 1918 705 1954 illos
731 1916 827 1954 haec

166 1972 252 2009 loca
267 1970 392 2009 adhuc
412 1975 577 2012 tenuisse
597 1974 829 2026 accepimus.

390 2077 483 2128 Cap.
496 2077 619 2114 CXX.

226 2146 484 2197 καταλαβεῖν]
506 2147 613 2182 Bene
628 2141 832 2195 Schweig-

169 2200 301 2240 haeus.
316 2215 326 2240 z
356 2215 426 2240 rem
444 2202 563 2240 adhuc
582 2204 758 2251 integram
770 2202 832 2239 tle-

166 2260 392 2310 prehensuri,
424 2263 528 2297 tanta
559 2262 619 2296 usi
642 2263 724 2296 sunt
746 2255 833 2296 cele-

171 2319 292 2354 ritate.
350 2317 407 2352 De
427 2317 510 2354 viae
530 2315 770 2367 longitudine
782 2316 832 2356 cf.

172 2379 270 2410 nott.
291 2370 340 2408 ad
359 2373 422 2421 VI,
447 2375 538 2413 106.

231 2446 391 2502 ὕστεροι,
458 2447 502 2489 δὲ
564 2447 833 2503 ἀπικόμενοι]

177 2506 386 2557 Spartanos
423 2505 618 2545 advenisse
636 2511 689 2562 τῇ
717 2507 836 2548 υστε-

177 2563 270 2628 ραία
292 2565 364 2614 τῆς
394 2577 523 2612 μαχης
578 2565 690 2601 Plato
727 2565 838 2602 tradit

176 2620 218 2656 in
237 2621 390 2657 Menex.
412 2633 450 2669 p.
466 2620 548 2660 240
569 2620 625 2667 0.,
644 2627 687 2657 ut
708 2622 839 2659 obsei-

179 2682 243 2713 vat
261 2676 494 2725 Wesseling.
550 2675 614 2712 Ad
638 2674 720 2715 τὸν
739 2680 840 2716 Μα-

183 2734 354 2780 ραθῶνα
375 2733 476 2769 conf.
488 2738 584 2769 nott.
605 2731 654 2769 ad
663 2733 726 2781 Vl,
746 2736 840 2775 102.

185 2787 279 2823 Mox
311 2789 486 2825 revocavi
525 2786 748 2837 αἰνέοντες,
796 2797 840 2827 ut

184 2843 358 2896 plerique
387 2845 514 2882 ferunt
553 2845 640 2883 libri
681 2858 751 2897 pro
779 2845 840 2887 αἰ·

1079 1335 1173 1386 oap.
1193 1334 1332 1372 CXXI.

938 1427 1087 1476 Θῶυμα
1116 1423 1159 1464 δέ
1194 1440 1261 1476 μοι
1291 1423 1359 1464 καὶ
1379 1420 1453 1464 ουίι
1474 1424 1540 1464 ἒν-

882 1481 1046 1532 ὂέκομαι
1085 1479 1156 1521 τόν
1200 1478 1341 1535 λόγον]
1394 1484 1540 1532 Tangit

882 1539 1100 1576 Herodotea
1129 1539 1231 1575 Plut.
1265 1541 1300 1574 II
1321 1553 1358 1589 p.
1381 1541 1464 1580 862
1493 1540 1543 1576 E.

882 1611 938 1649 sq.
951 1595 1100 1633 Eadem
1119 1595 1198 1632 fere
1218 1596 1403 1642 V1‚123:
1426 1599 1542 1634 θῶν-

884 1669 938 1705 μοι
969 1654 1027 1691 ὠν
1065 1667 1131 1703 μοι
1159 1651 1226 1691 καὶ
1258 1650 1307 1691 ου’
1330 1653 1544 1704 προσίεμαι

881 1726 955 1760 την
968 1706 1160 1760 διαβολην
1182 1724 1218 1747 κ.
1231 1724 1264 1747 τ.
1278 1711 1310 1746 λ.
1303 1737 1326 1755 .,
1341 1722 1439 1789 quoQ
1434 1717 1544 1747 utro-

884 1780 958 1818 que
978 1768 1062 1803 loco
1083 1766 1200 1802 Gaisf.
1231 1765 1386 1803 dederat
1408 1770 1546 1817 θῶμα.

885 1824 997 1861 Conf.
1026 1824 1090 1869 VI,
1129 1825 1221 1862 117.
1279 1824 1426 1873 Insigni
1454 1837 1545 1861 vero

885 1880 1117 1918 documento
1139 1877 1246 1926 hicce
1270 1880 1395 1923 locus,
1427 1893 1547 1932 quam

885 1944 1059 1974 accurate
1095 1937 1134 1971 in
1155 1937 1304 1986 singula
1322 1938 1458 1974 Noster
1483 1939 1547 1973 in—

887 1995 1079 2046 quisierit,
1118 1993 1210 2029 falsa
1243 2005 1265 2028 a
1299 1995 1396 2030 veris
1418 1993 1550 2031 sedulo

887 2051 1101 2088 discernere
1111 2048 1266 2086 studens
1287 2052 1373 2086 etin
1388 2058 1550 2088 tractem-

888 2107 944 2145 dis
965 2107 1101 2144 sabulis
1122 2107 1259 2143 iustam
1284 2107 1416 2157 κρίσιν
1438 2106 1552 2144 adhi-

887 2166 996 2202 bens.
1055 2165 1112 2200 De
1152 2176 1229 2215 quo
1269 2165 1394 2201 Nostri
1428 2164 1556 2203 studio

890 2221 1057 2259 diximus
1105 2219 1153 2256 ad
1188 2221 1263 2264 ΙΙΙ,
1303 2224 1342 2268 2,
1379 2221 1552 2274 dixitque

890 2278 1209 2316 Creuzer.Histor.
1220 2279 1345 2314 Kunst
1356 2277 1553 2317 d.Griech.

889 2351 929 2388 p.
953 2338 1046 2376 108.
1077 2334 1263 2371 Herodoti
1281 2347 1371 2371 sane
1394 2349 1439 2372 eo
1468 2349 1553 2372 ma..

891 2395 947 2444 gis
976 2391 1148 2428 interfuit
1178 2404 1268 2429 vera
1296 2393 1336 2428 in
1357 2391 1460 2429 hisce
1485 2405 1555 2430 co-

891 2462 1086 2501 gnoscere,
1109 2461 1185 2500 quo
1206 2450 1330 2485 maior
1348 2450 1556 2486 Alcmaeo-

892 2506 1072 2544 nidarum
1092 2507 1215 2556 stirpis
1226 2506 1329 2542 fama
1342 2513 1457 2558 atque
1468 2508 1557 2557 glo-

894 2566 949 2601 ria
970 2576 1128 2600 omnem
1149 2576 1217 2613 per
1242 2563 1442 2600 Graeciam
1462 2576 1557 2614 pro-

894 2626 1034 2671 pagata
1061 2633 1134 2656 neo
1162 2620 1290 2656 minor
1327 2621 1444 2671 ipsius
1473 2621 1556 2655 He-

895 2676 1020 2714 rodoti
1055 2689 1167 2724 cura,
1213 2688 1466 2727 quaecunque
1507 2674 1557 2711 ad

894 2732 1191 2770 Atheniensium
1200 2733 1370 2769 facerent
1381 2733 1556 2782 gloriam,

893 2790 1118 2841 praesertim
1147 2787 1196 2825 de
1225 2796 1340 2838 gente
1377 2788 1560 2825 libertatis

895 2858 920 2884 a
947 2846 1119 2899 tyrannis
1138 2844 1392 2884 vindicandae
1411 2843 1560 2882 studio-

1528 460 1561 486 l’·
1556 468 1634 493 ugrna
1652 461 1711 486 iam
1730 469 1786 494 pn*

1526 502 1565 526 gn
1570 483 1638 526 :it-1,
1668 494 1803 522 Athenas

1550 527 1657 553 eninnt
1676 527 1790 556 amnia.

1528 562 1761 596 Spartanorum.

1534 1007 1691 1043 DigressIo
1719 1007 1758 1035 de

1533 1041 1763 1072 Alcmaeoniae.-

1880 906 1897 996 ‘Vfi
1879 830 1897 896 ’ΒΧ
1880 719 1897 817 2522:

1879 1029 1897 1071 ¹
