1897 3340
433 223 518 263 286

408 333 519 387 3τῆς
559 328 742 386 ἠπείρου
780 331 855 374 καὶ
904 328 990 373 ἀπὸ
1030 333 1120 373 τῶν
1154 329 1391 385 μετάλλων.

828 219 1293 259 HERODOTI

1447 328 1496 372 ἐκ
1532 327 1611 383 μέν
1648 344 1697 385 γε

436 402 526 443 τῶν
554 398 602 442 ἐκ
631 402 838 455 Σκαπτῆς
856 398 987 453 Γ’Υλης
1023 402 1112 440 τῶν
1141 399 1336 453 χρυσέων
1364 397 1610 453 μετάλλων,
1649 395 1699 440 τὸ

438 468 598 511 ἐπίπαν
628 465 880 521 ὀγδώκοντα
910 465 1098 509 τάλαντα
1125 463 1325 521 προσήϊε·
1366 465 1412 508 ἐκ
1448 465 1495 508 δὲ
1529 468 1619 507 τῶν
1650 463 1756 506 ἐνΞΟ

437 533 550 591 αὐτῇ
583 533 712 590 Θάσῳ
725 568 736 586 ,

779 532 943 589 ἐλάσσω
973 534 1052 587 μὲν
1079 533 1271 584 τούτων,
1312 531 1448 588 συχνὰ
1485 531 1531 575 δὲ
1567 531 1699 582 οὕτω,

437 601 547 646 ὥστε
589 600 640 644 τὸ
680 601 837 644 ἐπίπαν
878 602 1099 655 Θασίοισι,
1151 601 1275 645 ἐοῦσι
1309 602 1491 654 καρπῶν
1523 598 1699 653 ἀτελέσι,

381 799 540 852 quidem
593 799 786 836 frumento
826 794 1042 835 abundabat

381 870 426 894 ac
446 858 534 894 vino
556 855 731 905 egregio·
722 882 732 901 ,
754 851 920 905 indeque
942 853 1042 892 divi-

379 914 441 950 tiis
471 919 507 949 et
537 913 670 962 opibus
704 910 904 957 excelluit,
944 924 1042 962 qua-

379 982 467 1006 rum
504 981 641 1020 parum
679 979 829 1002 memor
862 939 1042 1004 A'rchilo—

378 1024 493 1073 chus,
520 1032 563 1061 ut
594 1023 642 1061 ad
662 1021 701 1059 h.
730 1023 757 1059 l.
777 1025 927 1060 monuit
946 1025 1040 1060 Val-

377 1081 492 1118 cken.
513 1083 630 1118 citans
650 1078 791 1117 Athen.
812 1081 887 1115 XII
904 1094 943 1130 p.
957 1081 1038 1121 523

377 1136 552 1175 Eustath.
572 1139 611 1174 iu
633 1138 677 1174 11.
698 1137 785 1173 VIII
804 1150 843 1187 p.
865 1138 958 1184 616,
972 1136 1039 1175 46.

376 1193 563 1232 Plutarch
591 1196 650 1230 De
678 1194 798 1229 Exsil.
838 1205 926 1243 pag.
959 1190 1040 1232 604

376 1253 447 1299 B„
495 1253 536 1288 in
565 1250 794 1288 carminibus
824 1251 900 1285 suis
929 1247 1042 1285 Tha-

377 1321 465 1345 sum
486 1307 693 1359 despicatui
712 1305 858 1342 habuit.

338 1415 341 1419 Δ
437 1364 481 1404 ἐκ
512 1364 584 1416 μέν
611 1378 655 1416 γε
680 1377 760 1401 των
789 1361 831 1401 ἐκ
852 1362 1042 1411 Σκαπτῆς

365 1417 497 1471 Τλης
517 1435 598 1466 των
622 1417 797 1471 χρυσέων
821 1414 1040 1469 μεταλλων]

376 1479 565 1516 Voculam
576 1491 616 1530 γε
632 1477 804 1527 inprimis
820 1482 930 1525 uiget
944 1475 974 1510 Ι
979 1487 1042 1509 ar—

379 1533 482 1573 cher.
504 1533 666 1570 reddens
695 1545 744 1569 au
776 1534 899 1568 moins.
956 1532 1042 1566 Eu-

377 1590 491 1628 stath.
519 1589 567 1627 ad
595 1591 754 1639 Dionys.
772 1589 934 1637 .Perieg.
957 1587 1039 1627 517

376 1646 617 1684 Herodotum
647 1647 765 1682 citans
791 1643 946 1681 exhibet
968 1641 1037 1693 μέ·-

377 1707 498 1742 ταλλα
536 1704 660 1754 χρυσοῖ
710 1702 888 1752 σκαπτῆς
924 1695 1037 1748 ὕλης.

378 1760 573 1812 Equidem
592 1758 826 1804 morentini,
859 1757 1038 1802 aliorum5

377 1818 518 1854 retinui
536 1817 752 1861 lectionem,
769 1826 885 1865 quam
903 1826 949 1848 ex
959 1824 1038 1848 uno

379 1873 572 1912 Sancrofti
610 1872 706 1908 libro
747 1867 967 1919 Schweigh.
999 1874 1037 1904 et

378 1931 497 1969 Gaisf.
518 1934 716 1966 mutarunt
735 1927 776 1963 in
797 1925 839 1966 ἐν
866 1926 1038 1978 Σκαπτῇ

365 1982 485 2040 ‘Tay
543 1986 596 2022 At
625 1984 703 2021 vid.
722 1982 858 2020 Matth.
881 1984 947 2019 Gr.
970 1982 1036 2018 Gr.

376 2042 725 2094 pag.558.1193
746 2040 833 2077 coll.
855 2040 950 2086 562,
972 2038 1037 2089 qui

377 2101 494 2136 etiam
524 2097 571 2135 de
597 2099 724 2133 minus
753 2097 862 2133 solito
899 2095 1039 2132 vexbo-

376 2169 465 2192 :rum
486 2155 618 2192 ordine
643 2152 855 2190 admonuit.
910 2152 1040 2188 Etiam

377 2211 548 2248 Bekker.
586 2211 740 2246 retinuit
771 2208 813 2248 ἐκ
847 2209 1037 2257 Σκαπτῆς

377 2264 489 2318 ’ν’λης.
539 2265 654 2317 Apud
675 2263 861 2316 Stephan.
882 2265 976 2314 Byz.
996 2277 1035 2313 p.

378 2327 475 2365 672.
506 2319 774 2372 Σκαπτησύλη
798 2317 913 2366 πόλις
930 2316 1038 2383 Θρᾴ-

377 2395 452 2429 ‘myg-
482 2395 625 2430 μικρα,
681 2374 846 2428 αντικρῦ
886 2371 1035 2415 Θάσου.

377 2438 453 2474 Ubi
483 2435 716 2473 coniunctim
744 2434 918 2471 scribitur
945 2445 1036 2470 vox-

378 2495 445 2530 Tu
467 2495 602 2529 rectius
622 2505 711 2529 sane
723 2491 860 2528 scribes
872 2485 1035 2539 Σκαπτη

365 2547 492 2600 ”Τλη,
538 2548 656 2586 divisa
686 2547 848 2599 utraque
887 2546 1035 2592 vocula,

379 2619 497 2659 quam
516 2605 589 2642 hoc
603 2618 755 2657 quoque
770 2605 853 2640 loco
875 2604 1038 2639 coniun-

378 2671 480 2702 ctam
502 2662 692 2699 Sancrosti
711 2661 806 2697 liber
821 2660 943 2697 offert.
964 2661 1039 2696 Re-

380 2722 444 2771 gio
465 2721 545 2771 ipsa
565 2718 696 2756 Thaso
719 2718 790 2754 fuit
812 2718 982 2767 opposita
999 2719 1037 2753 in

379 2776 612 2823 continenti3
650 2787 724 2827 qua
753 2774 911 2825 posthac
930 2775 1040 2824 potiti

379 2840 468 2872 sunt
486 2832 736 2871 Athenienses
757 2843 950 2884 quamque
980 2838 1039 2869 et-

1096 799 1175 835 iam
1195 798 1247 835 ita
1272 804 1497 844 tenuerunt,
1526 803 1569 834 ut
1597 795 1755 846 siugulis

1095 856 1231 892 Atticis
1251 855 1395 891 civibus
1408 854 1573 902 metalla,
1588 865 1756 904 quorum.

1099 913 1213 948 etiam
1235 909 1483 961 Thucydides
1513 910 1699 946 meminit·
1722 910 1753 956 I,

1101 971 1194 1015 100,
1228 980 1413 1018 agrosque
1443 967 1668 1003 concessisse
1691 966 1754 1002 vi·-

1098 1023 1271 1060 deantur.
1331 1025 1430 1060 satis
1449 1029 1617 1070 constat,
1638 1020 1755 1059 Thu-

1097 1079 1276 1131 cydidem
1296 1080 1439 1117 ibidem
1452 1078 1656 1130 possedisse
1668 1091 1755 1115 me-

1095 1138 1204 1184 talla,
1239 1150 1337 1188 quae
1359 1138 1405 1174 ab
1425 1149 1545 1172 uxore
1564 1134 1654 1172 hinc
1680 1134 1755 1172 du-

1097 1200 1156 1229 cta
1167 1201 1374 1244 acceperat,
1396 1194 1524 1245 ibique
1537 1193 1651 1230 etiam
1667 1191 1756 1228 diu-

1096 1251 1170 1286 tius
1191 1263 1269 1286 esse
1302 1257 1604 1296 commoratum,
1633 1247 1756 1285 histo-

1098 1307 1176 1342 riae
1196 1306 1416 1343 scribendae
1439 1318 1594 1356 operam
1605 1317 1757 1341 navan-

1098 1369 1192 1400 tem.
1231 1363 1318 1401 vid.
1343 1364 1553 1400 Marcellin.
1573 1363 1620 1399 V.
1641 1359 1757 1398 Thu—

1099 1419 1185 1471 0)(1.
1209 1420 1246 1465 §-
1272 1422 1372 1460 19.
1348 1420 1400 1460 05
1423 1420 1514 1471 ibiq.
1536 1425 1632 1456 nott.
1642 1419 1757 1454 Mau-

1096 1483 1195 1514 11er.t
1217 1476 1462 1527 V11p.235.
1519 1475 1582 1513 Ad
1602 1471 1646 1514 τό
1671 1474 1757 1514 ἐπί-

1096 1548 1178 1571 παν
1198 1533 1299 1570 conf.
1321 1534 1384 1581 lv,
1419 1535 1471 1574 68
1492 1533 1583 1584 ibiq.
1604 1538 1701 1590 nqtt.
1719 1536 1758 1567 et

1097 1587 1146 1624 ad
1181 1590 1343 1626 verbum
1385 1585 1557 1639 προσήΐε
1595 1589 1758 1637 VI,17.

1094 1646 1189 1681 Mox
1216 1641 1371 1684 τούτων
1407 1644 1496 1682 dedi
1539 1657 1610 1696 pro
1660 1658 1757 1683 του-

1092 1715 1204 1740 τεων.

1152 1757 1263 1796 ἐοῦσι
1282 1759 1449 1807 καρπῶν
1471 1753 1647 1804 α’τελέσι]
1674 1757 1756 1803 „Et

1094 1814 1115 1850 f
1113 1815 1277 1850 rumenti
1299 1815 1406 1864 copia
1417 1812 1633 1850 abundabat
1644 1810 1756 1849 Tha-

1093 1883 1156 1907 sus
1177 1877 1213 1907 et
1241 1872 1377 1907 vinum
1399 1883 1554 1922 quoque
1582 1869 1755 1920 inprimIS

1093 1927 1242 1963 celebre
1273 1925 1462 1964 Thasium
1502 1933 1593 1963 erat.
1674 1924 1754 1963 Sed

1093 1983 1274 2020 videntur
1304 1991 1339 2019 et
1358 1984 1497 2020 fertiles
1517 1982 1754 2020 Thasiorum

1095 2041 1174 2090 agri
1196 2046 1232 2076 et
1259 2041 1387 2076 vineta
1421 2041 1461 2076 in
1481 2040 1651 2091 opposita
1671 2051 1754 2076 con-

1096 2099 1229 2133 tinente
1269 2095 1337 2144 (ἐν
1366 2092 1542 2148 ἠπείρῳ)
1583 2096 1754 2132 maxime

1093 2153 1228 2198 fuisse3
1260 2165 1400 2203 nempe
1414 2154 1451 2189 in
1472 2151 1661 2189 Thraciae
1674 2164 1752 2199 ora,

1094 2222 1191 2260 quae
1202 2207 1433 2246 Thasiorum
1445 2210 1535 2246 fuit:
1559 2210 1623 2260 qui
1633 2220 1755 2260 quum

1092 2266 1285 2301 fructuum
1314 2267 1470 2302 nomine
1492 2278 1540 2301 ex
1561 2277 1604 2301 ea
1626 2266 1755 2315 regio-

1093 2335 1143 2358 ne
1162 2329 1430 2372 perceptorum
1460 2335 1531 2358 nec
1552 2321 1752 2358 Thracum

1093 2380 1244 2429 regibus
1273 2392 1344 2415 nec.
1373 2379 1495 2415 Persis
1515 2378 1668 2427 vectigal
1693 2377 1753 2414 ul-

1094 2435 1166 2472 lum
1207 2442 1270 2471 aut
1309 2436 1477 2472 tributum
1526 2434 1751 2486 penderent,

1094 2490 1203 2530 ἐοῦσι
1221 2494 1386 2543 καρπῶν
1416 2487 1585 2538 ἀτελέσι,
1619 2489 1668 2527 ad
1687 2503 1752 2526 re-

1094 2547 1212 2595 ditus,
1245 2561 1340 2599 qnos
1368 2561 1417 2584 ex
1445 2548 1607 2585 metallis
1626 2547 1752 2598 perci—-

1094 2605 1259 2655 plebemt,
1281 2606 1436 2655 insignis
1458 2605 1660 2656 quotannis
1682 2615 1754 2640 cu-

1093 2662 1220 2698 mulus
1241 2674 1290 2698 ex
1316 2674 1495 2712 agrorum
1515 2662 1674 2697 istorum
1691 2660 1754 2697 vi-

1093 2725 1349 2770 netorumque
1377 2724 1564 2769 proventu
1593 2717 1665 2754 illis
1687 2728 1753 2753 ac-

1095 2773 1265 2814 cedebat.
1278 2776 1302 2795 “
1352 2775 1410 2813 Sc
1427 2773 1622 2823 laweigh.
1670 2773 1752 2810 Neo

1094 2833 1202 2869 aliter
1211 2832 1250 2874 11,
1260 2833 1286 2870 l.
1297 2833 1417 2884 accipi
1425 2829 1535 2871 video
1546 2843 1568 2868 a
1576 2827 1752 2868 Boeckh.
