1897 3340
549 162 1179 201 POLYMNlA.v11.
1426 170 1510 208 573

243 275 344 326 νέας
392 273 659 330 πεντήκοντα
703 272 777 315 καὶ
817 269 992 320 ἑκατόν,
1051 270 1360 324 ἐσκευασμένοι
1412 268 1508 315 ὦδε.

239 343 314 391 τοὶς
353 344 432 397 μὲν
469 340 661 397 κεφαλὰς
692 340 874 393 εἱλίχατο
907 339 1083 392 μίτρῃσι
1127 339 1171 380 οἵ
1207 337 1402 392 βασιλέες
1432 339 1508 382 αὐ-

239 414 346 453 τῶν·
387 411 432 452 οἱ
474 410 520 453 δὲ
550 407 674 451 ἄλλοι
705 403 822 461 εἶχον
846 409 1075 457 κιθῶνας·
1106 405 1159 448 τοὶ
1183 406 1228 449 δὲ
1259 405 1365 448 ἄλλα
1394 405 1504 448 κατά

213 485 324 531 Ξπερ
343 477 559 532 ”Ελληνες.
609 473 787 518 Τούτων
818 473 864 516 δὲ
882 473 1040 518 τοσάδε
1062 473 1193 517 ἔθνεά
1214 473 1328 517 ἐστι·
1360 474 1404 516 οἷ
1415 472 1562 528 μὲν,65

240 543 327 589 ἀπὸ
367 547 620 596 Σαλαμῖνος
648 542 723 585 καὶ
750 540 992 597 Ἀθηνέων·
1034 544 1078 585 οἱ
1122 544 1191 592 δὲ,
1237 540 1324 585 ἀπὸ
1347 538 1508 594 Ἀρκα-

240 615 354 668 δίης·
387 613 431 654 οῖ
458 611 515 660 δὲ,
545 608 631 653 ἀπὸ
663 608 876 653 Κύθνου·
911 612 954 653 οἷ
984 611 1042 661 δὲ,
1076 607 1163 654 ἀπὸ
1201 610 1429 664 Φοινίκης·
1462 609 1506 650 οἱ

239 681 307 729 δὲ,
354 677 446 721 ἀπὸ
499 679 760 734 Αἰθιοπίης,
815 695 875 730 ως
921 677 1045 722 αὐτοὶ
1088 678 1281 732 Κύπριοι
1319 677 1505 731 λέγουσι.

107 755 171 799 91
233 749 404 796 Κίλικες
433 745 480 789 δὲ
509 745 665 790 έκατόν
693 748 950 803 παρείχοντο
973 747 1087 798 νέας
1121 748 1249 790 οὑτοι
1268 743 1304 790 δ’
1327 747 1382 789 αὐ
1406 745 1505 800 περὶ
1561 747 1672 827 ἑξεῖ
1704 809 1721 828 a
1747 804 1756 827 t

1589 810 1594 826 Ι
1614 810 1637 826 11·
1642 809 1672 828 GE
1725 810 1741 827 ΙΙ
1761 810 1776 827 (¹

1561 834 1656 862 (Alict
1659 845 1685 862 111
1720 837 1780 868 Ag
1767 846 1836 863 no

1559 870 1600 896 ris
1619 868 1714 897 fllium
1734 870 1775 905 Η)
1785 879 1836 905 pa-

178 967 289 1020 μένοι
310 963 428 1020 ἦσαν,
442 966 481 1005 id
501 980 591 1005 sane
610 974 697 1004 ante
710 968 838 1004 omnia

179 1025 358 1078 equidem
378 1027 496 1063 velim
530 1024 692 1061 edoceri.
723 1023 839 1075 Apud

177 1085 279 1134 Hes)
283 1081 343 1120 ch.
366 1084 381 1118 I
402 1077 840 1133 Ρος.1468.ε’σταλα-

178 1140 320 1179 δαντο·
339 1141 458 1188 (male
470 1140 609 1175 inserta
629 1139 736 1174 litera
748 1137 816 1187 ν)’
801 1153 840 1177 ε-

175 1195 422 1247 στολισμένοι
440 1197 558 1245 ησαν.
610 1196 661 1231 At
680 1196 745 1231 vix
767 1194 840 1232 du-

176 1253 302 1299 bium,
324 1266 386 1289 me
409 1251 565 1305 quidem
584 1251 724 1300 iudice,
747 1253 839 1303 quin

175 1317 351 1361 corrupta
394 1312 440 1347 sit
460 1307 585 1345 adhuc
607 1310 759 1359 vulgata
779 1310 838 1345 le-

174 1367 262 1414 ctio,
304 1379 402 1419 quae
440 1379 536 1402 num
566 1366 607 1401 iu
647 1362 834 1405 ἐστάλατο

174 1422 298 1474 (quod
336 1423 426 1460 fecit
463 1420 682 1471 Bekkerus)
714 1436 762 1458 an
795 1424 836 1458 in

172 1479 396 1519 ἔστολίδατο
418 1481 463 1516 sit
489 1479 773 1527 commutanda,
795 1478 835 1516 id

172 1537 253 1573 aliis
294 1535 582 1574 diiudicandum
621 1537 835 1589 relinquere

170 1594 318 1631 malim.

401 1706 494 1757 Cap.
514 1707 598 1744 XC.

230 1818 415 1869 εἷλίχατο]
448 1819 559 1855 Conf.
585 1819 666 1865 VII,
689 1819 755 1858 62.
781 1819 834 1858 76

171 1874 219 1912 de
248 1874 320 1912 hac
350 1876 484 1912 forma.
542 1874 652 1912 Idem
681 1873 836 1911 exhibet

169 1931 389 1969 Eustathius
412 1934 500 1969 loco
522 1946 633 1982 snpra
664 1930 831 1977 laudato,

170 1991 236 2041 qui
256 1991 496 2039 κατειλίχατο
525 2002 613 2039 pag.
649 1988 744 2034 454,
782 1986 831 2027 15

166 2059 198 2086 s.
221 2046 320 2090 345,
350 2045 416 2085 46.
475 2045 537 2081 Ad
559 2058 694 2082 vocem
716 2044 833 2095 μίτρα

169 2103 270 2139 conf.
302 2103 413 2138 allata
434 2101 482 2138 ad
503 2103 682 2148 V11‚62;
715 2108 752 2137 et
782 2100 830 2137 ad

168 2172 302 2196 vocem
334 2158 485 2209 βασιλέε
472 2175 508 2205 ς
539 2158 619 2208 (sic
641 2159 744 2194 enim
760 2171 831 2193 ex-

168 2214 276 2251 hibui
287 2228 354 2265 pio
371 2216 570 2280 βασιλῆες,
592 2222 634 2251 ut
646 2228 739 2251 mox
756 2208 831 2252 αὖ-

169 2274 249 2309 τῶι
270 2284 338 2321 pro
362 2266 513 2310 αὐτέων
533 2279 569 2308 et
588 2273 739 2311 τούτων
759 2283 827 2322 pro

171 2327 360 2377 τουτέων)
380 2334 475 2364 nott.
497 2327 545 2364 ad
574 2329 619 2376 V,
653 2331 744 2369 109.

227 2437 269 2478 οἵ
301 2435 343 2477 δὲ
374 2435 486 2477 ἄλλοι
506 2435 610 2488 εἶχον
627 2442 825 2490 κιθῶνας]

167 2496 358 2540 Pauwins,
381 2508 495 2546 quem
506 2503 715 2546 sequuntur
734 2498 830 2532 Lar-

169 2551 305 2589 cherns
335 2559 371 2587 et
395 2553 510 2598 Miot,
541 2554 721 2597 κιθῶνας
742 2566 830 2588 mu-

170 2615 291 2645 tatum
312 2609 392 2645 vult
411 2609 449 2644 in
470 2603 672 2658 κιτάριαςε
703 2608 834 2658 reliqui

171 2664 341 2714 (vulgus)
372 2664 561 2713 gestabant
581 2665 719 2711 citares,
741 2678 830 2701 cum

170 2733 276 2770 reges
286 2722 485 2757 scil.1nitris
495 2726 702 2756 uterentur.
726 2721 830 2757 Cou-

171 2782 228 2813 tra
258 2789 373 2828 quem
393 2778 490 2814 bene
504 2806 514 2823 ,
545 2777 576 2813 si
596 2776 689 2828 quid
703 2775 828 2826 video,

895 968 1198 1017 Wesselingius:
1250 966 1435 1015 „Tunicas
1465 967 1559 1004 scri-

896 1031 981 1075 ptor
1000 1025 1107 1073 vulgo
1121 1025 1325 1075 Cypriorum
1346 1025 1484 1071 tribuit,
1506 1037 1558 1060 ‘re-

895 1082 1000 1130 gibus
1020 1089 1159 1131 negat:
1192 1083 1322 1131 capitis
1345 1094 1478 1117 eornm
1498 1087 1558 1117 te—

895 1151 1024 1188 gmen,
1060 1137 1164 1190 quod
1186 1139 1354 1184 reticuit,
1385 1137 1557 1174 abditum

895 1202 1047 1231 tenetur
1076 1197 1116 1230 in
1144 1195 1411 1246 sequentibus,
1436 1191 1484 1233 τοὶ
1514 1191 1558 1233 δὲ

895 1248 993 1290 ἄλλα
1013 1248 1187 1304 κατάπερ
1198 1248 1443 1302 “Eumae“

955 1359 1117 1404 Τούτων
1135 1361 1178 1403 δὲ
1203 1359 1348 1404 τοσάδε
1372 1362 1495 1403 ἔθνεα
1517 1379 1555 1402 κ.

891 1435 924 1460 τ.
958 1421 1026 1469 λ-]
1064 1420 1278 1458 Herodotus
1298 1422 1464 1471 singulas
1492 1422 1557 1457 in-

893 1476 1082 1514 dicaturus
1132 1479 1360 1529 Cypriorum
1409 1485 1555 1528 gentes,

893 1547 990 1586 quae
1043 1534 1092 1570 ad
1131 1533 1230 1571 hanc
1271 1534 1558 1585 expeditionem

890 1592 1133 1642 praebuerint
1153 1605 1290 1639 naves,
1319 1593 1397 1628 iam
1418 1604 1478 1628 eas
1493 1605 1557 1628 se-

891 1647 1062 1684 cundum
1092 1650 1281 1699 originem
1315 1661 1358 1685 ac
1397 1649 1554 1699 stirpem

890 1713 1074 1752 recenset,
1097 1706 1186 1742 alias
1199 1718 1376 1741 enarrans
1398 1718 1419 1740 a
1441 1706 1553 1742 Sala-

891 1763 995 1797 mine
1026 1761 1263 1813 Athenisque
1292 1769 1462 1812 repetere
1482 1775 1553 1811 ge·-

890 1831 975 1865 nus,
997 1819 1087 1855 alias
1117 1819 1163 1854 ab
1191 1817 1368 1865 Arcadia,
1409 1819 1498 1854 alias
1530 1831 1552 1854 a

893 1873 1058 1925 Cythno,
1077 1876 1165 1912 alias
1188 1874 1439 1922 aPhoenicia,
1462 1875 1552 1911 alias

892 1932 938 1967 ab
959 1931 1174 1982 Aethiopia.
1221 1932 1352 1983 Itaque
1373 1930 1446 1968 hoc
1466 1933 1552 1968 loco

888 1995 990 2024 recte
1022 1995 1076 2025 est
1102 2002 1189 2025 usus
1210 1987 1440 2026 Dahhnann.
1473 1990 1554 2024 He-

888 2044 1010 2081 rodot.
1049 2058 1137 2096 pag.
1174 2046 1253 2086 150
1311 2044 1552 2081 Phoenicum

889 2102 1054 2138 colonias
1069 2102 1301 2139 contendens
1312 2116 1359 2138 ex
1372 2103 1552 2153 antiquis-

886 2159 983 2195 simo
1004 2158 1094 2195 inde
1115 2172 1207 2196 aevo
1227 2160 1267 2195 in
1290 2160 1406 2210 Cypri
1439 2160 1552 2195 fuisse

886 2216 1022 2252 insula.
1083 2215 1239 2266 Cytlanus
1269 2217 1413 2262 insula,
1445 2217 1552 2253 cuins

887 2273 1003 2308 etiam
1023 2273 1122 2316 VIII,
1153 2274 1220 2314 46.
1256 2276 1308 2313 67
1329 2273 1473 2309 mentio
1495 2273 1549 2320 fit,

885 2342 1005 2379 prope
1025 2330 1173 2366 Atticae
1195 2343 1301 2366 oram
1316 2331 1385 2366 sita
1406 2329 1453 2366 ad
1466 2343 1553 2366 me-

886 2385 1024 2422 ridiem
1046 2387 1114 2423 Coi
1126 2394 1161 2423 et
1183 2386 1230 2423 ad
1251 2387 1550 2437 septentrionem

887 2441 1080 2492 Seriphni,
1103 2443 1330 2495 Cycladibus
1351 2444 1467 2492 vulgo
1479 2443 1550 2479 ad·-

885 2507 1120 2538 numeratur.
1179 2502 1291 2537 Nunc
1316 2501 1443 2537 vocari
1470 2506 1550 2535 tra-

886 2553 983 2591 dunt
1009 2554 1144 2606 Cythno
1163 2570 1192 2595 s.
1216 2557 1333 2594 Cauro
1348 2557 1409 2592 vel
1430 2556 1545 2591 etiam

890 2609 1067 2649 Thermia.
1098 2612 1184 2650 Vid.
1204 2611 1436 2650 Larcher.in
1449 2612 1549 2647 Tab.

887 2667 1027 2717 Geogr.
1065 2676 1100 2706 et
1129 2668 1359 2706 Tzschucke
1390 2666 1438 2703 ad
1457 2667 1547 2703 Mel.

883 2724 931 2770 Π,
954 2726 978 2764 7
999 2725 1036 2769 ξ.
1062 2728 1107 2765 11
1132 2738 1220 2776 pag.
1242 2725 1324 2766 747
1344 2737 1422 2775 seq.
1449 2729 1546 2759 nott.

884 2792 1022 2830 exegg·
