1897 3340
554 171 962 212 POLYMNIA.
1019 171 1126 209 VII.
1377 178 1458 219 701

207 281 362 336 ,,σιέων
382 279 554 339 ἀνέμων
581 281 860 339 ὑπερβαλέειν
890 279 1071 336 Μαλέην
1100 278 1183 324 οὐκ
1213 279 1300 324 οἶοί
1327 299 1370 326 τε
1399 299 1461 338 γε·

206 351 401 403 ,,νέσθαι·
435 351 550 395 οὕτω
581 349 665 395 οὐκ
693 348 926 393 ἀπικέσθαι
953 347 996 399 ἐς
1025 351 1269 403 Σαλαμῖνα,
1289 349 1361 391 καὶ
1391 350 1461 393 οὐ·

205 421 360 476 ,,δεμιῇ
388 420 590 475 κακότητι
617 420 850 473 λειφθῆναι
876 418 952 471 τῆς
983 416 1262 471 ναυμαχίης.“
1327 410 1460 459 Οὗτοι

208 486 286 543 μὲν
317 487 431 530 οὕτω
461 485 769 541 διεκρούσαντο
798 485 901 535 τούς
917 483 1140 539 ”.Ελληνας

43 546 142 593 169
292 558 459 610 Κρῆτες
497 553 561 604 δὲ,
606 552 696 595 ἐπεί
725 553 768 595 τέ
799 563 935 607 σφεας
965 550 1301 607 παρελάμβανον
1327 551 1370 594 οἱ
1397 549 1466 593 ἐπὶ
1523 555 1602 598 584

205 622 398 667 τούτοισι
417 619 643 676 ταχθέντες
655 618 883 676 Ελλήνων,
915 620 1123 676 ἐποίησαν
1136 619 1314 663 τοιόνδε.
1345 618 1458 673 Πέμ-
1467 625 1488 657 2
1519 608 1789 671 ἷζςῖῑὲἳῗξζρὲξξέ

206 698 363 742 ψαντες
391 692 520 744 κοινῇ
559 688 840 741 θεοπρόπους
883 687 925 739 ἐς
962 687 1187 742 Δελφοὺς,
1237 688 1314 731 τὸν
1352 686 1462 731 θεὸν
1519 686 1558 737 {2¹1³
1559 680 1759 744 siffqnssifih

206 757 516 812 ἐπειρώτων,εἴ
532 767 611 810 σφι
641 755 820 811 ἄμεινον
836 757 1000 811 γίνεται
1019 758 1281 811 τιμωρέουσι
1297 758 1349 812 τῇ
1372 754 1460 798 Ἑλ·
1518 744 1760 806 {ffirsse‘tmssm

178 825 322 870 Ξλαδι.
379 823 406 881 ἡ
448 825 494 868 δὲ
532 825 682 880 Πυθίη
712 823 998 878 ὑπεκρίνατο·
1057 825 1141 877 „²52
1169 823 1342 880 νήπιοι,
1370 822 1490 866 ἐπι-5

206 892 454 950 ,,μέμφεσθε
484 891 567 936 ὅσα
594 890 701 948 ὑμῖν
731 893 778 937 ἐκ
806 896 894 936 τῶν
923 892 1124 953 Μενέλεῳ
1147 890 1463 949 τιμωρημάτων

152 1091 298 1139 xerint,
330 1092 474 1138 attinet,
505 1090 593 1127 satis
626 1103 729 1126 nunc
749 1097 804 1128 est
861 1103 976 1142 quem
996 1089 1072 1129 vid.
1094 1103 1171 1130 s.v.
1226 1088 1328 1128 Add.
1359 1089 1514 1141 Dionys.

151 1155 301 1195 notum,
334 1147 382 1184 ad
412 1147 559 1183 Maleae
578 1154 804 1198 promonto-

151 1205 251 1240 rium
267 1218 297 1242 s.
322 1205 398 1254 Cap
441 1204 590 1252 Angelo,
622 1210 665 1240 ut
700 1217 803 1242 nunc

151 1267 312 1308 vocant,
352 1262 465 1297 maris
494 1261 638 1311 Aegaei
668 1260 804 1299 fluctus

153 1317 392 1354 occidentem
426 1330 554 1354 versus
582 1330 804 1368 procurrere

152 1381 189 1411 et
211 1387 300 1411 cum
320 1373 460 1411 Adriae
480 1373 655 1411 fluctibus
672 1387 808 1412 occur-

151 1432 319 1468 rentibus
353 1432 404 1468 ita
425 1430 622 1477 collidere,
660 1438 702 1468 ut
721 1444 808 1468 ma-

151 1489 280 1524 ximae
301 1489 520 1524 exoriantur
548 1487 680 1524 turbae
706 1495 808 1525 tem-

151 1551 391 1596 pestatesque
418 1545 682 1595 navigantibus
721 1558 808 1581 ma-

151 1602 258 1637 xime
285 1602 538 1652 perniciosae,
586 1603 809 1651 [raesertim

153 1671 243 1694 cum
271 1659 374 1695 venti
409 1671 478 1709 per
508 1665 689 1694 aestatem
723 1659 809 1709 ple-

153 1727 318 1766 rumque
348 1716 394 1751 ab
427 1716 571 1751 oriente
601 1714 732 1752 flantes
763 1728 807 1752 ac

153 1772 323 1808 maxima
363 1771 520 1823 quidem
559 1784 649 1808 ctun
689 1769 809 1808 vehe-

153 1828 297 1864 mentia
326 1840 441 1865 naves
470 1828 632 1878 scopulis
662 1828 809 1865 saxisve

152 1884 370 1934 impingant
391 1891 454 1920 aut
470 1897 491 1920 a
512 1897 623 1921 cursu
644 1882 809 1921 deflexas

154 1947 253 1977 retro
283 1941 497 1979 coniiciant.
556 1939 641 1977 Vid.
675 1942 808 1978 Kruse.

153 1998 281 2033 Hellas
310 1998 328 2032 I
356 2011 392 2047 p.
425 1995 520 2037 304.
540 2019 596 2024 —
635 1998 679 2032 In
702 2010 808 2049 seqq.

154 2049 324 2107 οὐδεμιῇ
346 2049 528 2103 κακότητι
552 2054 673 2091 valet:
708 2054 810 2091 nulla

154 2123 198 2148 ex
218 2110 359 2147 malitia
381 2123 411 2147 s.
431 2113 624 2160 pravitate.

216 2160 338 2205 Οὗτοι
350 2164 422 2216 μὲν
433 2162 536 2206 οὕτω
549 2162 808 2215 διεκρούσαν-

156 2235 200 2260 το
229 2219 321 2268 τοῦς
337 2219 570 2273 ’“Ἐλλήνας]
614 2223 767 2260 Graecos
787 2236 810 2261 a

158 2290 193 2315 se
231 2283 481 2315 summoverunt
520 2279 644 2317 reddit
688 2281 808 2317 Valla.

158 2335 305 2371 Mavult
335 2335 518 2371 Aemilius
538 2337 698 2373 Portus.-
739 2336 811 2374 Isti

160 2392 312 2428 Graecos
345 2392 398 2427 ita
425 2390 600 2427 eluserunt
626 2405 656 2431 s.
681 2394 735 2429 ita
746 2392 810 2442 fe-

154 2447 329 2498 fellet-unt
342 2447 388 2483 ob
400 2459 510 2483 voces
523 2446 807 2486 antecedentes:

159 2500 258 2556 πρὸς
297 2500 340 2542 δὲ
377 2499 470 2549 τούς
497 2499 705 2553 1’Ἐλληνάς
738 2514 810 2551 σφι

161 2562 312 2611 σκῆψις
343 2557 576 2610 ἐπεποίητο,
603 2561 726 2613 τῇπερ
760 2557 811 2610 δη

160 2615 229 2656 καὶ
247 2611 476 2682 ἐχρήσαντο.
532 2616 701 2652 Verbum
729 2615 812 2653 δια-

161 2667 380 2725 κρούεσθαι
421 2685 470 2708 ex
497 2672 654 2723 Dionys.
690 2672 812 2708 Halic.

160 2729 208 2766 A.
237 2731 283 2766 R.
310 2730 348 2765 X
378 2729 523 2778 [17JP·
546 2727 647 2775 643,
667 2725 732 2774 43,
754 2734 814 2765 at-

161 2786 298 2824 tulerat
326 2786 462 2822 Portus
489 2785 531 2821 in
559 2785 655 2823 Lex.
680 2784 812 2833 Ionio„

859 1149 908 1184 H.
929 1148 976 1187 Α.
998 1149 1043 1187 R.
1064 1147 1107 1195 V,
1130 1150 1196 1189 30.

1043 1237 1136 1288 Cap.
1158 1237 1329 1275 CLXIX.

921 1315 963 1356 οἵ
980 1314 1043 1356 ἐπὶ
1074 1312 1250 1356 τούτοισι
1277 1314 1515 1367 ταχθέντεςῖ]

863 1372 925 1409 Ad
957 1380 1187 1410 structuram
1226 1374 1357 1410 confer
1385 1374 1433 1410 sis
1467 1375 1517 1418 H,

865 1432 917 1471 38
939 1431 1031 1481 ibiq.
1052 1437 1149 1468 nott.
1175 1437 1211 1467 et
1239 1429 1327 1467 add.
1349 1429 1517 1468 Ellendt.

864 1486 913 1523 ad
933 1487 1083 1526 Arrian.
1104 1489 1205 1538 Exp.
1225 1488 1338 1527 Alex.
1355 1488 1384 1534 I,
1406 1489 1459 1527 28
1481 1487 1519 1532 §-

865 1543 905 1584 5.
953 1543 1016 1580 Ad
1036 1556 1172 1581 vocem
1188 1540 1448 1595 θεοπρόπους
1468 1543 1518 1580 cf.

864 1601 976 1636 allata
996 1599 1045 1637 ad
1071 1601 1153 1649 VII,
1178 1599 1255 1641 140
1287 1607 1322 1637 et
1343 1598 1390 1637 de
1410 1601 1520 1636 locu-

864 1659 970 1694 tione
1001 1656 1039 1696 εἴ
1067 1669 1138 1706 σφι
1169 1654 1334 1707 ἄμεινον
1371 1657 1522 1708 γίνεται

867 1711 933 1765 (an
953 1716 1038 1765 ipsis
1053 1714 1239 1760 conducat,
1269 1714 1358 1750 utile
1377 1714 1444 1762 sit)
1467 1714 1524 1750 ci-

865 1777 943 1807 tata
975 1769 1025 1807 ad
1052 1771 1117 1818 111,
1149 1773 1200 1811 71
1225 1770 1311 1806 coll.
1338 1770 1402 1815 IV,
1427 1769 1521 1810 156.

869 1827 961 1867 157.
1009 1827 1134 1878 Atque
1163 1827 1337 1863 observat
1363 1824 1411 1862 ad
1436 1824 1474 1862 h.
1494 1826 1520 1862 l.

866 1881 1173 1930 Valckenaerius,
1191 1889 1411 1919 consuetam
1424 1882 1521 1919 fuis-

865 1953 904 1976 se
924 1940 1130 1976 formulam
1151 1938 1267 1976 deum
1285 1939 1519 1976 consulenti-

865 1996 956 2032 bus:
991 1995 1026 2034 εἰ
1047 1995 1323 2046 (πολεμοῦσι)
1355 1993 1519 2045 ἄμεινον

866 2051 972 2092 ἐσται
991 2065 1020 2089 s.
1044 2052 1125 2102 εἰἠ,
1154 2051 1408 2103 respondente
1435 2052 1520 2102 ple-

865 2122 1029 2161 rumque
1050 2108 1120 2146 deo
1134 2122 1201 2160 per
1215 2110 1425 2160 simplicem
1438 2109 1520 2145 for-

864 2166 1011 2203 mulam
1040 2163 1204 2217 ἄμεινον
1237 2169 1360 2214 εἰναι,
1395 2165 1521 2217 qualia

865 2237 903 2261 v.
925 2236 958 2260 c.
982 2223 1204 2272 expresserit
1222 2223 1352 2260 Livius
1373 2223 1517 2270 XXIII,

869 2281 933 2318 11.
955 2280 1079 2327 XXV,
1104 2282 1168 2320 12.
1217 2279 1282 2316 Sic
1301 2277 1340 2318 h.
1363 2291 1518 2331 quoque

865 2336 950 2372 loco
982 2335 1098 2373 deum
1130 2337 1260 2386 paucis
1289 2335 1519 2387 respondere

865 2393 1050 2442 potuisse:
1102 2388 1176 2431 οὔκ
1225 2389 1391 2442 ἄμεινον
1435 2391 1518 2431 ἔσε-

868 2452 987 2496 σθαι,
1032 2447 1148 2501 idque
1179 2450 1307 2500 ipsum
1347 2454 1518 2486 constare

867 2505 1154 2554 experimento,
1204 2505 1322 2543 modo
1373 2515 1518 2550 eorum,

868 2572 964 2611 quae
980 2561 1083 2611 prius
1102 2563 1176 2599 sint
1200 2561 1386 2614 perpessi,
1421 2561 1519 2597 bene

866 2616 940 2653 sint
958 2630 1161 2656 memores.

926 2672 1199 2724 ἐπιμέμφεσθε
1227 2669 1299 2712 ὅσα
1322 2669 1420 2720 ’ὑμῖν
1441 2684 1474 2708 κ.
1484 2684 1519 2708 τ.

867 2725 921 2780 λ.]
957 2729 1216 2781 Conquerimini
1243 2728 1284 2765 de
1301 2727 1456 2765 omnibus
1477 2726 1521 2764 il.

869 2785 925 2834 lis,
960 2799 1058 2836 quae.
1118 2788 1172 2823 Ita
1199 2786 1322 2823 ταῦτα
1361 2782 1522 2834 ἐπιμεμ-
