1897 3340
617 146 924 186 ERATO.
984 145 1057 183 VI.
1393 149 1476 188 279

204 264 289 306 δεω
320 261 556 316 ἀνήγαγον,
587 258 761 312 ἐποίησε
790 255 928 298 κακὸν
956 254 1036 311 μὲν
1074 252 1207 297 οὐδὲν
1235 255 1474 309 Μητίοχον,

205 328 353 385 ἀγαθὰ
383 328 429 372 δὲ
458 324 616 382 συχνά·
670 324 745 368 καὶ
774 322 858 379 γάρ
900 321 1025 367 οἷκον
1054 321 1128 366 καὶ
1149 324 1301 377 κτῆσιν
1322 322 1475 373 ἔδωκε,

201 398 277 441 καὶ
308 396 500 450 Περσίδα
523 397 722 449 γυναῖκα,
753 391 800 436 ἐκ
828 395 905 447 τῆς
927 393 971 434 οἱ
998 391 1128 435 τέκνα
1157 389 1337 446 ἐγένετο,
1364 390 1416 433 τοὶ
1436 390 1530 442 ές45

203 464 377 520 Πέρσας
420 461 713 516 κεκοσμέαται.
793 458 1041 516 Μιλτιάδης
1091 458 1138 503 δὲ
1200 458 1243 510 ἐξ
1289 457 1473 516 Ἴμβρου

200 531 448 576 ἀπικνέεται
479 529 522 580 ές
549 529 626 580 τὰς
650 527 852 586 Ἀθήνας.

276 598 365 642 Καὶ
394 596 504 641 κατα
533 596 582 641 τὰ
616 597 709 649 ἔτος
735 601 868 641 τοῦτο
899 597 946 641 ἐκ
976 599 1066 640 τῶν
1099 593 1308 650 Περσέων
1338 593 1473 639 οὐδὲν
1529 600 1647 641 ΕΡᾸΜ·
1665 601 1807 629 anu010—

1530 644 1582 662 ma
1610 636 1729 671 penitus
1755 645 1805 670 pa-

1530 673 1610 703 cata,
1632 678 1741 704 resque
1760 671 1806 698 Io-

200 665 270 710 ἐπὶ
307 664 441 709 πλέον
478 663 647 720 ἐγένετο
685 664 856 709 τούτων
905 665 949 716 ές
987 669 1131 716 νεῖκος
1169 664 1309 719 φέρον
1335 664 1470 717 Ἴωσι,
1529 712 1597 731 num
1630 704 1792 732 iudiciiqiu

1529 724 1712 777 stimi-ndis?
1724 720 1806 765 ter·—

199 732 309 778 ἄλλα
337 731 440 777 τάδε
479 732 558 789 μὲν
593 732 783 789 χρήσιμα
824 732 964 789 κάρτα
1001 737 1115 776 τοῖσι
1143 730 1262 775 Ἴωσι
1301 732 1470 788 ἐγένετο
1530 772 1573 798 ris
1600 771 1794 800 mmmmm

196 800 360 844 τούτου
398 804 480 844 τοῦ
523 800 649 852 ἔτεος.
703 800 999 858 Ἀρταφέρνης
1036 798 1061 844 ὁ
1092 801 1302 854 Σαρδίων
1335 794 1806 867 '3²⁶⁶‘9·50‡3³1¹1'21¹1‘J⁹{3¹¹2‚‘‡1112

195 885 286 925 χος,
315 869 701 926 μεταπεμψάμενος
731 868 944 926 ἀγγέλους
972 869 1019 914 ἐκ
1047 872 1137 912 τῶν
1158 871 1337 922 πολίων,
1371 880 1472 912 συν·
1529 860 1770 902 nemr'e'dactae.

195 937 336 993 θήκας
359 939 484 993 σφίσι
505 935 676 981 αὐτοῖσι
697 938 804 990 τούς
817 937 972 988 Ἴωνας
990 935 1207 993 ἠνάγκασε
1227 936 1470 988 ποιέεσθαι,

196 1006 218 1020 ΓΙ
388 1007 398 1020 Ι
570 1004 587 1020 ἠ·
746 1006 756 1021 ἱ
832 1005 842 1019 ἱ
884 1004 894 1019 9
963 1005 973 1019 Ι
1161 1005 1169 1019 Ι
1254 1008 1262 1019 1
1453 1004 1463 1020 ἱ

196 1021 269 1048 ινα
299 1006 514 1051 δοσιδικοι
545 1022 659 1058 ειεν,
686 1023 761 1051 και
788 1023 846 1064 μη
868 1010 1084 1064 αλληλους
1114 1021 1292 1063 φέροιεν
1320 1020 1365 1049 τε
1394 1021 1469 1049 και

124 1179 272 1230 Ἴωσι]
295 1181 382 1224 Vid,
403 1183 466 1230 IV,
493 1185 571 1223 137
594 1189 631 1219 et
652 1180 700 1219 de
720 1182 802 1232 ipsa

137 1238 322 1290 loquendi
341 1239 507 1276 formula
534 1245 631 1278 nott.
657 1238 707 1276 ad
730 1240 801 1285 lv,

140 1297 236 1336 132.
260 1296 322 1343 VI,
344 1294 411 1336 40.

193 1351 357 1403 ἐποίησε
371 1374 420 1379 -
434 1348 557 1391 κακὸν
579 1349 651 1402 μὲν
680 1347 801 1391 ου’δὲν

137 1408 378 1459 Μητίοχον]
401 1410 458 1444 De
472 1410 578 1444 Darii
597 1410 696 1459 regis
716 1410 801 1446 miti

133 1466 264 1501 auimo
305 1472 342 1501 et
388 1466 568 1502 clementi
605 1467 799 1502 monitum

134 1528 190 1557 est
211 1521 260 1557 ad
284 1522 347 1568 VI,
379 1523 446 1561 30.
473 1544 523 1549 -—-
554 1522 599 1557 In
624 1522 702 1558 fine
731 1535 799 1559 ca-

131 1579 219 1629 pitis
242 1579 358 1616 verba
388 1574 438 1616 τοὶ
467 1576 508 1624 ἐς
547 1576 707 1628 Πέρσας
730 1593 799 1617 κε-

130 1633 345 1685 κοσμέαται
373 1635 522 1671 valent:
577 1637 642 1684 qui
674 1635 795 1673 Persis

129 1695 366 1738 accensentur,
383 1695 672 1728 annumerantur.
693 1694 795 1728 Nam

131 1752 308 1797 κοσμεῖν,
343 1755 385 1784 ut
406 1748 504 1783 bene
525 1755 683 1785 annotat
702 1750 795 1785 Val-

131 1803 244 1843 cken.
267 1804 373 1841 idem
390 1804 470 1841 fere
492 1804 597 1857 quod
617 1800 793 1855 τάσσειν,

131 1867 174 1900 ut
192 1863 258 1910 111,
280 1864 348 1902 91.

344 1951 438 2004 Cap.
459 1953 580 1991 XLII.

185 2026 305 2071 ου’δὲν
323 2029 387 2071 ἐπὶ
397 2029 518 2070 πλέον
534 2028 684 2083 ἐγένετο
695 2026 789 2070 τού-

127 2089 233 2137 των]
263 2089 288 2125 1.
311 2102 344 2126 e.
374 2088 467 2125 nihil
493 2088 645 2138 amplius
674 2101 788 2125 susce-

122 2148 223 2195 ptum
238 2149 301 2182 est.
332 2143 395 2183 ἐπὶ
409 2144 531 2184 πλέον
544 2146 626 2181 iure
641 2147 789 2196 reposi-

125 2207 210 2238 tum
234 2215 254 2238 e
276 2202 444 2239 Florent.
496 2203 575 2239 Affi
585 2201 787 2249 ἐπίπλεον,

126 2258 190 2294 alii
210 2256 265 2297 ἔτι
292 2256 415 2298 πλέον
431 2288 441 2305 ,
462 2258 567 2310 quod
578 2257 733 2297 Sohaef.
751 2266 790 2296 et

124 2313 260 2351 matth.
298 2317 549 2355 retinuerunt.
614 2315 787 2353 Bekker.

124 2372 218 2407 item
239 2369 294 2409 ἔτι
321 2370 441 2410 πλέον
462 2371 578 2409 dedit.
607 2373 665 2409 De
677 2374 789 2410 locu-

124 2428 228 2464 tione
238 2429 318 2477 ipsa
330 2427 406 2466 vicl.
418 2429 465 2474 ΙΙ,
479 2429 627 2477 171.V‚
640 2429 707 2470 51.
718 2432 788 2478 IX,

125 2483 192 2522 41.
217 2486 310 2523 107.
330 2486 423 2524 121.
442 2486 618 2522 Perizou.
639 2485 687 2522 ad
707 2488 789 2524 Ae-

126 2540 218 2576 nan.
247 2540 293 2576 V.
324 2541 373 2576 H.
393 2541 423 2586 I,
446 2543 514 2580 30.
547 2542 718 2580 Werfer.
747 2545 788 2580 iu

125 2596 228 2632 Actt.
246 2594 354 2646 pliill.
374 2598 548 2633 Monacc.
564 2599 582 2633 I
593 2610 682 2647 pag.
692 2600 790 2642 258,

132 2672 182 2678 —-
202 2652 278 2688 Pro
288 2651 458 2692 τουτέων
473 2654 612 2689 refinxi
623 2651 787 2694 τούτων.

185 2705 224 2752 ἐς
243 2711 373 2754 νεῖκος
391 2709 516 2760 φέρον
529 2707 680 2758 ”Ιωσι]
709 2713 736 2748 1.
753 2726 787 2751 e.

126 2763 177 2801 ad
202 2764 429 2814 utimicitias,
457 2766 507 2803 ad
529 2766 657 2804 bellum
669 2772 789 2820 perta-

857 1196 951 1221 nem.
987 1184 1244 1233 opponuntur
1264 1182 1369 1219 enim
1389 1181 1430 1217 iu
1447 1181 1525 1217 fine

858 1252 941 1290 cap.
963 1236 1011 1278 τοὶ
1034 1240 1229 1292 εἰρηναῖα.
1291 1239 1416 1283 Quare
1436 1239 1525 1274 vul-

857 1303 947 1346 gata
966 1296 1080 1333 lectio
1100 1298 1261 1333 miuime
1270 1293 1524 1332 sollicitanda.

857 1354 923 1389 Tu
953 1353 1054 1389 conf.
1083 1354 1112 1400 I,
1138 1356 1229 1394 120.
1261 1353 1327 1399 111,
1351 1354 1445 1392 133.
1475 1352 1522 1399 V,

857 1411 911 1449 92
925 1410 962 1454 ξ.
975 1412 1003 1449 2
1023 1416 1059 1446 et
1072 1409 1119 1446 de
1139 1422 1234 1447 voce
1254 1413 1400 1454 νεῖκος,
1423 1420 1522 1459 quae

856 1466 1062 1502 Homerico
1092 1479 1201 1502 more
1232 1466 1281 1502 ad
1311 1465 1436 1501 bellum
1456 1477 1521 1500 re-

854 1522 986 1570 fertur,
1008 1523 1090 1569 Vll,
1112 1523 1205 1563 158.
1227 1521 1322 1562 225.
1355 1522 1418 1557 Ex
1438 1522 1519 1571 ipso

853 1576 1025 1616 Ho'mero
1057 1579 1236 1630 exempla
1269 1578 1415 1616 dabunt
1443 1579 1521 1614 Le·-

853 1649 955 1673 xica.

906 1687 1177 1744 Ἀρταφέρνης
1191 1714 1243 1719 —-
1258 1689 1283 1731 ὅ
1309 1687 1515 1744 ὕπαρχος]

851 1749 963 1788 Conf.
984 1749 1030 1796 V,
1060 1749 1114 1790 25
1134 1750 1264 1800 ibique
1285 1755 1383 1785 nott.
1423 1750 1519 1784 Mox

853 1807 989 1856 optimi
1009 1807 1153 1857 quique
1174 1805 1217 1845 ἐκ
1240 1807 1321 1844 τῶν
1338 1805 1491 1843 πολίων
1503 1821 1517 1853 ,-

851 1863 916 1899 alii
937 1862 1096 1914 quidam
1116 1861 1160 1901 ἐκ
1191 1864 1273 1900 τῶν
1300 1861 1516 1912 πολεμίων,

850 1919 1075 1956 confusione
1090 1917 1195 1955 haud
1225 1917 1329 1962 rarii,
1362 1917 1410 1955 de
1441 1930 1516 1969 qua

846 1976 990 2012 confer.
1020 1976 1254 2025 VVesseliug.
1284 1974 1332 2011 ad
1353 1974 1514 2014 Diodor.

845 2033 949 2080 XlV,
972 2034 1039 2074 50.
1059 2033 1220 2071 Dorvill.
1241 2030 1291 2069 ad
1308 2030 1450 2069 Charit.
1471 2045 1512 2083 p.

846 2091 929 2129 630
948 2090 1051 2139 Lips.

902 2145 1117 2193 δοσίδικοι]
1130 2147 1212 2182 Hoc
1229 2145 1405 2183 revocavi
1421 2157 1514 2181 cum

845 2201 1029 2254 Schwgh.
1045 2209 1082 2239 et
1093 2202 1210 2240 Gaisf.
1241 2204 1304 2239 Ex
1315 2215 1394 2238 uno
1407 2202 1512 2238 San-

845 2259 954 2297 crofti
975 2258 1107 2297 codice
1127 2260 1286 2296 allatum
1307 2259 1514 2297 δωσίδικοι

844 2319 886 2354 in
909 2315 1120 2364 Schaeferi,
1136 2315 1274 2353 matth.
1292 2323 1328 2352 et
1339 2313 1514 2352 Bekker.

845 2373 1055 2411 editionem
1091 2374 1262 2424 irrepsit,
1306 2373 1514 2423 probatum

846 2429 990 2468 Suidae
1011 2431 1060 2468 T.
1083 2432 1100 2466 I
1119 2444 1157 2481 p.
1170 2429 1251 2470 625
1272 2430 1513 2466 auctoritate.

844 2489 898 2524 At
917 2486 1020 2539 apud
1039 2488 1176 2538 Polyb.
1198 2487 1262 2534 IV,
1283 2484 1322 2533 4,
1349 2489 1373 2527 3
1395 2483 1511 2524 codd.

845 2545 886 2582 in
897 2545 1060 2582 lectione
1070 2544 1268 2584 δοσίδικοι
1280 2544 1511 2593 conspirant,

845 2609 1030 2638 monente
1042 2598 1280 2650 Schweigh„
1292 2600 1359 2651 qui
1371 2599 1409 2636 h.
1423 2600 1447 2634 1.
1458 2599 1509 2633 ita

846 2659 1137 2708 iuterpretatur,
1165 2661 1207 2693 ut
1232 2669 1334 2693 suam
1364 2666 1509 2691 causam

845 2715 961 2752 iudici
977 2716 1217 2763 permitterent
1236 2710 1508 2749 diiudicandum

846 2783 878 2809 s.
909 2774 948 2808 ut
978 2770 1108 2808 &Adicis
1139 2769 1275 2808 iudicio
1301 2780 1337 2804 se
1361 2767 1507 2817 permit-
