1897 3340
404 162 1171 208 TERPSICHORE.V.
1346 164 1423 202 111

162 295 320 331 κοντα,
350 278 494 328 ἐόντες
523 276 569 319 δὲ
597 273 670 316 καὶ
699 266 824 315 οὗτοι
859 269 1074 314 ἀνέκαθεν
1096 268 1254 313 Πύλιοί
1282 285 1326 313 τε
1355 269 1428 312 καὶ

162 349 397 403 Νηλεῖδαι,
446 344 493 387 ἐκ
532 345 620 386 τῶν
661 339 806 384 αὐτῶν
851 336 1077 395 γεγονότες
1115 338 1190 383 καὶ
1229 338 1274 380 οἱ
1313 335 1430 393 ἀμφὶ

106 528 237 558 mento
257 520 308 557 sic
327 515 626 566 Wesselingius:
661 515 766 563 „An-

107 590 176 615 nos
207 572 526 613 Pisistratidarum
556 571 766 623 tyrannidis

107 633 323 671 Aristoteles
344 631 458 667 Polit.
478 631 524 676 V,
551 631 614 669 12.
648 629 718 677 [V,
741 630 766 668 9

105 691 171 727 fin.
194 689 253 726 ed.
271 686 473 735 Schueid.]
497 687 648 723 XXXV
670 699 768 722 enu-

104 754 236 793 merat,
247 747 382 782 Noster
394 744 575 790 XXXVI,
596 743 672 779 levi
689 741 767 779 dis-

104 805 309 854 crepantia,
333 803 489 838 fortasse
511 814 559 836 ex
580 800 687 836 annis
708 801 764 835 iu-

104 859 248 898 choatis
287 866 352 896 aut
392 858 538 895 diversa
584 855 767 893 Pisistrati

104 917 390 968 computatione
412 916 615 951 exiliorum
635 913 766 952 nata.“

105 974 351 1025 Sequuntur,
404 985 503 1024 quae
533 970 582 1007 ad
611 970 768 1006 Meursii

103 1032 142 1066 in
164 1030 268 1067 hisce
285 1042 452 1066 errorem
464 1030 668 1080 pertinent.
701 1028 766 1064 Tu

103 1086 191 1124 add.
213 1087 403 1124 Perizonii
421 1086 607 1123 iudicium
628 1083 676 1121 ad
686 1085 767 1120 Ae-

102 1145 192 1181 lian.
214 1145 259 1181 V.
282 1145 329 1180 H.
350 1136 415 1190 111,
437 1145 514 1183 21:
548 1140 766 1190 „Herodoti

103 1201 208 1238 locus
238 1199 487 1251 explicandus
519 1207 573 1236 est
605 1200 764 1235 omnino

104 1270 153 1294 ex
184 1258 406 1304 Aristotele,
437 1257 549 1306 quil.
575 1257 602 1291 l.
629 1254 675 1292 de
696 1256 766 1290 Pi-

102 1315 249 1352 sistrato
271 1316 343 1361 ait,
374 1316 414 1350 in
431 1313 504 1349 illis
522 1314 634 1350 tribus
653 1316 685 1348 et
696 1313 767 1348 tri-

102 1373 209 1420 ginta
237 1372 340 1408 annis
368 1374 509 1407 tantum
538 1369 766 1420 septendecim

104 1431 288 1477 regnavit,
319 1426 400 1478 filii
427 1439 506 1463 vero
536 1429 607 1473 18,
638 1429 678 1462 ut
709 1428 765 1462 ita

104 1496 218 1521 omnes
230 1483 370 1534 suerint
399 1485 490 1520 anni
511 1483 578 1523 35.
615 1483 765 1532 Nempe

103 1539 177 1578 hoc
196 1542 322 1592 ipsum
343 1546 416 1585 est,
453 1538 558 1590 quod
588 1537 767 1575 Herodo-

102 1604 162 1634 tus
203 1596 336 1644 tradit,
379 1594 634 1633 Pisistratidas
661 1593 701 1632 h.
731 1608 765 1632 e.

102 1655 340 1691 Pisistratum
369 1659 407 1689 et
437 1653 533 1689 filios
555 1653 634 1689 eius
659 1652 768 1689 Athe-

101 1711 279 1748 niensibus
293 1709 497 1760 praefuisse
517 1711 555 1746 in
576 1722 686 1746 annos
700 1711 768 1749 36.

101 1769 201 1804 Nam
221 1767 472 1818 discrepantia
490 1767 603 1803 unius
616 1766 707 1803 anni
727 1767 768 1802 iu

101 1823 160 1862 his
181 1831 219 1861 et
237 1826 407 1861 maxime
426 1825 466 1860 in
476 1824 648 1871 sununis,
670 1835 768 1875 quae

103 1882 358 1919 conficiuntur
387 1894 436 1917 ex
467 1881 574 1917 annis
597 1879 768 1917 diverso—

103 1951 191 1975 rum
222 1939 486 1989 regnantium,
535 1938 676 1974 nullius
711 1943 766 1974 est

103 1997 304 2042 momenti,
327 2008 449 2047 quum
468 1996 509 2030 in
528 1995 572 2031 iis
592 1995 767 2045 plerum-

103 2065 180 2104 que
201 2065 347 2089 annum
367 2059 546 2103 coeptum
562 2064 632 2102 pro
655 2052 767 2088 abso—

102 2109 185 2145 luto
205 2110 364 2160 accipiat
382 2107 444 2145 hic
461 2139 470 2156 ,
491 2109 555 2144 ille
577 2108 767 2145 omittat.“

103 2167 182 2203 Nec
204 2167 311 2203 aliter
339 2166 419 2202 fere
438 2167 567 2202 statuit
587 2164 768 2202 Larcher.

104 2223 204 2260 Tab.
245 2222 417 2260 chronol.
459 2224 510 2260 Τ.
553 2223 623 2259 Vll
655 2221 768 2272 chap.

103 2281 182 2316 XX
201 2293 291 2330 pag.
313 2279 407 2327 547,
438 2281 505 2332 qui
530 2280 768 2317 Pisistratum

103 2344 301 2374 mortuum
329 2337 490 2373 collocat
518 2349 608 2374 ann.
626 2338 708 2379 528
733 2349 768 2374 a.

106 2392 196 2430 Chr.
232 2407 272 2430 n.
305 2392 568 2444 Hipparchum
608 2394 768 2430 iuterfe-

106 2456 212 2486 ctum
241 2449 323 2491 514
348 2462 382 2487 a.
412 2449 502 2488 Chr.
529 2464 569 2487 n.
604 2457 640 2488 et
670 2451 769 2501 Hip-

107 2507 210 2556 piam
238 2505 399 2544 Athenis
428 2508 581 2558 pulsum
613 2507 695 2548 510
732 2521 767 2544 a.

109 2561 197 2600 Chr.
229 2577 270 2600 n.
326 2563 390 2600 Ad
420 2561 608 2616 ἄρξαντες
638 2571 768 2601 mente

108 2619 415 2657 subaudiendum
454 2621 495 2660 οἷ
531 2623 767 2673 Πεισιστρα-

109 2676 233 2722 τίδαι,
261 2676 365 2728 quod
386 2679 513 2728 ipsum
532 2691 611 2714 non
632 2677 680 2714 de
699 2680 768 2715 Pi-

109 2732 245 2769 sistrati
279 2740 431 2770 tantum
478 2735 584 2782 filiis,
633 2749 769 2773 verum

111 2790 226 2825 etiam
263 2787 312 2825 de
346 2791 428 2840 ipso
461 2792 655 2829 Pisistrato
692 2792 770 2830 uniit

824 527 914 551 cum
953 513 1037 551 filiis
1066 511 1227 562 intelligi
1249 509 1378 548 docuit
1406 510 1485 548 Pe-

823 571 943 608 rizon.
966 571 991 608 l.
1020 571 1046 607 l.
1074 570 1188 621 plane
1208 575 1250 605 ut
1272 568 1373 620 apud
1394 569 1483 605 Ari-

824 630 998 665 stotelem
1029 628 1054 664 l.
1085 628 1109 663 l.
1132 633 1168 663 et
1194 626 1344 662 Aelian.
1366 626 1413 663 V.
1435 627 1485 662 H.

823 686 887 733 VI,
914 689 963 726 13
994 683 1023 736 ’ἡ
1043 687 1124 723 τῶν
1151 683 1398 732 Κυψελιδῶν
1423 698 1486 721 τυ-

826 741 988 792 ραννὶς,
1026 742 1092 778 ubi
1123 741 1305 792 Cypselus
1333 741 1412 791 ipse
1451 746 1487 775 et

825 801 903 836 eius
933 799 1073 849 posteri
1111 797 1239 847 (filius
1271 810 1314 834 ac
1341 796 1487 848 nepos)

822 856 1107 906 intelliguntur,
1149 861 1185 891 et
1215 853 1318 905 apud
1338 854 1489 890 Aelian.

822 913 877 955 V„
901 915 949 953 H,
983 913 1027 959 V,
1052 915 1102 953 13
1137 913 1263 963 ipsum
1286 910 1489 949 Pisistrati-

823 970 950 1007 daram
966 982 1125 1006 nomen.

883 1022 1084 1066 ἀνέκαθεν
1099 1021 1298 1064 Πύλιοίτε
1317 1022 1380 1063 καὶ
1400 1026 1488 1074 Νη-

824 1085 979 1132 λεῖδαι]
1012 1085 1069 1119 De
1097 1096 1192 1120 voce
1214 1078 1416 1121 ἀνέκαθεν
1437 1081 1486 1119 cf.

823 1149 919 1178 nott.
941 1140 990 1177 ad
1010 1141 1055 1188 V,
1077 1139 1144 1181 55.
1204 1138 1316 1185 Quod
1340 1135 1487 1175 Sohae—

823 1199 890 1236 fer.
921 1197 969 1234 ad
999 1198 1195 1234 Lambert.
1228 1198 1315 1233 Bos.
1346 1197 1403 1231 De
1431 1195 1488 1231 el-

821 1256 923 1306 lipss.
943 1257 987 1291 L.
1011 1255 1076 1291 Gr.
1096 1267 1184 1304 pag.
1201 1251 1284 1294 482
1304 1252 1488 1303 praeponi

821 1312 904 1348 vult
933 1312 1139 1348 articulum
1171 1307 1218 1348 τοὶ
1251 1312 1319 1358 (ut
1340 1312 1368 1356 I,
1393 1312 1487 1350 170.

822 1369 867 1416 V,
890 1369 956 1410 55·
979 1371 1045 1409 66.
1067 1369 1129 1415 VI,
1153 1367 1238 1417 35),
1260 1368 1346 1403 libri
1361 1367 1489 1416 scripti

821 1438 901 1462 non
943 1424 1136 1461 addicunt.
1175 1446 1233 1451 —-
1292 1424 1397 1469 Quae
1423 1436 1487 1459 se—

823 1488 1013 1533 quuntur,
1063 1481 1187 1530 attigit
1222 1479 1397 1517 Eustath.
1437 1479 1486 1516 ad

824 1537 957 1589 Odyss.
978 1551 1016 1589 p.
1042 1537 1160 1584 1474,
1182 1535 1236 1577 44
1256 1550 1285 1574 s.
1306 1539 1397 1584 136,
1419 1539 1488 1577 36.

821 1596 970 1633 Verba:
1003 1594 1045 1634 οἷ
1063 1589 1166 1645 ἀμφὶ
1191 1591 1352 1643 Κόδρον
1370 1593 1487 1632 τεκαὶ

825 1651 1052 1691 Μέλανθον
1096 1655 1210 1700 ipsum
1249 1650 1400 1687 corz-rum
1445 1663 1489 1687 ac

823 1707 1053 1747 Melanthum
1079 1707 1273 1754 indicant3
1326 1706 1373 1744 de
1413 1720 1490 1759 quo

824 1765 1010 1818 loquendi
1052 1777 1193 1815 genere
1232 1763 1311 1801 vid.
1350 1764 1488 1803 Matth.

825 1824 892 1861 Gr.
909 1824 976 1860 Gr.
996 1835 1084 1873 pag.
1108 1822 1230 1863 1159.
1248 1843 1304 1849 ——
1332 1821 1395 1858 Ad
1415 1822 1490 1859 loci

825 1887 1098 1930 argumentum
1128 1886 1323 1926 tenemus,
1345 1876 1489 1916 Melan-

824 1937 922 1974 thum
936 1967 945 1984 ,
995 1937 1205 1973 Messeniae
1242 1948 1397 1986 regem,
1439 1936 1488 1973 ab

823 1992 1032 2030 Heraclidis
1052 2005 1172 2043 regno
1193 1993 1370 2041 eiectum,
1389 1994 1488 2045 Pylo

824 2049 995 2088 Athenas
1016 2051 1231 2100 confugisse
1258 2063 1358 2086 anno
1382 2052 1489 2091 1190

826 2121 860 2145 a.
894 2106 983 2144 Chr.
1005 2121 1059 2155 n.,
1098 2108 1165 2144 ubi
1186 2107 1265 2144 eius
1292 2107 1391 2144 filius
1413 2108 1490 2144 Co-

826 2163 915 2202 drus
936 2178 1005 2201 rex
1025 2166 1250 2202 constitutus
1266 2177 1367 2201 anno
1382 2167 1400 2203 1
1411 2164 1490 2205 153

826 2235 848 2259 a
868 2220 958 2259 Chr.
979 2223 1094 2258 morti
1114 2235 1154 2259 se
1183 2220 1379 2258 devovisse
1411 2221 1491 2257 fer-

824 2286 888 2316 tur
908 2292 1009 2316 anno
1037 2281 1155 2319 1132.
1185 2279 1243 2315 Ac
1258 2276 1490 2325 Melanthus,

826 2343 961 2389 quarto
982 2334 1105 2386 gradu
1125 2350 1146 2372 a
1165 2337 1434 2388 Periclymeno
1455 2341 1491 2371 et

825 2395 959 2446 quinto
995 2392 1116 2443 gradu
1148 2394 1194 2429 ab
1217 2394 1298 2444 ipso
1332 2395 1491 2430 Nestore

824 2451 932 2488 Nelei
971 2450 1049 2486 filio
1086 2457 1189 2487 ortus
1228 2457 1308 2486 erat
1322 2479 1331 2497 ,
1383 2451 1490 2486 cuius

825 2506 999 2545 eiusdem
1008 2508 1173 2544 Nestoris
1196 2514 1232 2543 et
1242 2507 1340 2544 filius
1361 2514 1399 2544 et
1417 2520 1491 2542 ne-

824 2578 893 2616 pos
913 2570 1151 2601 memoratur
1177 2565 1403 2611 Pisistratus,
1426 2564 1492 2615 qui

826 2635 917 2658 cum
957 2622 1036 2658 aliis
1074 2620 1216 2658 Nelidis
1247 2619 1419 2659 Athenas
1449 2632 1488 2655 se

825 2679 1003 2726 contulit,
1046 2679 1113 2715 ubi
1141 2679 1241 2715 inter
1270 2678 1415 2714 nobiles
1434 2676 1488 2712 illi

825 2737 970 2786 recepti
988 2748 1158 2772 summos
1178 2734 1342 2771 honores
1375 2740 1489 2782 atque

826 2793 907 2830 iura
929 2794 1030 2829 nacti
1051 2798 1152 2829 sunt.
1200 2790 1312 2827 Unde
1332 2790 1487 2833 factum,
