1897 3340
63 672 161 718 193

535 153 991 193 POLYMNIA
1051 154 1148 191 vll.

1410 160 1487 199 741

235 260 481 317 εὐξάμενοι,
531 264 604 306 καὶ
643 261 834 313 σπονδὰς
862 259 1144 317 προχέαντες,
1176 260 1254 316 τήν
1292 267 1491 323 ταχίστην

234 329 371 375 ὀπίσω
410 329 640 386 ἠπείγοντο
681 331 749 374 ἐπὶ
801 329 851 373 τὸ
898 327 1185 384 Ἀρτεμίσιον·

205 396 386 454 Βόλίγας
424 397 543 449 τινάς
580 409 659 454 σφι
700 396 927 449 ἄντιξόους
959 397 1135 440 ἔσεσθαι
1170 394 1283 446 νέας.

1247 329 1491 386 ἐλπίσαντες
1503 345 1546 376 60

1344 401 1385 441 οἱ
1413 401 1489 454 μὲν

231 465 285 520 δὴ
316 466 364 509 τό
395 465 598 520 δεύτερον
627 465 849 516 ἐλθόντες,
879 465 978 520 περὶ
1007 463 1053 509 τό
1078 461 1348 519 Ἀρτεμίσιον
1370 467 1491 510 ἐναυ-

229 531 383 589 λόχεον
415 533 715 584 Ποσειδέωνος
744 536 951 590 Σωτῆρος
981 534 1231 589 ἐπωνυμίην
1271 530 1358 576 «ind
1390 533 1491 578 τού-

228 617 308 644 του
339 601 397 644 ἔτι
425 601 496 643 καὶ
526 599 568 650 ές
596 599 695 644 τόδε
723 602 986 657 νομίζοντες.

318 671 372 711 Οἱ
397 667 441 711 δὲ
471 666 713 723 βάρβαροι,
755 668 814 721 ὠς
843 668 1063 713 ἐπαύσατό
1099 684 1143 713 τε
1173 667 1197 713 ὁ
1230 667 1388 723 ἄνεμος
1417 668 1817 738 καὶ65ἓιςέξῖξῖἒίῇἶέἆὲῃ

227 735 277 779 τὸ
307 738 422 790 κῦμα
456 735 657 789 ἔστρωτο,
691 735 1044 789 κατασπάσαντες
1075 739 1150 789 τὰς
1181 740 1303 794 νῆας,
1335 735 1488 779 ἔπλεον
1545 741 1624 798 596

223 801 341 859 παρά
381 803 460 858 τὴν
500 801 694 859 ἤπειρον.
754 805 1003 861 κάμψαντες
1043 805 1090 848 δὲ
1127 804 1205 861 τὴν
1236 806 1374 860 ἄκρην
1412 808 1489 861 τῆς
1547 794 1816 863 325¹u²302235s1¹31⁰ti

228 872 503 926 Μαγνησίης,
541 872 686 914 ἰθεῖαν
729 873 882 917 ἔπλεον
920 873 963 925 ἐς
1001 871 1080 916 τόν
1117 871 1286 916 κόλπον
1315 872 1391 915 τὸν
1421 873 1491 916 ἐπὶ
1548 860 1817 934 ἓὲῗςῇῗῗῖἶῆῗᾶὲξῗ

193 938 471 993 ΞΠαγασέων
516 939 720 994 φέροντα.
766 941 855 985 ἔστι
893 941 939 984 δὲ
971 944 1113 996 χῶρος
1153 941 1200 985 ἐν
1236 944 1298 998 τῷ
1337 939 1484 998 κόλπῳ
1543 928 1774 998 ξξὲἓὲὴᾞέζῖῗ

222 1004 362 1063 τούτῳ
402 1009 477 1061 τῆς
515 1009 796 1064 Μαγνησίης,
828 1009 939 1053 ἔνθα
977 1009 1144 1064 λέγεται
1172 1008 1250 1052 τὸν
1274 1007 1546 1064 (Ηρακλέαῖο

221 1076 569 1130 καταλειφθῆναι
597 1074 685 1119 ὑπὸ
703 1074 894 1132 Ἰήσονός
923 1091 968 1119 τε
997 1077 1067 1120 καὶ
1090 1080 1178 1119 τῶν
1205 1077 1487 1131 συνεταίρων,

221 1141 268 1184 ἐκ
306 1144 381 1197 τῆς
415 1140 594 1197 Ἀργοῦς
629 1141 692 1186 ἐπ’
733 1142 856 1198 ὕδωρ
898 1144 1180 1200 πεμφθέντα,
1221 1139 1306 1187 εὖτ’
1338 1144 1408 1187 ἐπὶ
1437 1144 1487 1188 τὸ

219 1211 335 1260 κῶας
373 1209 526 1253 ἔπλεον
563 1210 606 1262 ἐς
643 1208 758 1255 Αἶαν
795 1210 876 1268 τὴν
907 1213 1111 1268 Κολχίδα.
1170 1212 1372 1255 ἐνθεῦτεν
1401 1211 1485 1267 γὰρ

219 1276 398 1332 ἔμελλον
433 1276 755 1335 ὑδρευσάμενοι
794 1278 838 1330 ἐς
876 1279 925 1324 τὸ
957 1280 1144 1336 πέλαγος
1176 1279 1384 1336 ἀφήσειν·
1416 1279 1486 1322 ἐπὶ

218 1342 381 1388 τούτου
411 1345 457 1390 δὲ
485 1350 547 1403 τῷ
573 1345 703 1405 χώρῳ
726 1345 898 1405 οὕνομα
915 1347 1067 1405 γέγονε
1092 1345 1276 1404 Ἀφέται.
1309 1347 1356 1391 ἐν
1384 1346 1483 1391 τού·
1495 1354 1541 1389 75

349 1523 440 1575 Cap.
463 1523 632 1562 CXCIII.

216 1576 286 1619 καὶ
301 1577 345 1620 τό
371 1584 478 1632 κῦμα
501 1580 685 1634 ἔστρωτο]
722 1580 820 1619 Citat

158 1635 333 1674 Eustath.
363 1637 411 1675 ad
441 1637 512 1677 Od.
539 1652 578 1689 Ρ.
602 1637 723 1679 1462.
746 1641 771 1679 9
791 1652 819 1677 S.

162 1695 254 1741 119,
291 1696 357 1734 39.
395 1693 645 1733 Valckenaer.
682 1696 821 1733 excitat

159 1748 375 1789 Schulteus.
407 1750 455 1788 ad
482 1752 563 1791 Iob.
600 1753 730 1799 XXX,
751 1754 818 1792 27.

157 1807 328 1856 Bergler.
350 1806 398 1843 ad
423 1807 646 1858 Aleiphron.
668 1821 756 1859 pag.
777 1811 818 1848 2.

158 1862 268 1900 Suid.
289 1876 325 1901 v.
349 1860 564 1915 ἐστόρεσεν·
596 1863 665 1903 καὶ
691 1862 819 1904 τὸκῦ-

158 1934 213 1970 μα
239 1917 454 1970 ἐστορὲσθη
488 1922 505 1956 1
525 1934 564 1971 p.
585 1922 682 1961 875.
738 1922 818 1958 Nec

157 1976 265 2012 aliter
278 1975 380 2026 apud
399 1978 567 2025 Latinos,
590 1975 725 2013 eodem
747 1977 817 2014 ob-

156 2040 330 2069 servante
364 2032 563 2081 Valcken„
606 2034 737 2079 fluctus
758 2032 819 2075 di-

156 2096 294 2126 cuntur
314 2091 439 2134 sterni,
461 2089 564 2140 apud
585 2090 683 2126 Gen.
703 2091 750 2126 N.
770 2090 818 2127 A.

155 2146 204 2193 11,
237 2148 303 2185 30.
335 2145 445 2183 Ovid.
477 2148 551 2197 Ep.
573 2147 689 2194 XIX,
710 2149 759 2186 16
782 2153 819 2183 et

157 2204 308 2238 stratum
328 2216 459 2253 aequor
480 2201 583 2254 apud
602 2204 633 2239 I.
654 2204 695 2239 F.
717 2204 817 2239 Gro-

157 2270 246 2294 IJOV.
269 2258 372 2294 Obss.
393 2260 459 2306 ΙΙΙ,
481 2262 549 2300 22.
570 2281 627 2287 —
655 2261 714 2296 De
728 2273 818 2296 ver-

158 2314 208 2351 bo
228 2316 436 2368 κατασπᾷν
456 2314 533 2354 vid.
553 2322 649 2354 nott.
672 2315 721 2353 ad
735 2317 816 2365 Vll,

158 2369 226 2411 59.

216 2424 255 2472 ἐς
285 2421 354 2465 τόν
375 2419 528 2464 κόλπον
551 2422 617 2465 τὸν
645 2424 708 2465 ἐπὶ
729 2429 818 2465 Πα-

158 2481 310 2536 γασέων
335 2479 536 2532 φέροντα]
576 2482 603 2519 i.
631 2495 665 2521 e.
694 2484 731 2519 in
769 2485 819 2520 si-

156 2551 240 2577 num
255 2568 265 2586 ,
297 2541 360 2589 qui
381 2537 548 2586 Pagasas
562 2550 681 2575 versus
700 2537 816 2578 ducit.

158 2595 408 2645 Pagaseticmn
446 2600 557 2631 vocat
596 2595 740 2645 Scylax
779 2595 815 2640 §.

156 2652 210 2693 65
237 2665 276 2703 p.
305 2651 359 2693 25
389 2649 508 2687 Huds.
536 2664 574 2702 p.
606 2653 689 2692 276
717 2651 817 2688 Gail.

156 2709 284 2746 Latini
312 2708 540 2759 plerumque
575 2706 814 2755 Pagasaeum.

155 2765 214 2801 De
254 2777 331 2817 quo
367 2765 476 2816 plura
506 2761 726 2801 Tzschuck.
767 2762 816 2800 ad

875 1523 966 1562 Mel.
997 1525 1091 1572 11,ss
1123 1523 1160 1570 ξ.
1187 1525 1211 1564 6
1241 1522 1327 1561 coll.
1347 1524 1540 1559 Mannert.

876 1583 945 1620 VII
971 1594 1061 1632 pag.
1091 1583 1186 1621 606.
1243 1581 1354 1617 Nunc
1395 1580 1486 1628 Volo,
1507 1593 1537 1616 s.

877 1638 985 1689 Golfo
1014 1638 1055 1675 di
1080 1636 1164 1674 Volo
1184 1638 1408 1688 appellatur.

934 1690 995 1735 ἐπ’
1014 1690 1124 1744 ὕδωρ
1147 1691 1418 1744 πεμφθέντα]
1455 1692 1481 1728 i.
1503 1705 1537 1728 e.

876 1754 1049 1801 aquatum
1076 1751 1230 1787 missum.
1274 1748 1360 1787 Vid.
1383 1749 1449 1794 III,
1474 1747 1538 1788 14.

874 1809 954 1845 Nec
966 1808 1073 1843 aliter
1083 1804 1146 1844 ἐπὶ
1156 1803 1199 1844 τὸ
1211 1807 1316 1852 κῶας
1345 1804 1496 1851 ἔπλεον,
1510 1805 1535 1841 i.

877 1864 961 1902 e.ad
970 1874 1113 1900 auream
1125 1862 1235 1899 vellus
1240 1861 1537 1913 petendumAeam

874 1920 1111 1969 navigabant,
1144 1925 1186 1955 ut
1206 1917 1330 1955 reddit
1350 1915 1536 1954 Valcken.

877 1976 924 2014 de.
945 1989 1015 2013 usu
1031 1976 1316 2026 praepositionis
1331 1972 1407 2021 ἐπὶ,
1430 1974 1536 2010 cuius

875 2034 960 2070 loco
1002 2033 1117 2068 etiam
1147 2031 1249 2082 apud
1281 2038 1410 2081 poetas
1441 2025 1536 2079 μετὰ

875 2090 1072 2140 reperitur,
1096 2089 1213 2125 citans
1229 2085 1421 2137 Aristoph.
1438 2088 1537 2123 Rau.

878 2149 972 2187 111.
1002 2144 1184 2195 Xenoph.
1208 2145 1333 2181 Anab.
1354 2144 1400 2190 V,
1426 2145 1476 2182 10
1498 2143 1536 2187 ξ.

876 2206 915 2250 2,
957 2203 1024 2239 ubi
1052 2215 1156 2238 nuuc
1191 2209 1233 2238 tu
1262 2199 1338 2238 vid.
1373 2202 1537 2249 Kriiger.

873 2258 985 2304 Quod
1005 2257 1044 2297 h.
1067 2260 1093 2296 l.
1115 2257 1266 2295 additur
1288 2256 1326 2304 ἐς
1341 2252 1449 2295 Αἶαν
1460 2251 1535 2305 τήν

875 2315 1063 2366 Κολχίδα,
1094 2315 1311 2353 invenimus
1329 2325 1482 2365 quoque
1503 2312 1533 2357 Ι,

873 2374 900 2412 2
929 2373 1016 2409 coll.
1045 2372 1126 2419 VII,
1160 2374 1263 2419 1973
1311 2369 1358 2407 de
1397 2369 1535 2406 vocula

875 2427 943 2474 εἰς,
961 2441 1058 2480 quae
1072 2429 1215 2476 locum,
1237 2440 1314 2479 quo
1327 2425 1533 2471 tendimus,

872 2483 1015 2521 indicat
1031 2513 1041 2532 ‚
1094 2498 1184 2522 cum
1225 2482 1288 2523 ἐπὶ
1320 2482 1534 2527 consilium,

876 2552 952 2590 quo
983 2539 1087 2578 ducti
1119 2540 1325 2586 tendimus,
1366 2538 1532 2582 denotet,

873 2595 978 2632 idem
1006 2596 1190 2634 Valckeu.
1222 2596 1329 2633 affert
1349 2592 1532 2643 Thucyd.

871 2651 938 2700 IV,
963 2656 1026 2694 13.
1056 2652 1248 2704 Aristoph.
1276 2651 1420 2687 Eccles.
1437 2646 1532 2695 814,

874 2709 959 2748 alia.

929 2764 992 2805 ἐπὶ
1018 2761 1161 2806 τούτου
1183 2761 1224 2803 δὲ
1246 2764 1301 2816 τῷ
1326 2758 1439 2813 χώρῳ
1460 2757 1532 2800 οὕ-
