1897 3340
502 192 961 233 POLYMNIA
1018 192 1117 230 VII.

145 312 261 350 ὄναα

1346 198 1428 237 749

4 352 6 357 A
330 304 416 349 οἷπὸ
455 304 502 350 δὲ
544 303 721 352 τούτου,
773 299 835 345 δι’
877 299 1021 344 ἄλλων
1060 300 1197 343 ε’ίκοσι
1226 303 1426 355 σταδίων,

4 374 107 422 ‘199
178 373 308 425 ἄλλος
348 373 543 429 ποταμός
580 372 690 422 ἐστι,
729 368 776 420 ὃς
814 368 1009 412 καλέεται
1051 367 1213 418 Μέλας·
1277 371 1429 424 Τρηχὶς

173 443 219 487 δὲ
255 442 379 493 πόλις
420 439 504 485 ἀπὸ
546 442 627 484 τοῦ
655 435 860 487 Μέλανος
880 436 1043 480 τούτου
1072 437 1273 490 ποταμοῦ
1304 438 1429 480 πέντε

174 509 328 554 στάδια
357 508 511 565 ἀπέχει.
567 504 704 561 ταύτῃ
735 504 781 548 δὲ
810 505 883 548 καὶ
905 500 1146 558 εὐρύτατόν
1174 502 1263 546 ἐστι
1290 501 1430 558 πάσης

172 582 247 634 τῆς
275 576 417 633 χώρης
444 573 601 630 ταύτης
629 572 677 617 ἐκ
695 577 783 616 τῶν
798 571 965 628 οὐρέων
985 571 1028 622 ἐς
1048 568 1389 622 θάλασσαν,κατ’
1407 568 1490 613 ὁὶ60

179 646 331 701 Τρηχὶς
375 641 648 688 πεπόλισται·
692 639 877 697 δισχίλιά
906 655 949 682 τε
978 639 1061 694 γὰρ
1105 638 1180 682 καὶ
1225 636 1429 694 δισμύρια

144 714 344 768 Ξπλέθρα
371 713 451 755 τοῦ
479 711 632 753 πεδίου
674 708 773 751 ἐστι’.

831 710 911 749 τοῦ
941 706 986 749 δὲ
1017 705 1195 760 οὔρεος,
1224 705 1273 749 τὸ
1305 722 1428 760 περι·
1486 696 1566 739 599

170 783 307 837 κληΐει
345 778 424 836 την
465 781 546 835 γῆν
585 777 665 834 την
708 775 960 831 Τρηχινίην,
987 773 1085 829 ἔστι
1106 772 1296 829 διασφὰξ
1324 773 1432 829 πρὸς

117 1005 274 1035 recenti.
296 996 383 1035 edd.
404 995 545 1034 adscivi
565 1010 585 1032 e
605 996 775 1047 pluribus

117 1054 203 1092 cod.
232 1051 349 1105 λόγος
383 1053 463 1093 ἐστὶ
496 1054 542 1090 ab
577 1052 773 1091 Herodoto

115 1112 208 1162 poni
223 1112 261 1147 in
275 1123 401 1147 rerum
411 1111 669 1146 fabulosarum
684 1123 774 1146 nar-

115 1168 261 1204 ratione
282 1168 453 1204 observat
475 1165 659 1204 Valcken.
688 1168 774 1203 lau-

115 1223 208 1261 dans
238 1225 303 1270 ΙΙΙ,
338 1223 376 1265 5.
421 1222 512 1264 115.
559 1224 641 1271 Vll,
681 1225 770 1264 129.

113 1281 240 1332 Atque
260 1280 466 1316 Herculem
486 1280 526 1315 in
545 1280 638 1316 Oeta
658 1279 772 1315 flam-

113 1338 185 1374 mis
206 1337 423 1374 absumtum
442 1336 568 1386 plures
598 1349 772 1373 comme-

112 1400 264 1431 morant
291 1394 500 1444 scriptores,
537 1406 631 1444 quos
654 1394 772 1430 citant

113 1449 374 1488 Hemsterhus.
405 1448 452 1486 ad
483 1451 642 1487 Lucian.
664 1451 771 1487 Tim.

112 1509 139 1548 7
157 1508 207 1544 T.
228 1508 245 1542 1
264 1520 302 1557 p.
325 1505 404 1547 348
426 1513 462 1543 et
482 1505 701 1545 Tzschuck.
727 1504 775 1542 ad

115 1564 206 1602 Mel.
226 1564 274 1612 Π,
297 1566 321 1604 3
344 1564 382 1609 ᾗ.
403 1566 430 1604 2
448 1569 544 1603 nott.
577 1576 714 1614 exegg.
735 1577 774 1614 p.

120 1620 199 1662 175
219 1633 298 1673 seq·

301 1709 392 1760 Cap.
414 1708 586 1747 CXCIX.

181 1786 321 1841 Τρηχὶς
358 1785 400 1827 δὲ
438 1785 575 1836 πόλις]
627 1787 777 1839 Scylaci

118 1852 276 1883 vocatur
298 1844 455 1896 Τραχίς,
477 1845 655 1882 Straboni
676 1847 778 1896 Τρα-

121 1901 198 1953 χίν.
256 1901 371 1937 Plura
391 1913 470 1937 11011
490 1907 684 1948 constant,
704 1901 777 1938 nisi

121 1957 226 2010 quod
253 1970 321 1995 sex
352 1956 442 1994 inde
471 1956 596 1994 stadiis
632 1963 778 1994 remota

120 2021 206 2066 post
244 2027 266 2050 a
305 2013 499 2064 Spartanis
538 2012 690 2050 condita
723 2020 778 2050 est

121 2071 310 2109 Heraclea.
369 2070 479 2107 Conf.
500 2071 687 2108 Mannert.
708 2071 778 2107 VII

121 2141 160 2178 p.
191 2129 285 2168 618.
341 2128 553 2179 Utramque
583 2127 717 2163 urbem
736 2127 777 2163 in

121 2182 247 2219 radice
265 2184 454 2220 montium
483 2184 708 2221 Oetaearum
727 2184 781 2220 si-

125 2246 205 2277 tam
232 2239 344 2276 fuisse
372 2252 394 2275 a
412 2240 570 2277 meridie
598 2253 780 2292 campum

124 2296 347 2333 Maliensem
377 2296 664 2346 attingentium,
713 2297 781 2334 ubi

127 2366 177 2389 ex
205 2350 311 2388 hiatu
341 2350 509 2403 quodam
551 2360 780 2403 perangusto

127 2422 250 2447 unum
280 2412 359 2444 tere
387 2408 535 2447 milliar.
572 2408 780 2460 geograph.

129 2478 151 2503 a
170 2465 336 2503 fontibus
356 2462 705 2515 Thermopylarum
718 2478 784 2502 ca-

127 2521 213 2560 lidis
252 2528 398 2558 remoto
447 2520 583 2559 fluvius
628 2520 786 2572 quidam

128 2578 302 2630 profluit,
333 2590 448 2630 quem
474 2590 542 2628 pro
562 2577 690 2628 Asopo
714 2575 786 2614 ha·

129 2636 211 2673 beri
239 2636 383 2683 volunt,
406 2633 516 2671 docet
535 2632 692 2684 Kriegk.
712 2634 738 2674 l.
758 2634 784 2671 l.

131 2705 220 2743 pag.
241 2694 293 2733 29
309 2704 388 2744 seq.
444 2689 507 2728 Ad
528 2688 640 2728 huius
660 2689 784 2728 hiatus

132 2749 367 2799 ingressum,
409 2760 506 2799 quae
534 2748 573 2784 in
602 2747 704 2797 rupis
735 2745 783 2783 ad

133 2805 320 2844 sinistram
337 2805 442 2845 fluvii
463 2804 696 2855 exsurgentis
717 2815 782 2841 ca-

831 994 984 1032 cumine
1012 993 1251 1045 reperiuntur
1283 995 1376 1032 arcis
1397 995 1487 1031 reli-

831 1053 943 1103 quiae
975 1064 1018 1088 ac
1049 1052 1162 1102 paulo
1202 1051 1355 1088 inferius
1385 1053 1487 1089 urbis

828 1109 1007 1158 vestigia,
1030 1107 1078 1145 ad
1104 1106 1217 1144 hasce
1243 1109 1353 1146 urbes
1373 1109 1488 1159 perti-

828 1178 919 1202 nere
947 1164 1051 1201 idem
1090 1164 1298 1202 contendit.
1329 1187 1381 1192 —-
1411 1166 1488 1201 Pro

828 1217 1043 1273 εὐρύτατον
1058 1222 1097 1257 in
1117 1221 1205 1258 Ald.
1228 1229 1348 1259 exstat
1370 1217 1488 1272 εὔρυ-

826 1275 1063 1331 χωρότατον.
1106 1279 1172 1315 Tu
1193 1278 1292 1315 conf.
1312 1277 1488 1316 Eustath.

828 1334 877 1371 ad
905 1336 1065 1387 Dionys.
1099 1335 1251 1385 Perieg.
1280 1334 1375 1375 414.
1432 1336 1491 1371 De

827 1392 945 1429 verbo
967 1391 1140 1438 πολίζειν
1160 1391 1238 1429 vid.
1259 1398 1355 1428 nott.
1383 1390 1430 1427 ad
1442 1392 1487 1440 V,

833 1451 898 1489 13.
957 1447 1110 1485 Plethra
1132 1449 1266 1498 viginti
1287 1447 1362 1485 duo
1383 1449 1489 1484 mille

832 1518 852 1540 e
879 1512 1008 1542 nostro
1040 1512 1223 1556 computu
1251 1504 1357 1550 (vid.
1391 1511 1488 1541 nott.

831 1560 880 1597 ad
909 1563 957 1610 II,
993 1561 1090 1611 149)
1129 1561 1336 1598 conficiunt
1371 1560 1491 1598 stadia

831 1618 956 1670 366}
1014 1619 1087 1663 Qui
1111 1631 1293 1655 numerus
1322 1630 1411 1655 cum
1442 1617 1489 1654 ab

832 1676 939 1711 omni
958 1676 1038 1712 veri
1057 1675 1182 1726 specie
1202 1673 1413 1722 abhorreat,
1424 1676 1491 1712 vix

833 1730 995 1768 dubium
1035 1738 1101 1779 est,
1136 1744 1310 1782 peccasse
1338 1729 1400 1767 hic
1440 1731 1490 1767 li-

832 1788 996 1835 brarios,
1031 1800 1129 1839 quae
1157 1786 1292 1824 eadem
1318 1785 1492 1837 Kriegkii

833 1844 860 1881 l.
880 1845 904 1880 l.
926 1858 963 1894 p.
977 1846 1028 1885 26
1049 1851 1103 1881 est
1123 1845 1329 1892 sententia3
1351 1856 1491 1895 quain-

834 1913 951 1952 quam
980 1899 1072 1953 quid
1092 1913 1251 1952 reponas
1275 1901 1314 1936 in
1344 1901 1490 1937 incerto

834 1964 901 1994 est.

891 2011 967 2052 ἔστι
987 2010 1189 2063 διασφοῖξ]
1212 2014 1310 2050 Hinc
1330 2012 1491 2064 profecti

833 2069 1010 2107 videntur
1041 2072 1261 2121 Etymolog.
1290 2084 1319 2107 s.
1340 2083 1377 2107 v.
1397 2081 1487 2120 pag.

834 2129 917 2167 270
949 2133 985 2163 et
1014 2127 1149 2164 Strabo
1181 2129 1238 2163 IX
1266 2141 1304 2177 p.
1333 2126 1414 2167 656
1441 2127 1491 2166 Α.

835 2196 865 2220 s.
877 2182 955 2223 428
969 2183 1010 2220 C.
1041 2185 1098 2219 De
1113 2184 1192 2235 ipsa
1212 2196 1305 2221 voce
1318 2178 1492 2231 διασφοῖξ

837 2239 938 2278 conf.
978 2246 1074 2277 nott.
1114 2239 1163 2277 ad
1190 2241 1261 2285 111,
1295 2242 1387 2280 117.
1413 2239 1494 2287 VII,

836 2298 919 2336 216
950 2302 987 2332 et
1012 2295 1060 2333 de
1085 2309 1180 2334 voce
1209 2293 1371 2347 ύπωρέα
1399 2302 1494 2333 nott.

838 2351 886 2389 ad
905 2353 934 2400 I,
959 2354 1052 2394 110.
1106 2353 1259 2404 Asopum
1292 2366 1340 2389 ex
1358 2352 1494 2389 intimo

838 2409 1029 2445 montium
1056 2423 1203 2447 recessu
1232 2410 1494 2461 prolabentem

841 2471 878 2501 et
907 2472 992 2502 octo
1012 2465 1221 2504 stadiorum
1244 2466 1442 2504 intervallo
1472 2476 1494 2500 a

841 2518 1193 2574 Thermopylarum
1242 2522 1494 2573 septentrione

842 2578 939 2613 mari
957 2591 997 2615 se
1015 2580 1238 2617 miscentem
1248 2578 1367 2627 attigit
1382 2578 1495 2612 Man—

840 2640 936 2671 nert.
956 2635 1024 2672 VII
1043 2649 1081 2687 p.
1100 2639 1195 2678 620.
1224 2633 1322 2672 Add.
1343 2634 1494 2670 Wasse.

841 2689 889 2727 ad
909 2689 1088 2743 Thucyd.
1108 2695 1155 2740 Π,
1173 2692 1197 2733 5
1217 2698 1252 2727 et
1272 2690 1318 2726 cf.
1338 2686 1495 2738 Kriegk.

838 2747 865 2784 l.
891 2747 918 2784 l.
941 2761 980 2800 p.
1010 2749 1077 2790 25.
1109 2752 1177 2790 29.
1209 2748 1255 2784 E.
1277 2747 1331 2783 M.
1351 2747 1397 2786 L,
1415 2746 1493 2781 Ha..

837 2815 926 2855 gen.
973 2805 1013 2841 in
1045 2805 1142 2843 Diss.
1177 2802 1224 2840 de
1259 2803 1387 2854 Asopo
1422 2807 1493 2839 etc.

1485 364 1629 394 Trachin.
1641 369 1758 404 Asopua

1485 400 1605 427 fluvius.
