1897 3340
58 1396 156 1448 196

563 194 1028 234 POLYMNlA
1087 193 1187 231 Vll.

1405 201 1488 240 74³

230 304 304 347 καὶ
332 303 466 358 γνούς
499 303 557 355 ὠς
585 302 797 359 ταχύτερα
826 300 958 351 αὐτὸς
985 300 1014 356 ἢ
1035 300 1265 356 σοφώτερα
1289 303 1487 360 ἐργασμέ·

204 378 314 422 Suos·
342 373 406 427 εἰἠ
435 371 569 414 ἔλυσε.
626 368 805 428 βασιλέα
833 365 912 421 μὲν
941 366 994 422 δὴ
1025 370 1216 420 Δαρεῖον
1244 367 1360 411 οὕτω
1392 374 1487 415 δια-
1502 382 1546 414 9ο

230 438 386 494 φυγών
424 439 482 495 μή
523 438 784 487 ἀπολέσθαι,
814 437 990 490 περιῆν·
1021 432 1116 478 τότε
1149 433 1194 478 δὲ
1224 434 1266 485 ἐς
1286 436 1490 487 τούςἝλ-

200 510 367 561 4ληνας
395 505 695 555 καταπλώσας,
725 502 870 558 ἔμελλε
909 500 964 546 οὐ
1003 502 1052 545 τὸ
1084 501 1293 555 δεύτερον
1333 504 1489 558 διαφυ-

225 573 318 628 γών
346 575 532 618 ἔσεσθαι.
592 570 652 622 ὥς
679 569 764 627 γάρ
797 582 932 627 σφεας
952 567 1071 616 εἶδον
1100 570 1425 625 προσπλέοντας
1447 573 1489 614 οἱ

214 639 430 696 ’Έλληνες,
461 637 678 695 μαθόντες
699 637 846 683 αὐτῶν
875 639 954 695 τήν
981 640 1216 696 γινομένην
1246 637 1490 694 ἁμαρτάδα,

224 1062 271 1089 νι
299 1048 361 1104 τῷ
388 1047 607 1104 γενομένῳ
627 1045 738 1091 κατά
775 1046 993 1103 Σηπιάδα,
1035 1051 1111 1104 μιῇ
1141 1051 1194 1103 τῇ
1221 1047 1490 1103 περιγενομέ·

189 1121 278 1171 ἓνῃ
308 1114 564 1158 καταπλέων
593 1111 655 1158 ἐπ’
682 1113 951 1170 Ἀρτεμίσιον
979 1114 1082 1170 ἥλω.
1113 1114 1297 1166 τούτους
1329 1117 1372 1159 οἱ
1389 1115 1518 1159 *Ἑλ-1

215 1186 364 1239 ληνες,
404 1181 756 1239 ἐξιστορήσαντες
792 1181 845 1227 τά
875 1182 1114 1239 ἐβούλοντο
1145 1184 1370 1227 πυθέσθαι
1401 1182 1488 1227 ἀπὸ

213 1252 290 1304 τῆς
333 1249 500 1304 Ξέρξεω
541 1254 766 1307 στρατιῆς,
809 1249 1118 1306 ἀποπέμπουσι
1159 1250 1417 1307 δεδεμένους
1447 1250 1489 1303 ἐς

214 1314 294 1359 τὸν
317 1320 582 1373 ’Κορινθίων
607 1317 794 1375 Ἰσθμόν.

294 1385 351 1428 ‘0
397 1385 476 1441 μὲν
514 1386 568 1444 δή
607 1385 815 1438 ναυτικὸς
842 1385 866 1431 ὁ
896 1388 986 1430 τῶν
1016 1384 1258 1442 βαρβάρων
1290 1386 1483 1441 στρατὸς,

161 1556 226 1596 Ad
254 1559 532 1610 comparativus
567 1555 760 1610 ταχύτερα
793 1555 823 1612 ἢ

163 1611 373 1667 σοφώτερα
406 1616 506 1654 conf.
527 1617 592 1665 111,
615 1616 668 1658 65
692 1617 823 1669 ibique

160 1679 257 1713 nott.
296 1671 457 1724 βασιλέα
487 1672 576 1711 dedi
608 1687 677 1724 pro
710 1674 824 1725 βασι-

160 1730 250 1780 λῆα.
272 1750 328 1757 -
354 1731 399 1766 In
425 1743 531 1782 seqq.
563 1743 633 1781 pro
670 1730 822 1780 διαφυ-

159 1782 242 1836 γών
276 1785 462 1835 ἔσεσθαι,
503 1788 615 1839 quale
645 1800 735 1824 sane
754 1788 822 1825 vix

160 1842 251 1878 alibi
297 1843 421 1879 simile
470 1842 562 1895 quid
598 1844 817 1895 reperietur,

159 1896 335 1936 Reiskius
366 1901 513 1937 mavult
542 1900 655 1950 διαφ.
689 1899 820 1952 περιέ-

159 1958 305 1994 σεσθαι
342 1955 459 2007 idque
496 1957 611 1993 etiam
645 1957 819 2007 probavit

158 2010 449 2050 ValckenaerIO.
524 2013 631 2049 Libri
677 2014 819 2063 scripti,

158 2075 347 2120 quantum
366 2070 458 2118 scio,
478 2082 558 2106 non
584 2067 782 2107 addicunt.

357 2158 450 2210 Cap.
472 2159 622 2197 CXCV.

214 2230 414 2288 τύραννος
431 2232 718 2288 Ἀλαβάνδων]
750 2238 821 2275 Ga-

160 2291 238 2329 riae
253 2293 388 2329 urbem
409 2307 430 2330 a
458 2296 715 2344 septentrione
744 2296 822 2332 Mi-

160 2349 229 2386 leti
269 2350 380 2385 sitam
434 2358 652 2388 memorant
692 2352 820 2389 Strab.

160 2404 253 2443 XIV
281 2419 319 2456 p.
351 2405 433 2446 975
464 2407 511 2442 D.
540 2419 596 2457 sq.
625 2420 655 2443 s.
676 2421 715 2457 p.
737 2411 820 2449 660

162 2460 347 2512 Stephan.
378 2463 472 2512 Byz.
502 2475 532 2498 s-
552 2475 589 2500 v.
610 2476 648 2512 p.
668 2463 721 2504 85
741 2477 822 2515 seq.

160 2518 354 2557 Alabanda
376 2518 569 2569 Phrygiae
589 2519 724 2556 urbem
743 2521 823 2556 No-

160 2582 236 2613 ster
267 2575 431 2627 appellat
451 2575 550 2622 VIII,
573 2576 666 2622 136,
690 2576 757 2612 ubi
776 2576 823 2613 cf.

160 2638 257 2671 nott.
291 2655 341 2660 —
389 2633 434 2668 In
464 2644 570 2683 seqq.
589 2632 704 2668 verba
724 2628 824 2671 κατά

162 2683 368 2739 Σηπιάδα,
390 2701 488 2740 quae
508 2700 598 2725 cum
617 2686 820 2739 Schweig-

160 2743 345 2783 haeusero
378 2744 618 2796 interpretari
655 2746 745 2783 licet
773 2745 823 2783 ad

163 2801 353 2854 Sepiadem
389 2801 458 2852 (in
484 2801 559 2840 dem
596 2801 720 2841 Sturm
758 2802 821 2853 bey

62 719 160 766 195
228 707 564 763 ἐπαναχθέντες,
599 705 809 759 εὐπετέως
834 707 969 763 σφέας
1001 704 1130 751 εἷλον.
1190 706 1258 750 Ἐν
1298 708 1624 758 τουτέων95597

225 780 305 833 μιῇ
326 774 548 828 Ἀρίδωλις
569 775 712 818 πλέων
727 775 831 832 ἥλω,
861 773 1078 828 τύραννος
1097 774 1380 830 Ἀλαβάνδων
1401 779 1489 818 τῶν
1545 769 1636 829 jcaffl
1657 770 1685 796 ³¹¹
1715 772 1752 798 ἢ*
1775 778 1818 800 ‘¹¹'

222 842 272 885 ἐν
299 843 460 898 Καρίῃ.
518 843 565 886 ἐν
594 843 716 899 ἑτέρῃ
750 844 809 893 δὲ,
841 841 864 886 ὁ
897 841 1074 898 Πάφιος
1104 842 1342 899 στρατηγός
1374 847 1489 887 Πεν-

221 909 361 973 θύλος
397 908 421 954 ὁ
460 909 718 967 Δημονόου·
758 909 805 962 ὃς
827 905 902 966 ἦγε
941 910 1020 967 μὲν
1058 910 1258 954 δυώδεκα
1297 915 1406 968 νῆας
1443 912 1490 955 ἐκ

220 978 401 1034 Πάφου,
429 975 667 1035 ἀποβαλων
705 977 751 1022 δέ
779 989 927 1033 σφεων
957 976 1034 1029 τάς
1064 978 1219 1023 ἕνδεκα
1247 982 1310 1035 τῷ
1336 984 1485 1035 χειμῶ-

1559 811 1606 829 am
1633 804 1772 840 Aridolis,

1549 836 1772 880 Alalzandorum

1546 870 1575 896 in
1601 870 1694 898 (saria
1720 876 1819 906 [sran-

1548 913 1614 938 ιιιιει,
1637 908 1667 930 ct
1687 905 1819 941 Pemhy

1546 939 1611 998 {1¹:1ss
1636 938 1820 974 Paphiorum

1542 1382 1675 1418 Reliqua
1693 1382 1801 1409 classis

1543 1416 1678 1455 Aphhetas
1696 1418 1793 1443 tenet.

1542 1452 1705 1484 Comatam
1725 1449 1820 1485 pede-

883 1559 1024 1611 Sepias,
1057 1565 1100 1597 ut
1119 1559 1232 1597 vertit
1262 1557 1426 1610 Lange),
1450 1560 1545 1596 Gai-

881 1617 952 1654 lius
968 1617 1114 1654 mavult
1134 1617 1186 1653 sic
1207 1615 1338 1653 reddi:
1366 1628 1436 1665 par
1457 1618 1550 1654 suite

1234 1673 1457 1686 .....

882 1734 915 1768 et
940 1733 1002 1781 qui
1016 1743 1147 1780 pou-ssa
1169 1729 1218 1766 les
1243 1731 1434 1766 vaisseaux
1461 1729 1555 1766 d’A-

877 1787 1049 1824 Ιαόαιιάὲε
1069 1785 1135 1836 (de
1156 1787 1193 1822 la
1213 1786 1342 1836 plaine
1363 1798 1446 1821 mer
1459 1799 1543 1822 vers

876 1845 914 1887 la
936 1844 1052 1894 terre)
1076 1846 1190 1880 contre
1220 1843 1251 1879 le
1270 1855 1335 1892 cap
1373 1841 1542 1891 Sepias-‘⁶

932 1895 1271 1950 ἐξιστορήσαντες]
1304 1897 1427 1934 Affert
1451 1899 1542 1935 Sui-

875 1956 940 1994 das
960 1970 990 1994 s.
1015 1970 1052 1994 v.
1072 1958 1137 2006 lp.
1151 1953 1245 1997 774.
1258 1955 1543 2005 praepositione

876 2013 915 2061 ἐξ
936 2013 1042 2051 verbi
1061 2013 1242 2063 simplicis
1262 2013 1461 2049 notionem
1477 2011 1539 2048 hic

876 2069 1055 2106 nonnihil
1101 2070 1232 2119 augeri
1274 2067 1448 2111 credam,
1476 2081 1539 2105 ex-

878 2128 1014 2178 quirere
1026 2153 1043 2172 ,
1081 2129 1303 2176 perquirere,
1341 2127 1536 2174 anquirere.

1067 2215 1158 2266 Cap.
1184 2215 1350 2252 cxcw.

936 2293 956 2334 ὅ
993 2296 1074 2333 τῶν
1111 2290 1330 2346 βαρβάρων
1360 2289 1539 2345 στρατὸς]

876 2351 1074 2387 Immerito
1116 2350 1308 2388 deleverat
1342 2349 1541 2388 Schaefer.

879 2409 1081 2445 articulum
1118 2405 1153 2456 ὁ,
1193 2420 1311 2460 quem
1350 2420 1421 2457 ego
1453 2419 1542 2444 cum

880 2471 1038 2502 recentt.
1062 2463 1149 2501 edd.
1171 2465 1326 2511 restitui,
1356 2464 1458 2500 libris
1489 2464 1540 2498 ita

879 2522 1169 2571 postulantibus.
1233 2522 1292 2558 De
1333 2521 1438 2567 loco,
1480 2519 1541 2554 cui

879 2573 1200 2628 nomen'ssflqabwt
1228 2576 1304 2614 vid.
1331 2577 1412 2621 VII,
1441 2577 1539 2622 1933

880 2632 928 2670 de
947 2633 1090 2671 Achaea
1115 2634 1320 2672 Thessalica
1339 2633 1422 2677 VII,
1445 2630 1538 2671 185.

881 2691 973 2738 132,
1005 2689 1052 2727 de
1090 2690 1319 2728 Meli-ensibus
1347 2688 1428 2735 VII,
1458 2689 1539 2727 132

877 2752 916 2783 et
955 2745 1003 2784 de
1053 2746 1327 2785 Thessalorum
1367 2743 1537 2796 equitatu

876 2809 970 2844 nott.
999 2802 1048 2841 ad
1077 2805 1123 2852 V,
1145 2806 1213 2846 63.
1245 2800 1447 2839 Bekkerus
1466 2812 1536 2851 pro
