1897 3340
523 295 784 334 IIERODOTI
822 293 1100 331 POLYMNIA.
1134 294 1214 330 VII.
1425 298 1509 338 425

204 412 384 459 3σῖτον,
429 406 502 449 καὶ
529 408 669 449 πλοῖα.
715 400 886 446 τούτων
915 401 962 445 δὲ
990 402 1440 458 περιαγγελλομένων,
1477 405 1505 459 ἡ

238 473 354 531 Ἀσίη
384 471 576 518 ἐδονέετο
606 470 673 513 ἐπὶ
702 471 801 524 τρία
820 471 924 522 ἔτεα,
956 469 1313 525 καταλεγομένων
1342 487 1387 513 τε
1416 475 1504 514 τῶν
1562 478 1642 519 506

243 542 458 597 ἀρίστων,
488 537 545 590 ὥς
572 538 642 581 ἐπὶ
671 537 752 594 τὴν
777 537 960 582 Ἑλλάδα
991 538 1397 592 στρατευσομένων,
1439 539 1566 582 καὶΙ5

213 605 701 663 4παρασκευαζομένων.
751 606 949 665 Τετάρτῳ
971 607 1017 650 δὲ
1042 607 1128 649 ἔτεϊ
1144 605 1388 661 Αἰγύπτιοι,
1418 605 1507 650 ’ὑπὸ

243 674 488 731 Καμβύσεω
519 674 833 727 δουλωθέντες,
875 673 1121 730 ἀπέστησαν
1169 673 1253 717 ἀπὸ
1288 675 1506 729 Περσέων.

241 743 436 788 ἐνθαῦτα
475 741 528 798 δή
566 742 639 785 καὶ
677 746 845 798 μᾶλλον
885 743 1057 799 ὥρμητο
1098 743 1171 786 καὶ
1210 740 1278 786 ἐπ’
1324 741 1508 798 ἀμφοτέ-

154 810 184 852 2
244 826 352 862 ρους
389 808 712 863 στρατεύεσθαι.
780 810 1078 864 Στελλομένου
1119 811 1165 854 δὲ
1204 812 1397 864 Δαρείου
1438 810 1504 853 ἐπ’

237 879 462 932 Αἴγυπτον
501 878 575 921 καὶ
610 875 815 935 Ἀθήνας,
853 883 942 922 τῶν
981 880 1150 921 παίδων
1181 876 1321 921 αὐτοῦ
1355 876 1555 929 στάσιςΞΟ

1566 804 1674 836 Darius
1690 810 1788 847 Aegy-

1566 843 1648 874 ptum
1659 844 1837 874 Graeciam-

1561 884 1619 910 que
1644 878 1806 907 invasurus

235 945 402 1000 ἐγένετο
450 944 612 1001 μεγάλη
664 947 763 1002 περὶ
803 950 880 1000 τῆς
923 946 1174 1001 ἡγεμονίης·

1225 945 1282 996 ὡς
1322 948 1389 989 δεῖ
1415 964 1503 1002 μιν,

237 1011 506 1065 ἀποδέξαντα
528 1014 728 1070 βασιλέα,
760 1014 870 1059 κατα
898 1014 977 1058 τόν
1009 1013 1215 1069 Περσέων
1243 1014 1397 1070 νόμον,
1429 1015 1502 1059 οὕ-

181 1208 366 1247 Herodot.
397 1212 460 1259 VI,
491 1211 568 1259 48,
609 1210 841 1261 distinguere

181 1265 271 1303 licet
297 1267 396 1304 inter
416 1267 508 1314 νέας
531 1269 556 1305 1.
583 1281 616 1305 e.
638 1281 746 1305 naves
769 1268 842 1305 lon—

181 1335 251 1371 gas
272 1335 397 1373 easque
417 1325 559 1362 bellicas
578 1332 615 1361 et
634 1327 753 1364 πλοῖα
772 1327 842 1362 i-e.

181 1381 333 1429 navigia
354 1381 402 1417 ad
416 1382 543 1418 milites
553 1394 696 1431 equo-sve
715 1382 843 1418 velten-

181 1435 243 1473 dos
273 1442 561 1489 commeatumque
600 1442 844 1488 transportan—

181 1492 266 1530 dum
283 1498 314 1530 et
334 1494 494 1532 bellzcum
520 1499 734 1545 apparatum
745 1499 842 1545 apta,

179 1551 301 1588 πλοῖα
311 1550 549 1616 ἱππαγωγοὶ
583 1550 651 1590 καὶ
690 1566 842 1602 φορτη-

178 1602 332 1659 γητικα.
391 1609 668 1658 VVesseliugius
697 1609 842 1645 excita—

179 1670 286 1699 verat
315 1663 466 1701 Arrian.
496 1664 647 1715 Exped.
675 1664 760 1702 Iud.
789 1667 839 1705 19

181 1720 221 1764 §.
240 1722 280 1759 7.
335 1721 381 1756 111
410 1723 586 1772 proxime
616 1734 722 1773 seqq.
751 1734 840 1758 cum

181 1776 395 1814 Gaisfordio
416 1775 569 1818 τούτων
594 1777 750 1816 exhibui
770 1791 839 1829 pro

179 1832 363 1872 τουτέων.

237 1887 266 1940 ἦ
289 1885 404 1940 Ἀσίη
434 1889 613 1930 ἐδονέετο
651 1889 716 1930 ἐπὶ
753 1891 842 1940 τρία

183 1943 292 1994 ἔτεα]
325 1948 415 1984 Post
436 1946 611 1987 ἐδονέετο
635 1949 675 1984 111
700 1947 842 1984 Aldina

178 2004 355 2040 inseritur
392 2006 522 2051 πᾶσας
584 2003 689 2041 haud
728 2005 842 2051 male,

188 2058 306 2096 modo
336 2061 472 2112 reliqui
499 2061 605 2108 libri,
646 2063 686 2097 111
707 2062 843 2113 quibus

183 2117 359 2154 omnibus
381 2117 504 2164 deest,
533 2117 842 2169 suffragarentur.

182 2171 350 2210 Additur
377 2175 441 2211 illa
461 2175 597 2212 vocula
617 2176 657 2211 in
677 2176 770 2212 locis
790 2176 843 2211 si-

182 2230 334 2268 milibus
368 2244 390 2267 a
410 2232 668 2282 Wesselingio
698 2233 844 2269 excita-

183 2287 229 2322 tis
240 2287 405 2337 Appiani
426 2289 470 2326 B.
490 2289 686 2335 C.1V,52.
718 2292 844 2326 Hero-

185 2341 288 2378 diani
307 2344 387 2391 VH,
408 2344 433 2385 5
455 2346 493 2390 ξ.
513 2348 552 2386 8.
574 2346 660 2383 coll.
683 2347 843 2396 Gregor.

184 2399 277 2435 Naz.
307 2400 370 2436 Or.
390 2402 554 2438 XXVIII
578 2415 666 2453 pag.
693 2402 773 2443 483
794 2404 843 2439 D.

185 2453 327 2504 Agath.
359 2455 490 2494 Schol.
519 2459 555 2494 H
582 2472 621 2508 p.
643 2462 710 2500 30.
768 2460 842 2496 Ubi

185 2509 291 2547 idem
330 2513 493 2549 occurrit
520 2516 681 2551 verbum
717 2515 841 2555 δονεῖ-

188 2570 287 2605 σθαι
306 2565 354 2603 de
373 2570 515 2618 populo
544 2570 592 2606 ad
616 2571 842 2609 seditionem

187 2624 352 2660 excitato
373 2625 451 2661 sive
470 2625 611 2662 bellicis
622 2628 745 2670 turbis
759 2629 843 2678 agi-

187 2685 281 2720 tato,
336 2680 439 2721 Add.
460 2682 605 2718 Iacobs.
626 2682 674 2719 ad
693 2684 842 2721 Aelian.

187 2735 235 2772 N.
265 2736 313 2773 A.
342 2738 427 2784 XV,
457 2740 523 2777 21
572 2738 678 2783 Quae
711 2740 846 2776 Noster

188 2787 229 2825 h.
258 2791 284 2826 l.
314 2790 405 2829 dicit
440 2792 523 2832 ε’τεα
553 2794 654 2845 τρία,
684 2795 845 2833 Tzetzes

192 2844 291 2882 Chil.
321 2848 352 2894 1,
381 2850 461 2889 870
498 2863 565 2900 pro
598 2863 688 2887 suae
717 2853 847 2889 aetatis

191 2912 298 2938 more
309 2876 404 2940 dixit
412 2909 516 2955 τρεῖς
530 2902 649 2953 ὅλους
666 2902 846 2958 χρόνους,

898 1225 968 1262 per
989 1224 1083 1263 quos
1102 1211 1191 1247 Asia
1212 1211 1360 1248 turbata
1377 1212 1423 1249 sit
1443 1213 1560 1262 copiis

899 1267 1071 1320 undique
1110 1266 1319 1305 conductis.
1351 1292 1401 1297 —
1454 1269 1559 1314 Quae

900 1327 1083 1362 continuo
1105 1323 1207 1374 apud
1236 1324 1476 1361 Herodotum
1497 1340 1560 1362 se-

902 1389 1071 1434 quuntur
1081 1382 1208 1428 verba,
1221 1394 1265 1418 ea
1277 1395 1365 1418 cum
1378 1381 1561 1433 Schwgli.

901 1446 939 1476 et
971 1438 1089 1475 Gaisf.
1120 1439 1172 1474 ita
1202 1440 1488 1487 constituimus,
1518 1447 1561 1476 ut

898 1497 1105 1542 maiorem,
1128 1507 1226 1546 quae
1246 1502 1335 1531 ante
1354 1499 1562 1548 καταλεγο-

899 1551 1030 1603 μένων
1040 1559 1257 1603 poneretur,
1279 1552 1561 1589 distinctionem

898 1616 1205 1646 converteremus
1267 1609 1309 1645 in
1355 1611 1560 1657 minorem,

897 1667 1075 1717 proxima
1130 1666 1268 1702 vocula
1322 1663 1366 1704 δὲ
1412 1673 1560 1703 mutata

895 1725 936 1759 in
957 1737 1009 1771 τε,
1029 1723 1217 1759 maiorem
1236 1735 1326 1759 vero
1349 1721 1560 1760 distinctio—

896 1793 990 1816 nem
1025 1785 1111 1830 post
1138 1778 1559 1830 παρασκευαζομένων,

897 1838 964 1874 ubi
995 1837 1112 1886 vulgo
1132 1836 1260 1873 minor
1280 1837 1465 1873 exstabat.

904 1937 910 1942 ,
961 1890 1140 1943 Τετάρτῳ
1173 1890 1216 1930 δὲ
1247 1891 1325 1931 ἔτεϊ
1344 1889 1559 1944 Αἰγύπτιοι

900 1965 936 1988 κ.
956 1964 990 1988 τ.
1013 1947 1066 1999 λ.]
1097 1947 1235 1985 Incidit
1255 1947 1329 1985 boc
1350 1950 1390 1984 in
1414 1962 1560 1985 annum

899 2005 981 2046 486
1013 2018 1047 2042 a.
1078 2003 1167 2042 Chr.
1188 2018 1229 2041 n.
1272 2005 1359 2043 vid.
1378 2004 1559 2044 Larcher.

899 2063 1017 2100 Tom.
1038 2063 1107 2100 VH
1127 2076 1166 2113 p.
1192 2060 1285 2102 642.

1148 2164 1241 2215 cap.
1271 2165 1319 2202 H.

957 2231 1226 2284 Στελλομένου
1250 2230 1291 2271 δὲ
1305 2232 1478 2284 Δαρείου
1502 2229 1561 2273 ἐπ’

899 2288 1106 2341 Αἴγυπτον
1135 2289 1202 2328 καὶ
1232 2285 1445 2340 Ἀθήνας]
1477 2291 1504 2327 i.
1525 2304 1560 2327 e.

901 2359 991 2382 cum
1000 2347 1137 2384 Darius
1156 2353 1353 2397 separaret
1374 2345 1513 2397 eid—iter
1529 2361 1560 2384 s.

901 2402 1187 2453 expeditionem
1214 2402 1452 2452 faciendam,
1484 2404 1560 2455 quit

899 2460 1122 2511 Aegyptum
1170 2461 1355 2497 rebellem
1406 2468 1560 2511 pacaret

898 2515 1148 2568 Athenasque
1162 2518 1366 2568 subigeret.
1397 2518 1559 2555 Siover-

899 2573 993 2609 bum
1002 2572 1242 2622 στέλλεσθαι,
1265 2575 1336 2610 alia
1348 2581 1389 2611 ut
1397 2581 1558 2620 taceam,

897 2630 943 2677 V,
963 2629 1134 2679 43.V11‚
1155 2630 1195 2671 4.
1216 2633 1313 2671 239-

956 2684 1010 2732 ὦς
1033 2687 1096 2726 δεῖ
1113 2702 1180 2737 μιν
1214 2682 1464 2734 αποδέξαντα
1487 2686 1560 2736 βα-

900 2739 1008 2780 σιλέα
1038 2740 1137 2782 κατὰ
1170 2757 1242 2782 τον
1272 2741 1459 2793 Πεοσέων
1488 2737 1560 2780 νό-

901 2812 990 2848 μον,
1004 2795 1108 2838 οὕτω
1123 2795 1467 2849 στρατεύεσθαι],
1472 2798 1561 2844 ,Se-

901 2853 1074 2891 cundum
1104 2855 1292 2893 Persarum
1316 2855 1446 2902 legem,
1490 2853 1559 2890 soli

901 2909 998 2948 forte
1008 2917 1261 2948 memoratam
1271 2909 1561 2958 Her0d0t0,ante

1536 889 1677 939 Ο11111111111
1698 922 1733 940 eo
1763 923 1795 941 (1
1783 918 1821 948 t

1564 950 1595 970 ut
1610 954 1696 974 more
1713 935 1821 975 Persa-

1562 986 1628 1006 rum
1645 988 1682 1007 ex
1700 980 1773 1007 filiis

1562 1021 1675 1041 succesi-
1673 1023 1770 1041 orem
1781 1015 1836 1042 sibi

1563 1048 1692 1084 deligat,
1711 1057 1821 1084 magua
