1897 3340
627 211 931 249 ERATO.
990 211 1063 249 VI.

1391 214 1472 254 241

204 321 319 374 ὅκως
347 326 459 366 τοῖσι
485 321 652 377 ἐρέτῃσι
680 317 910 375 χρήσαιτο,
952 320 1185 363 διέκπλοον
1213 318 1475 376 ποιεύμενος
1487 325 1530 362 45

203 394 303 446 τῇσι
329 390 456 445 νηυσὶ
488 386 547 432 δι’
581 386 823 443 ἀλληλέων,
864 386 938 429 καὶ
976 385 1080 437 τοὺς
1120 385 1326 443 ἐπιβάτας
1356 386 1474 431 ὁπλί-

205 470 316 509 σειε,
358 456 407 500 τὸ
445 454 605 500 λοιπόν
643 459 718 511 τῆς
757 453 921 511 ἡμέρης
959 453 1036 505 τὰς
1075 453 1177 505 νέας
1221 454 1364 510 ἔχεσκε
1404 453 1473 499 ἐπ’

202 524 450 581 ἀγκυρέων·
477 522 653 580 παρεῖχέ
684 539 728 566 τε
758 527 870 566 τοῖσι
891 520 1010 565 Ἴωσι
1039 521 1180 565 πόνον
1208 520 1270 565 δι’
1299 522 1475 580 ἡμέρης.

173 593 328 648 Ξμέχρι
375 590 456 647 μέν
504 607 590 635 νυν
638 589 836 648 ἡμερέων
885 589 992 635 ἑπτὰ
1037 589 1268 635 ἐπείθοντό
1317 607 1362 635 τε
1401 592 1476 636 καὶ

144 787 216 824 alia
235 788 342 824 iuxta
358 787 492 835 aliamz,
516 793 559 824 ut
579 786 680 838 apud
692 787 808 825 Thu-

143 843 270 895 cydid.
307 844 405 892 VIII,
438 843 527 884 104.
597 846 725 897 Atque
755 847 807 883 ita

143 899 246 951 apud
269 899 515 937 Athenaeum
541 903 635 937 XIII
663 916 702 953 p.
725 903 805 943 568

143 958 189 994 Ε.
221 964 259 994 et
279 959 321 995 F.
354 964 391 994 et
421 971 459 1008 p.
496 957 578 999 569
598 959 642 997 Β.
661 960 806 1009 puellae

142 1013 289 1064 ἐφεξῆς
315 1013 380 1054 ε’πὶ
414 1013 537 1066 κέρως
573 1015 805 1068 τεταγμέναι

141 1078 228 1107 suut
247 1071 355 1120 longa
374 1073 460 1108 serie
473 1072 552 1108 αἰὶα
569 1074 676 1110 iuxta
694 1073 805 1110 aliam

141 1131 282 1168 stantes,
295 1129 367 1174 Qui
380 1127 481 1179 apud
496 1130 676 1166 Nostrum
693 1129 806 1179 (mox

141 1197 176 1223 c.
216 1183 294 1233 14)
332 1180 558 1238 οἷντανῆγον
593 1183 664 1234 τοὶς
710 1185 806 1234 νέας

140 1239 207 1280 ἐπὶ
235 1240 375 1294 κέρας,
414 1255 478 1279 eos
516 1255 610 1279 mox
644 1244 805 1281 navibus

141 1298 274 1335 leviter
289 1300 477 1336 conversis
499 1312 549 1335 ex
563 1298 720 1337 adverso
732 1314 804 1337 na-

141 1356 249 1393 vium
267 1356 466 1393 hostilium
499 1359 642 1394 stetisse
661 1358 804 1394 intelli-

141 1413 255 1463 gitur.
314 1414 398 1450 Hoc
417 1413 526 1461 loco,
560 1414 600 1450 in
621 1427 698 1466 quo
714 1428 803 1453 ver-

141 1482 285 1519 samur,
314 1471 520 1521 Dionysius
542 1465 704 1523 α’ναγων
737 1470 802 1511 ἐπὶ

140 1525 258 1577 κέρας
289 1523 360 1573 τοὶς
393 1525 503 1575 νέας,
541 1527 639 1564 binis
678 1527 802 1578 longis

139 1581 334 1620 ordinibus
358 1581 532 1620 eduxisse
550 1596 666 1621 naves
692 1584 803 1621 vide-

139 1646 223 1687 tur3
254 1652 364 1692 quae,
393 1646 598 1692 postquam
618 1642 658 1677 in
679 1642 801 1678 altum

137 1702 225 1734 sunt
246 1703 411 1745 evectae,
439 1698 515 1735 levi
542 1697 642 1734 facta
662 1699 802 1735 utrim-

139 1767 214 1806 que
234 1755 481 1791 conversione
499 1754 667 1791 frontem
684 1755 802 1792 fronti

138 1812 353 1862 oppositam
380 1810 598 1848 habebant:
631 1824 708 1863 quo
740 1813 801 1849 fa-

137 1873 198 1906 cto
218 1868 382 1919 remiges
409 1868 449 1904 in
477 1868 543 1905 illo
572 1866 804 1906 decursionis

137 1925 311 1962 nauticae
321 1937 475 1975 genere,
505 1925 570 1977 qui
591 1923 801 1973 διέκπλους

137 1988 320 2030 vocatur,
345 1981 642 2029 exercebantur3
663 1981 799 2035 dequo

138 2039 284 2076 consuli
297 2045 454 2089 possunt
469 2037 601 2076 Schol.
618 2037 666 2075 ad
683 2038 799 2076 Thu-

137 2094 264 2147 cydid.
284 2096 314 2143 1,
335 2095 388 2137 49
410 2103 448 2132 et
467 2108 565 2148 quae
586 2109 635 2132 ex
645 2097 797 2134 Ernesti

138 2151 265 2190 Iudice
286 2153 488 2191 Graecitat.
510 2153 647 2204 Polyb.
665 2154 705 2190 in
720 2167 796 2190 no-

135 2216 256 2246 strum
274 2210 445 2247 Lexicon
464 2210 602 2261 Polyb.
617 2222 705 2262 pag.
723 2210 802 2251 158

137 2267 406 2304 transtulimus.
500 2266 616 2318 Apud
663 2268 801 2304 Xeno-

136 2321 320 2374 phontem
341 2323 490 2361 Hellen.
512 2324 541 2372 1,
563 2326 600 2372 6,
613 2322 799 2365 22Athe-

136 2380 285 2417 nieuses
305 2379 354 2416 ad
372 2381 581 2430 Arginusas
602 2381 724 2418 aciem
743 2382 796 2418 ita

136 2437 417 2484 instruxerunt,
436 2443 479 2474 ut
492 2438 619 2488 plures
639 2439 797 2475 navium

138 2492 287 2531 ordines
307 2494 400 2530 alius
420 2500 505 2544 post
521 2495 638 2530 alium
657 2502 797 2532 starent

138 2550 298 2601 (nempe
334 2562 413 2586 non
453 2548 516 2589 ἐπὶ
555 2549 688 2600 κέρως,
729 2550 796 2589 sed

140 2604 243 2656 quod
270 2605 374 2657 idem
394 2603 716 2656 Xenoph.VI‚2‚
747 2610 796 2648 18

139 2660 205 2700 ἐπὶ
240 2650 442 2714 φαλαγγος
481 2661 621 2711 dicit),
666 2675 716 2698 ne
743 2666 800 2716 τῷ

139 2715 308 2772 διέκπλῳ
319 2717 484 2756 hostium
494 2718 645 2756 daretur
654 2719 771 2756 locus.
775 2721 798 2740 “

139 2775 197 2810 De
217 2759 311 2811 voc¹e
342 2774 545 2821 διέκπλους
573 2777 625 2811 ita
661 2776 797 2826 Poppo

139 2829 188 2867 ad
218 2829 437 2881 Thucydid.
458 2832 487 2877 1,
508 2831 560 2872 49
593 2831 698 2882 (pag.
717 2831 796 2873 144

196 2888 419 2924 HERODOT.
439 2887 506 2922 ΠΙ.

865 784 927 823 ed.
949 786 1149 837 Gervin.);
1179 787 1340 835 „aciem
1359 785 1529 826 hostium

863 856 1112 894 perrtunpere
1134 851 1171 880 et
1190 845 1228 880 in
1238 845 1529 895 pernavigando

863 902 990 937 rostris
1002 913 1119 938 naves
1131 900 1294 949 laedere,
1316 914 1443 939 remos
1456 901 1527 939 de-

864 963 1025 1006 tergere,
1052 956 1262 1005 διέκπλους
1300 960 1528 1009 appellatur.

863 1013 975 1058 Quod
995 1014 1112 1051 fiebat
1141 1014 1235 1051 dum
1265 1016 1384 1053 modo
1416 1029 1527 1053 acce-

1533 321 1574 381 ἑῖῗ
1589 322 1807 386 {1223153352

1532 388 1655 417 buntur.

859 1071 983 1108 lerant
1009 1072 1196 1123 propulsis
1225 1074 1386 1123 remigio
1416 1075 1538 1111 navi--

860 1127 1071 1176 bus„m0d0
1089 1127 1273 1166 recedunt
1284 1136 1321 1166 et
1343 1144 1363 1166 e
1378 1143 1527 1168 recessu

862 1191 976 1236 atque
997 1198 1018 1220 e
1037 1187 1252 1239 longinquo
1270 1187 1310 1223 in
1331 1185 1459 1225 hostes
1473 1189 1526 1224 ir·-

861 1242 1020 1278 ruunt.“

919 1293 1023 1345 ὅκως
1040 1300 1144 1337 τοῖσι
1162 1295 1316 1353 ἐρέτῃσι
1335 1294 1525 1351 χρήσαιτο

860 1369 896 1394 κ.
918 1369 951 1393 τ.
972 1356 1026 1404 λ.]
1059 1356 1084 1391 i.
1108 1368 1141 1391 e.
1165 1368 1232 1405 quo
1256 1359 1407 1405 remiges
1426 1369 1525 1393 exer-

861 1415 951 1448 ceret
997 1412 1199 1450 istiusmodi
1247 1416 1525 1450 transcursiones

860 1470 1005 1506 navium
1043 1468 1278 1516 instituendo,
1331 1471 1524 1522 simulque

860 1526 978 1561 etiam
998 1524 1201 1562 classiarios
1210 1527 1246 1562 in
1259 1528 1368 1563 armis
1389 1539 1524 1565 exerce-

859 1585 923 1618 ret.
982 1581 1026 1618 Id
1055 1583 1160 1618 enim
1190 1595 1281 1619 cum
1301 1581 1524 1634 Schweigh.

858 1645 896 1675 et
915 1636 1099 1678 Schneid.
1128 1637 1288 1676 indicari
1309 1641 1525 1677 existimem

857 1696 974 1732 verbo
995 1694 1179 1743 ὁπλίζειν.
1218 1694 1281 1732 Ad
1309 1697 1525 1747 imperfecti

857 1752 1026 1789 formam
1067 1751 1197 1804 ἔχεσκε
1238 1753 1340 1791 conf.
1372 1755 1402 1802 I,
1427 1756 1522 1795 186.

858 1811 915 1845 Ita
930 1810 1028 1846 infra
1048 1808 1274 1849 ἐθέλεσκον.
1321 1809 1385 1847 Ad
1405 1823 1523 1860 argu-

857 1873 1035 1903 mentan
1056 1865 1161 1918 quod
1187 1867 1331 1915 attinet,
1351 1865 1523 1904 Lar‘che-

856 1936 920 1960 rus
952 1924 1126 1960 observat
1144 1923 1313 1960 *Graecis
1341 1923 1382 1960 in
1413 1936 1523 1960 more

855 1980 981 2027 fuisse,
1002 1987 1045 2016 ut
1063 1992 1180 2016 naves
1190 1979 1322 2016 ordine
1343 1979 1392 2017 ad
1412 1993 1521 2018 oram

853 2037 1027 2074 sisterent
1034 2037 1181 2088 ipsique
1191 2037 1230 2072 in
1242 2043 1381 2074 terram
1391 2050 1521 2075 escen-

854 2092 1009 2142 derent,
1041 2093 1258 2131 custodibus
1279 2094 1430 2142 relictis,
1452 2095 1520 2146 qui

851 2151 882 2187 si
903 2164 996 2203 quas
1015 2149 1185 2188 hostium
1204 2163 1320 2188 naves
1333 2149 1517 2189 acceden-

858 2214 914 2245 tes
948 2206 1316 2255 animadverterent‚
1363 2207 1518 2259 signum

858 2263 1014 2314 darent,
1053 2277 1131 2317 quo
1162 2271 1365 2315 conspecto
1382 2265 1519 2317 reliqui

857 2323 1035 2359 citissime
1047 2321 1094 2359 ad
1105 2334 1220 2359 naves
1230 2320 1353 2358 redire
1367 2319 1517 2359 hostes-

854 2391 931 2431 que
951 2378 999 2416 ad
1019 2391 1190 2430 pugnam
1198 2379 1319 2429 parati
1339 2379 1517 2430 excipere

851 2443 1018 2486 possent.

851 2494 1043 2530 niensium
1065 2492 1214 2529 cladem
1230 2491 1278 2528 ad
1288 2493 1416 2543 Aegos
1435 2493 1516 2529 Po-

852 2557 974 2586 tamos
1014 2562 1133 2601 quam
1163 2550 1355 2596 tulerunt,
1401 2562 1515 2600 repe-

853 2605 1011 2643 tendam
1032 2619 1110 2643 esse
1130 2605 1235 2642 idem
1255 2606 1354 2642 bene
1374 2603 1513 2643 adiicit.

911 2659 972 2702 δι’
999 2661 1168 2713 ἡμέρης]
1200 2664 1225 2701 i.
1253 2675 1286 2699 e.
1310 2674 1377 2712 per
1407 2665 1516 2697 totum

855 2719 957 2767 diem,
979 2715 1037 2757 δι’
1058 2717 1208 2770 ’ἡμέρης
1229 2713 1333 2768 ὅλης,
1350 2724 1392 2753 ut
1403 2718 1432 2763 Ῑ,
1447 2719 1514 2756 97-

853 2777 907 2819 11,
939 2776 1031 2816 173.
1053 2776 1243 2822 V11,21O.
1259 2773 1454 2810 AthenJV
1474 2785 1513 2821 p.

857 2833 934 2872 168
957 2831 998 2869 C.
1020 2845 1058 2881 p.
1082 2830 1162 2870 417
1177 2831 1220 2866 C.
1252 2831 1307 2866 XI
1326 2841 1414 2879 pag.
1430 2826 1512 2868 463

1078 2434 1190 2473 Unde
1215 2448 1374 2472 omnem
1392 2433 1518 2472 Athe-
1560 2482 1567 2486 ⁴
