1897 3340
400 235 483 274 186

345 346 389 383 94
403 356 568 393 ,,τερος.

808 228 1268 267 HERODOTI

635 339 806 393 πέμψας
847 339 931 394 γὰρ
974 336 1092 391 παροέ
1133 337 1449 392 Θρασύβουλον
1476 332 1658 390 κήρυκα,

401 405 697 461 ,ἐπυνθάνετο
719 406 871 449 ὅντινα
895 406 949 447 ἄν
977 405 1144 458 τρόπον
1173 405 1501 461 ἀσφαλέστατον
1530 419 1660 446 κατα-
1672 409 1717 444 70

403 474 700 533 ,,στησα’μενος
729 479 818 518 τῶν
854 471 1140 527 πρηγμάτων,
1177 473 1383 517 κάλλιστα
1422 470 1503 527 τὴν
1531 468 1662 514 πόλιν

350 553 394 586 25
410 541 724 598 ,,ἐπιτροπευόι.

408 615 515 664 ,,τοῦ
549 607 831 662 Περιάνδρου
872 606 991 661 ἐξῆγε
1024 607 1102 658 ἔξω
1131 612 1214 651 τοῦ
1244 607 1416 659 ἄστεος·
1455 605 1585 662 ἐσβὰς
1616 606 1663 649 δὲ

401 679 472 730 ,,ἐς
501 677 704 732 ἄρουραν
733 673 1031 730 ἐσπαρμένην,

1071 673 1161 729 ἅμα
1188 692 1233 719 τε
1262 675 1415 731 διεξὴϊε
1445 673 1495 717 τό
1525 671 1719 729 λήϊον,75

403 746 678 797 ,,ἐπειρωτῶν
714 756 759 783 τε
800 740 874 783 καὶ
912 740 1189 794 ἀναποδίζων
1225 742 1303 785 τὸν
1341 742 1512 798 κήρυκα
1553 742 1663 784 κατὰ

400 811 506 867 ,,τὴν
537 808 622 853 ἀπὸ
655 809 884 863 Κορίνθου
914 807 1084 862 ἄπιξιν,
1126 810 1200 852 καὶ
1230 807 1408 854 ἐκόλουε
1438 810 1520 852 αἰεὶ
1550 809 1665 860 ὅκως

399 969 510 1023 παροῖ
528 967 814 1023 Θρασύβουλον
827 964 1003 1021 κήρυκα]

343 1031 400 1067 De
430 1028 675 1079 Thrasybulo
710 1033 824 1079 atque
843 1028 1005 1063 Perian-

344 1086 412 1124 dro
433 1084 596 1136 hospitio
617 1085 753 1120 iunctis
773 1083 916 1131 conf.1‚
931 1086 1003 1124 20.

347 1163 396 1170 —-
431 1141 495 1179 Ad
524 1142 598 1178 loci
617 1147 888 1191 argumentum
908 1139 1003 1177 haeo

345 1201 389 1236 C.
404 1200 594 1248 Wagner.
623 1198 649 1234 l.
681 1198 707 1234 l.
740 1208 826 1247 pag.
852 1199 901 1237 18
921 1203 1002 1233 not.

345 1258 422 1298 63:
457 1257 590 1302 „Hane
612 1252 797 1290 Herodoti
818 1254 1006 1289 narratio-

343 1325 436 1348 nem
464 1313 593 1348 Livius
626 1311 656 1358 I,
683 1309 735 1350 54
765 1309 814 1346 ad
841 1309 1006 1346 Sextum

343 1369 601 1420 Tarquinium
625 1374 661 1403 et
686 1367 854 1403 Gabinos
880 1372 1006 1402 trans-

343 1426 441 1463 tulit.
472 1422 724 1462 Cf.Niebuhr.
743 1424 855 1459 Ro'm.
868 1420 1006 1460 Gesch.

346 1485 363 1518 1
384 1496 423 1533 p.
445 1481 540 1522 513.
563 1482 657 1522 536.
687 1481 898 1531 Utramque
910 1480 1006 1515 Dio-

344 1539 474 1590 nysius
486 1538 570 1575 Hal.
584 1537 743 1588 Antiqq.
768 1538 923 1572 Romm.
940 1535 1004 1583 IV,

345 1595 398 1635 56
439 1595 608 1644 repetiit,
651 1599 687 1629 et
719 1605 816 1644 quae
848 1592 1005 1642 epistola

345 1649 448 1701 apud
468 1652 631 1700 Diogen.
650 1651 680 1697 1,
705 1651 783 1688 100
815 1649 899 1696 [ubi
926 1647 1004 1689 vid.

344 1707 517 1757 Menag]
550 1707 708 1756 legitur,
731 1703 825 1741 haec
850 1718 900 1742 ex
925 1706 1004 1740 He<

347 1763 471 1801 rodoti
485 1760 608 1800 verbis
622 1762 783 1799 conficta
798 1775 877 1798 esse
894 1760 1005 1798 vide-

347 1828 420 1858 tur.
469 1820 681 1856 Consilium
714 1820 862 1868 ipsum,
901 1815 1007 1869 quod

347 1875 491 1915 Thales
512 1877 551 1912 in
572 1873 766 1911 Plutarch.
780 1875 940 1911 Conviv.
969 1887 1007 1924 p.

350 1933 428 1974 147
451 1933 493 1969 C.
534 1930 742 1969 Periandro
764 1930 1007 1982 displicuisse,

344 1990 562 2026 Aristoteles
602 1989 716 2025 Polit.
745 1989 811 2035 ΙΙΙ,
855 1990 921 2027 11.
960 1987 1006 2034 V,

349 2049 398 2087 10
419 2059 441 2082 a
456 2045 664 2082 Periandro
680 2043 923 2095 Thrasybulo
936 2042 1006 2080 da-

347 2109 430 2139 tum
443 2116 521 2139 esse
533 2101 887 2153 tradit,Apollonius
897 2102 1004 2152 Tya-

346 2172 440 2196 neus
481 2157 687 2208 (Philostr.
729 2158 774 2194 V.
808 2158 935 2207 Apoll.
957 2157 1004 2204 V,

347 2215 428 2266 36)
460 2214 655 2252 damnavit
682 2215 908 2265 poeticeque
938 2226 1006 2250 ex-

347 2273 481 2322 pressit
528 2270 701 2322 Euripid.
748 2271 884 2321 Suppl.
923 2269 1006 2310 445

348 2329 483 2380 seqq.‘⁴
553 2328 621 2366 Cr.
666 2334 861 2378 praeterea
901 2325 1007 2363 addit

348 2383 626 2436 Wyttenbaeli.
644 2383 691 2421 ad
703 2382 896 2421 Plutarch.
907 2385 1005 2420 Mor.

345 2443 374 2489 1,
396 2445 422 2482 2
441 2454 530 2492 pag.
551 2443 645 2482 918.

403 2494 542 2536 ὅντινα
580 2493 632 2535 ἂν
666 2492 815 2546 τρόπον
835 2517 888 2524 --
909 2492 1006 2535 κᾶλ-

347 2556 457 2592 λιστα
477 2551 550 2604 τήν
578 2548 697 2592 πόλιν
720 2549 1006 2602 ἐπιτροπεύοι].

347 2611 515 2650 Werser,
536 2611 574 2646 in
596 2611 697 2646 Actt.
711 2608 815 2659 phili.
830 2610 1004 2645 Monaec.

347 2669 364 2704 1
384 2680 471 2718 pag.
493 2666 574 2707 254
595 2673 676 2717 post
688 2661 1005 2704 κᾶλλισταίιιεεϊ-

347 2730 427 2761 tam
446 2724 527 2761 vult
548 2723 773 2774 particulam
799 2717 870 2767 ἂν,
901 2721 1004 2773 quod

348 2780 452 2817 idem
467 2787 587 2817 tentat
599 2781 635 2827 Ἰ,
651 2782 703 2819 67
727 2779 811 2816 coll.
832 2779 894 2824 lv,
911 2781 1004 2819 161.

347 2836 444 2876 Mihi
462 2838 528 2875 vix
548 2849 642 2888 opus
655 2833 1006 2886 videturduplicata

1060 970 1259 1022 particula.
1340 968 1484 1007 Sensus
1529 969 1604 1007 loci
1643 977 1718 1007 est:

1061 1041 1127 1078 quo
1153 1030 1259 1076 pacto
1282 1026 1487 1077 firmissime
1521 1029 1722 1064 constitutis

1060 1084 1160 1121 rebus
1179 1083 1233 1132 (i.
1255 1096 1287 1121 e.
1309 1082 1498 1135 imperio)
1529 1084 1653 1133 optime
1670 1085 1722 1120 ci-

1059 1143 1204 1178 vitatem
1231 1143 1375 1189 regeret.
1430 1139 1555 1176 Verba
1585 1136 1723 1179 ὅντινα
1785 1159 1790 1165 ·

1059 1194 1208 1248 τρόπον
1232 1195 1411 1234 Larcher.
1438 1203 1540 1232 recte
1575 1195 1623 1232 ad
1653 1211 1724 1234 κα..

1062 1249 1358 1304 ταστησᾶμενος
1397 1253 1547 1298 retulit,
1595 1254 1638 1288 in
1674 1265 1722 1289 eo

1063 1317 1194 1346 tamen
1214 1310 1339 1360 lapsus
1353 1339 1362 1357 ,
1383 1307 1488 1361 quod
1510 1321 1600 1344 eum
1617 1307 1723 1345 hisce

1061 1367 1184 1403 verbis
1203 1367 1334 1403 tribuit
1360 1377 1537 1402 sensum:
1577 1365 1724 1415 „quelle

1055 1423 1173 1475 forme
1190 1424 1272 1473 plus
1294 1422 1375 1460 stire
1400 1422 1443 1460 de
1461 1425 1723 1471 gouvernement

1061 1479 1088 1517 il
1101 1482 1261 1530 pourroit
1284 1476 1524 1516 e'tablirfs—
1552 1477 1615 1516 Ad
1634 1492 1723 1515 ver-

1062 1536 1129 1573 ba:
1163 1532 1229 1587 ἒέμ
1246 1552 1270 1575 α
1295 1550 1344 1574 τε
1375 1534 1524 1586 διεξήϊε
1541 1532 1583 1574 τὰ
1607 1531 1723 1582 λήϊον

1064 1613 1113 1620 -
1144 1591 1229 1631 καὶ
1263 1589 1423 1632 ἐκόλουε
1464 1591 1566 1630 conf.
1611 1593 1722 1628 citata

1059 1648 1107 1686 ad
1128 1650 1191 1697 IV,
1216 1649 1308 1690 150.

1116 1704 1346 1756 ἐπειρωτῶν
1376 1719 1416 1744 τε
1437 1703 1504 1743 καὶ
1527 1699 1722 1744 οἷναποδί-

1063 1763 1168 1810 ζων]
1200 1763 1226 1798 i.
1248 1775 1283 1798 e.
1310 1765 1544 1811 percunctans
1580 1760 1723 1798 identi-

1063 1817 1154 1856 dem
1184 1821 1216 1854 et
1247 1830 1414 1854 revocans
1447 1817 1722 1866 caduceatorem,

1062 1881 1106 1911 ut
1124 1875 1235 1912 vertit
1245 1873 1423 1910 Budaeus
1433 1887 1521 1924 pag.
1533 1872 1628 1921 418,
1651 1873 1723 1912 ad-

1062 1932 1187 1968 ferens
1208 1929 1387 1968 Aeschin.
1420 1931 1461 1967 in
1483 1929 1721 1981 Ctesiphont-

1064 1989 1102 2033 ξ.
1124 1991 1177 2030 63
1191 2018 1200 2035 ,
1231 1989 1297 2024 ubi
1323 1988 1455 2024 Bremi
1482 1986 1612 2024 laudat
1630 1989 1725 2024 Pol-

1061 2045 1136 2082 luc.
1165 2046 1214 2092 ΙΙ,
1248 2047 1342 2085 196.
1408 2045 1496 2080 Alia
1525 2045 1620 2080 ratio
1648 2045 1723 2081 loci

1060 2102 1115 2148 11,
1158 2104 1261 2148 116,
1310 2107 1353 2137 ut
1396 2101 1450 2136 ibi
1487 2101 1724 2138 monuimus.

1061 2156 1284 2207 Seliweigh.
1323 2158 1364 2193 in
1402 2158 1500 2193 Lex.
1539 2156 1724 2194 Herodot.

1063 2215 1241 2265 exponit:
1293 2226 1456 2250 revocare
1499 2213 1652 2263 aliquem
1683 2217 1723 2251 ut

1057 2271 1180 2321 pedem
1212 2270 1371 2321 referat,
1419 2269 1567 2320 indeque
1607 2271 1724 2308 iubere

1063 2328 1215 2377 aliquem
1244 2331 1415 2377 repetere,
1456 2339 1546 2376 quae
1575 2328 1647 2363 iam
1670 2339 1722 2363 se-

1063 2385 1129 2422 mel
1147 2384 1310 2430 dixerat,
1342 2390 1385 2420 ut
1416 2397 1454 2420 v.
1475 2396 1508 2420 c.
1529 2382 1602 2420 hoe
1622 2384 1720 2430 loco,

1061 2454 1129 2478 cur
1150 2439 1198 2477 ad
1216 2441 1342 2491 ipsum
1362 2437 1543 2476 Corintho
1563 2440 1722 2477 venerit.

1063 2498 1343 2534 Grammaticus
1364 2498 1530 2534 Graecus
1554 2497 1593 2532 in
1613 2494 1722 2532 Bek-

1062 2553 1146 2590 keri
1167 2552 1340 2591 Anecdd.
1361 2554 1379 2589 I
1398 2565 1486 2603 pag.
1507 2555 1582 2593 83:
1621 2548 1722 2591 ἅνα-

1062 2611 1249 2657 ποὸίζων·
1280 2605 1371 2648 οἷντὶ
1389 2610 1463 2648 τοῦ
1481 2606 1527 2647 τὰ
1548 2605 1721 2660 πρότερα

1060 2666 1231 2718 ἐρωτῶν.

1117 2721 1185 2761 καὶ
1203 2718 1365 2761 ἐκόλουε
1379 2743 1430 2748 -
1443 2719 1721 2771 ὑπερέχοντα]

1062 2778 1174 2815 Conf.
1195 2776 1621 2829 Euripid.Suppl.448.
1643 2778 1723 2814 Ea-

1063 2833 1152 2872 dem
1184 2836 1375 2872 locutione
1412 2832 1598 2874 κολούειν
1624 2830 1724 2882 ,τούς

1843 688 1848 706 Ι

1842 168 1868 210 ’j

1838 316 1869 392 ..⁸

1834 398 1870 495 ‚⁴⁴

1848 512 1860 531 k

790 539 1106 595 Θρασύβουλος
1136 540 1181 584 δὲ
1209 539 1289 585 τόν
1321 538 1507 583 ἐλθόντα
1544 537 1664 594 παρὰ
1717 532 1799 574 422
1847 533 1869 594 ”ss

1847 649 1850 657 ι

1846 606 1870 787 3

1847 794 1872 918 ξ

1845 1359 1872 1378 1
1849 1221 1873 1349 Ἀθόω
1847 1149 1871 1217 222*
