1897 3340
544 179 1013 220 POLYMNIA.
1073 179 1179 216 VII.

1420 184 1502 224 587

232 293 312 346 ,,τῇ
342 291 632 348 διαχρεωμένη
661 290 687 346 ἡ
712 287 874 339 Ἑλλὰς,
903 286 983 343 τήν
1011 302 1056 330 τε
1084 287 1239 342 πενίην
1277 285 1490 343 ἀπαμύνε-

204 364 335 409 2,,ται
364 359 439 401 καὶ
477 358 555 414 τὴν
597 356 881 413 δεσποσύνην.
942 354 1071 399 αἰνέω
1104 354 1184 410 μέν
1212 371 1298 398 νυν
1326 355 1489 408 πάντας

231 423 464 482 ,ζἘλληνας
492 426 594 477 τοὺς
621 425 719 479 περὶ
747 423 1036 475 κείνους’τούς
1062 423 1294 478 Δωρικούς
1323 423 1493 479 χώρους

232 494 532 549 ,,οῑκημένους’
562 494 740 549 ἔρχομαι
764 493 810 537 δὲ
831 493 964 545 λέξων
986 490 1040 535 οὐ
1051 493 1147 544 περὶ
1163 490 1339 534 πάντων
1367 491 1493 536 τούσ-

231 563 306 613 ,,δε
346 562 451 613 τούς
487 560 665 617 λόγους,
705 559 816 605 ἀλλὰ
853 562 951 616 περὶ
989 561 1351 615 Λακεδαιμονίων
1389 560 1493 616 μού-

231 643 369 680 ,,νων·
399 632 548 684 πρῶτα
577 629 667 685 μὲν,
698 629 766 674 ὅτι
795 630 878 675 οὐκ
906 631 995 675 ἔστι
1024 630 1137 680 ὅκως
1159 629 1258 673 κοτὲ
1280 628 1389 680 σούς
1417 630 1516 673 (δέ-1

232 698 406 750 „gom-oet
438 696 595 753 λόγους
636 698 911 754 δουλοσύνην
949 699 1164 755 φέροντας
1211 699 1265 754 τῇ
1304 695 1491 742 Ἑλλάδι·

227 761 375 818 ,,αὗτις
405 766 474 818 δὲ,
508 765 566 816 ὥς
588 763 876 812 ἀντιώσονταί
903 783 973 810 τοι
993 766 1035 817 ἐς
1065 764 1229 822 μάχην,
1259 766 1333 809 καὶ
1363 766 1422 822 ἣν
1451 768 1496 810 οἱ

201 842 224 876 3
232 832 383 886 „maon
399 833 601 890 Ἕλληνες
628 836 786 886 πάντες
813 834 867 878 τὰ
887 833 942 878 σά
963 833 1198 890 φρονέωσι.
1229 831 1429 890 ἀριθμοῦ
1445 834 1522 878 δὲό

227 902 374 956 ”agens

433 902 491 986 μή
540 903 664 959 πύθῃ
709 902 805 947 ὅσοι
841 903 954 954 τινὲς
1001 902 1146 954 ἐόντες
1194 906 1333 946 ταῦτα
1379 903 1493 946 ποιέ-

228 986 322 1022 ,,ειν
362 968 450 1014 οἶοί
496 970 541 1014 τέ
585 973 689 1015 εἰσι·
741 971 796 1029 ἥν
833 987 879 1015 τε
903 970 988 1028 γὰρ
1024 970 1185 1028 τύχωσι
1225 971 1494 1024 ἐξεστρατευ-

231 1037 383 1095 ,,μένοι
410 1039 562 1096 χίλιοι,
595 1035 720 1084 οὗτοι
749 1039 1017 1124 μαχήσονταί
1044 1057 1136 1090 τοι,

1200 1039 1257 1095 η’ν
1295 1054 1338 1082 τε
1368 1038 1493 1082 ἐλάσ-

229 1119 380 1160 ,,σονες
407 1107 597 1159 τούτων,
626 1106 682 1163 ἥν
714 1123 758 1151 τε
786 1108 859 1151 καὶ
888 1111 1107 1159 πλεῦνες.“
1170 1109 1320 1151 Ταῦτα
1352 1105 1493 1150 ἄκου’-

229 1187 309 1226 σας
347 1173 529 1231 Ξέρξης,

588 1173 772 1232 γελάσας
812 1176 919 1233 ξ’·φη

998 1173 1283 1231 ,.Δημάρητε,
1326 1173 1424 1219 οἷον
1453 1174 1489 1218 ἐ·
1506 1182 1549 1216 10

229 1241 450 1299 ,,φθέγξαο
477 1243 599 1296 ἔπος,
648 1243 816 1300 ἄνδρας
842 1245 1008 1301 χιλίους
1029 1246 1208 1299 στρατιῇ
1230 1246 1386 1302 τοσῇδε
1415 1260 1492 1299 μα·

229 1309 492 1367 »χήσασθαιέ
532 1312 629 1368 ἄγε,
671 1312 759 1357 εἶπέ
787 1329 877 1370 μοι,
907 1311 963 1357 σύ
992 1311 1081 1371 φῂς
1109 1311 1281 1357 τούτων
1309 1316 1397 1357 τῶν
1417 1311 1494 1356 ἀν-

171 1495 424 1550 ὃεσποσύνην
448 1497 538 1535 hino
559 1497 669 1535 affert
689 1499 830 1537 Gram-

169 1557 329 1593 maticus
348 1557 387 1592 in
407 1554 578 1592 Bekkeri
596 1555 770 1592 Anecdd.
792 1570 828 1607 p.

170 1614 237 1660 89,
263 1615 328 1652 12.

225 1665 320 1715 τούς
339 1667 430 1720 περὶ
451 1668 609 1715 κείνους
629 1665 723 1715 τούς
739 1672 831 1707 Λω-

172 1722 311 1776 ρικοῦς
326 1722 479 1776 χώρους
500 1724 758 1775 οἰκημένους]
772 1727 830 1762 De

171 1783 458 1831 praepositionis
509 1781 601 1833 περὶ
645 1795 718 1818 usu
754 1781 832 1819 vid.

171 1838 306 1875 Matth.
329 1839 395 1876 Gr.
418 1839 483 1874 Gr.
505 1851 593 1889 pag.
618 1840 736 1885 1176,
767 1840 833 1890 qui

171 1893 276 1932 idem
308 1896 344 1940 ᾗ.
376 1893 459 1936 482
484 1901 564 1931 not.
596 1897 622 1934 2
642 1907 730 1945 pag.
752 1897 833 1936 903

172 1950 427 1988 consulendus
448 1950 495 1988 ad
516 1952 632 1988 verba
655 1947 729 1990 οὐκ
753 1950 833 1990 ἔστι

171 2004 288 2054 ὅπως.
346 2010 404 2044 De
437 2008 629 2045 locutione
672 2006 833 2060 ἔρχομαι

169 2063 293 2112 λέξων
313 2063 389 2103 vid.
411 2066 440 2112 Ι,
466 2063 557 2105 194.

227 2119 274 2160 τά
296 2119 345 2161 σά
369 2120 596 2173 φρονέωσι]
628 2121 653 2157 i.
676 2133 710 2157 e.
730 2122 831 2158 si—

172 2177 222 2214 ad
254 2182 335 2215 tuas
359 2182 482 2228 partes
522 2179 746 2224 accesserint,
797 2190 832 2214 se

173 2234 240 2269 tibi
271 2234 495 2273 tradiderint.
553 2237 611 2271 De
639 2235 831 2272 locutione

173 2289 274 2326 conf.
293 2290 339 2337 V,
361 2293 385 2330 3
407 2291 534 2342 ibique
556 2292 678 2339 allata,
700 2292 768 2339 IX,
791 2294 830 2331 2.

171 2344 368 2392 V11‚145.
392 2349 471 2386 172
505 2346 598 2396 (ubi
617 2362 663 2386 τοι
683 2344 832 2399 αμείνω

174 2402 369 2453 φρονεῖν)
400 2403 470 2449 ΙΧ,
500 2405 568 2443 99
626 2403 688 2440 Ad
719 2417 832 2441 voces

175 2454 358 2509 αριθμου
380 2457 469 2508 πέρι
490 2459 588 2496 conf.
608 2458 742 2497 Matth.
764 2461 830 2497 Gr.

176 2515 242 2553 Gr.
276 2516 313 2560 ξ
342 2513 424 2555 342
452 2514 518 2551 fin·
534 2527 622 2565 pag·
636 2516 722 2556 651
745 2517 833 2553 con.

177 2572 215 2616 §.
236 2571 399 2612 3531111.
420 2583 507 2622 pag.
529 2574 623 2618 666,
645 2573 710 2622 qui
730 2571 833 2609 idem

177 2628 215 2672 §-
220 2626 318 2668 “567
338 2640 425 2678 pag.
450 2630 555 2668 1118
577 2628 676 2666 conf.
695 2626 743 2664 ad
762 2641 834 2665 vo-

180 2696 240 2719 ces
275 2680 361 2723 όσοι
397 2680 501 2729 τινὲς
543 2678 673 2731 ἐόντες
711 2687 834 2723 ταῦτα

180 2736 328 2778 ποιέειν
351 2735 429 2780 οἷοί
454 2738 493 2778 τέ
516 2739 602 2778 εἰσι.

235 2789 346 2835 οὗτοι
383 2791 650 2846 μαχησονται]
710 2797 742 2833 V
745 2796 834 2847 ulgo

888 1496 1136 1549 μαχέσονται.
1216 1497 1329 1544 Quod
1367 1497 1549 1550 equidem

888 1553 987 1604 dedi,
1001 1556 1182 1593 iubebant
1190 1555 1277 1592 libri
1287 1556 1413 1606 scripti
1424 1569 1549 1608 quan-

886 1619 972 1650 tum
1000 1614 1076 1650 scio
1101 1611 1258 1650 omnes.
1329 1612 1454 1663 Supra
1483 1613 1548 1660 IV,

890 1672 970 1710 127
999 1683 1131 1706 omnes
1158 1670 1243 1706 libri
1272 1667 1548 1720 μαχησόμεθα,

888 1724 992 1777 quod
1024 1739 1145 1778 aeque
1175 1726 1421 1763 retinendum
1434 1733 1549 1778 atque

886 1783 968 1829 VII,
996 1785 1076 1822 209
1110 1782 1195 1832 (ubi
1224 1783 1342 1833 vulgo
1382 1778 1549 1832 μαχεσὸ-

889 1852 1000 1889 μενοι
1024 1845 1060 1875 et
1086 1838 1349 1890 μαχέσονται)
1378 1840 1477 1883 VIII,
1496 1841 1549 1878 26

889 1895 956 1932 fin.
1013 1897 1112 1932 Hinc
1146 1897 1226 1943 VII,
1249 1898 1327 1936 103
1369 1891 1550 1946 μαχήσα-

892 1955 988 1990 σθαι
1030 1949 1122 2004 (ubi
1148 1953 1265 2003 vulgo
1301 1951 1550 2002 μαχέσασθαι

889 2015 954 2045 aut
974 2007 1251 2060 μαχήσεσθαι)
1283 2022 1304 2044 e
1329 2010 1549 2046 Florentino

887 2066 1044 2117 aliisque
1065 2065 1166 2103 dedi.
1223 2066 1275 2102 At
1301 2067 1331 2112 Ι,
1357 2069 1448 2107 103.
1478 2066 1548 2114 ΙΧ,

888 2121 941 2163 46
964 2123 1052 2160 coll.
1074 2122 1126 2164 48
1146 2118 1420 2174 μαχεσάμενοι,
1441 2123 1548 2159 nulla

886 2178 1057 2216 lectionis
1078 2181 1256 2217 varietate
1271 2179 1450 2217 indicata.
1483 2180 1549 2217 Tu

888 2237 988 2275 conf.
1009 2238 1234 2274 Buttmann.
1264 2237 1437 2274 Gramin.
1457 2237 1548 2275 mai.

886 2294 922 2329 II
942 2307 980 2344 p.
1006 2294 1083 2335 185
1105 2301 1142 2331 et
1170 2291 1337 2331 Fischer.
1360 2293 1408 2330 ad
1433 2295 1550 2331 Wel-

887 2350 1053 2397 ler.111.,
1083 2363 1105 2386 a
1143 2363 1232 2401 pag.
1271 2353 1365 2391 131.
1391 2373 1443 2378 -—
1473 2351 1550 2387 Pro

887 2405 1058 2446 τουτέων
1079 2413 1116 2444 et
1135 2406 1209 2444 hoc
1231 2420 1313 2458 cap.
1326 2414 1362 2444 et
1374 2408 1550 2460 sequenti

888 2461 978 2499 dedi
1007 2459 1173 2503 τούτων.

1116 2553 1209 2604 Cap.
1231 2554 1328 2590 (3111.

940 2625 996 2668 -σῦ
1030 2627 1138 2683 φῄς]
1169 2634 1269 2669 Male
1300 2629 1494 2669 Schaefer.
1525 2642 1546 2664 e

892 2683 1038 2723 duobus
1059 2688 1181 2726 codd.
1205 2684 1254 2727 ου’
1285 2683 1379 2737 φής.
1438 2686 1544 2730 Quae

891 2748 1018 2778 autem
1048 2745 1102 2781 vis
1132 2746 1220 2782 insit
1252 2746 1290 2780 in
1312 2742 1546 2798 pronominis

891 2800 1135 2849 repetitione.
1168 2813 1190 2839 σ
1200 2816 1223 2839 υ
1248 2814 1329 2850 φης
1340 2820 1390 2826 —-
1404 2809 1461 2837 συ
1488 2812 1545 2836 ων

1547 375 1622 416 551
