1897 3340
227 495 325 540 125

54 559 172 586 Cameli
190 568 208 586 a
232 560 325 587 leoni-

55 594 108 621 bus
127 593 274 622 dilaniati.

225 1029 321 1074 126
380 1041 454 1076 ov,
493 1021 586 1080 μήτ’
625 1024 896 1080 ἐπεπειρέατο
938 1024 1090 1069 αὐτοῦ.

380 1091 433 1135 τοὶ
460 1093 596 1148 χωρία
625 1092 697 1135 καὶ
731 1092 900 1144 λέοντες
928 1095 1103 1143 πολλοὶ,
1132 1096 1203 1139 καὶ
1234 1094 1332 1152 βόες
1361 1095 1519 1151 ἄγριοι,
1550 1098 1638 1137 τῶν
1650 1102 1696 1135 20

354 1169 438 1203 Ξτα
478 1158 603 1215 κέρεα
640 1157 946 1218 ὑπερμεγάθεά
975 1162 1085 1218 ἐστι,
1115 1162 1168 1207 τὰ
1195 1163 1237 1215 ἐς
1254 1163 1466 1221 Ἕλληνας
1495 1162 1642 1220 φοιτέ-

51 1094 147 1121 Tauri
167 1092 323 1122 silvestres

51 1129 83 1154 in
99 1126 204 1154 iisdem
222 1127 306 1156 locis.

51 1162 83 1188 ln
103 1170 159 1195 qua
179 1162 302 1197 Europa

51 1200 137 1230 parte
156 1195 257 1223 leones
275 1203 322 1222 re-

52 1228 219 1264 periautur.

307 1170 323 1188 C

386 244 469 284 (320

785 245 1243 282 HERODOTI

387 353 711 406 Κρηστωναίων
745 350 1008 407 ἀρξάμενος,
1047 354 1132 409 ῥέει
1172 352 1244 396 διοέ
1280 354 1536 409 Μυγδονίης
1563 352 1639 409 χῶ·

386 434 487 473 ρης,
525 418 597 461 καὶ
634 418 731 470 ἐξίει
767 419 885 473 παρὰ
915 422 962 464 τὸ
1003 421 1097 472 ἕλος
1127 421 1175 463 τό
1206 419 1267 463 ἐπ’
1293 419 1411 478 Ἀξίῳ
1441 424 1634 476 ποταμῷ.
1653 428 1695 461 10

385 484 679 544 Πορευομένῳ
717 487 762 529 δὲ
790 486 940 544 ταύτῃ,
971 488 1136 539 λέοντές
1168 491 1210 532 οἱ
1240 488 1509 544 ἐπεθήκαντο
1540 490 1639 543 τῇσι
1695 480 1776 531 560

383 552 660 608 σιτοφόροισι
688 552 929 609 καμήλοισι.
958 556 1318 611 καταφοιτέοντες
1346 555 1429 611 γὰρ
1461 557 1504 598 οἱ
1524 555 1642 597 λέον-

383 637 451 671 τες
479 619 554 670 τὰς
583 621 758 671 νύκτας,
790 623 863 665 καὶ
891 623 1109 674 λείποντες
1140 624 1190 667 τὰ
1209 624 1395 678 σφέτερα
1412 624 1537 680 ἤθεα,
1568 620 1642 664 ἄλ-

383 692 464 730 λου
494 690 570 741 μὲν
601 686 782 739 οὐδενὸς
812 688 1001 733 ἅπτοντο
1023 690 1122 733 οὔτε
1151 694 1405 747 ὑποζυγίου,
1438 691 1538 734 οὔτε
1569 688 1641 732 οἷν-

354 754 583 809 2θρώπου.
615 755 658 797 οἱ
673 754 718 797 δὲ
734 755 810 806 τὰς
830 755 1051 813 καμήλους
1077 758 1298 812 ἐκεράιζον
1317 757 1498 815 μούνας.
1528 762 1642 800 θωυ-
1658 763 1697 796 15

383 821 500 876 μάξω
541 821 587 865 δὲ
625 820 674 867 τὸ
717 824 878 876 α’ίτιον,
919 823 944 868 ὅ
975 841 1016 868 τι
1056 826 1155 869 κοτὲ
1185 821 1263 882 ἧν,
1303 830 1392 870 τῶν
1421 826 1562 870 ἄλλων
1591 823 1639 867 τὸ
1693 842 1696 843 ’

383 888 629 945 ἀναγκάζον
659 888 953 946 ἀπεχομένους
982 892 1085 943 τούς
1107 893 1285 943 λέοντας
1317 897 1415 950 τῇσι
1436 893 1640 950 καμήλοι-

383 970 425 1001 σι
453 957 746 1000 ἐπιτίθεσθαι·
786 959 835 1002 τό
868 960 971 1015 μήτε
1009 959 1226 1013 πρότερον
1255 958 1490 1003 ὀπώπεσαν
1517 961 1641 1015 θηρί-

324 1371 501 1396 occasum
522 1370 650 1396 versus
669 1364 815 1395 remota
831 1357 879 1395 ad
894 1360 985 1396 Axii

321 1415 479 1466 paludes
501 1421 707 1465 ponuntur.
769 1414 864 1452 Inde
892 1429 985 1466 pro—

324 1473 450 1508 babile
478 1471 628 1509 videtur
669 1472 712 1508 C.
747 1472 792 1508 O.
831 1473 981 1510 Miiller.

325 1529 481 1575 (Ueber⁸
500 1527 561 1564 die
591 1526 799 1565 Makedon.
829 1542 866 1579 p.
898 1531 923 1569 8
945 1537 982 1566 et

324 1586 362 1620 iu
398 1583 492 1634 fin.)
523 1583 689 1621 eundem
710 1597 788 1620 esse
808 1585 981 1633 fiuvium,

324 1641 386 1677 cui
405 1654 507 1677 nunc
527 1653 670 1677 nomen
699 1641 852 1679 Gallico.
906 1642 982 1678 Ubi

325 1698 440 1733 etiam
460 1697 568 1747 plura
588 1696 635 1734 de
655 1696 859 1747 IlIygdonz'a
882 1697 980 1734 terra

325 1752 501 1804 disputat.
535 1754 628 1789 Mox
647 1754 777 1803 scripsi
799 1752 890 1800 ἐξίει
910 1767 979 1805 pro

324 1809 430 1856 ἐξιεῖ.
487 1808 573 1846 Vid.
605 1808 740 1848 Matth.
763 1810 828 1847 Gr.
853 1811 919 1852 Gr.
943 1812 980 1856 ξ.

323 1868 417 1914 212,
438 1868 464 1906 7
479 1878 567 1917 pag.
589 1865 685 1907 401.

522 1956 614 2006 Cap.
638 1956 793 1993 CXXV.

383 2031 537 2081 λέοντές
556 2034 598 2074 οἵ
615 2030 885 2085 ἐπεθήκαντο]
917 2033 980 2071 Ad

325 2091 558 2140 pronominis
589 2090 630 2130 οἵ
646 2104 759 2128 usum
779 2091 880 2128 conf.
896 2092 979 2139 Vll,

327 2148 390 2186 16.
407 2147 460 2186 38
481 2145 574 2183 etad
589 2149 794 2197 particulae
814 2143 857 2187 δὲ
869 2161 979 2185 usum

324 2202 363 2237 in
384 2203 506 2238 verbis
528 2203 569 2242 οἱ
600 2201 651 2242 δὲ
687 2200 758 2251 τοὶς
777 2202 980 2256 καμήλους

324 2253 527 2308 ἐκεράϊζον
565 2255 720 2308 μούνας
756 2266 853 2296 nott.
882 2259 929 2296 ad
948 2261 978 2306 1,

324 2314 391 2352 66·
432 2314 646 2364 κεραΐζειν,
688 2314 791 2365 quod
829 2317 979 2365 proprie

324 2368 422 2404 valet
443 2370 601 2405 cornibus
617 2369 768 2419 aliquem
776 2374 901 2419 petere,
919 2371 978 2408 la-

324 2437 470 2472 cessere,
510 2423 648 2461 deinde
685 2426 870 2475 significat
902 2427 976 2464 lae-

322 2480 421 2527 dere,
461 2481 628 2519 invadere
665 2481 830 2534 indeque
861 2485 975 2520 etiam

322 2536 493 2586 diripere,
531 2537 744 2587 exspoliare,
783 2546 822 2575 nt
858 2541 884 2586 1,
921 2542 974 2580 88

322 2593 406 2629 coll.
433 2594 523 2634 159.
555 2595 601 2640 ll,
628 2594 718 2634 115.
743 2597 833 2634 121.
882 2597 973 2633 Mox

323 2649 472 2699 reposui
519 2646 720 2700 θωυμάζω
764 2664 832 2701 pro
890 2656 976 2691 θω-

321 2701 445 2755 μᾶζω.

378 2778 619 2832 ὀπώπεσαν]
663 2783 772 2821 Conf.
808 2786 836 2831 1,
859 2787 910 2825 68
940 2793 975 2823 et

322 2837 368 2875 ad
389 2838 637 2892 ἐπεπειρέατο
659 2839 796 2878 matth.
819 2842 884 2881 Gr.
908 2843 973 2880 Gr.

1150 1029 1250 1070 Εἰσὶ
1291 1028 1337 1071 δὲ
1368 1028 1478 1071 κατὰ
1507 1031 1643 1071 ταῦτα

1040 1360 1077 1405 §·
1101 1359 1181 1400 204
1202 1373 1241 1411 p.
1254 1361 1348 1401 378.
1395 1358 1506 1406 Quod
1526 1360 1695 1412 sequitur

1040 1412 1177 1462 αὐτοῦ,
1197 1429 1266 1467 pro
1287 1429 1332 1453 eo
1343 1429 1433 1454 sane
1453 1417 1695 1467 exspectabas

1039 1467 1089 1511 οὗ
1103 1472 1361 1510 s.Herodoteo
1389 1487 1497 1510 more
1525 1475 1611 1512 τοῦ.
1643 1473 1695 1509 At

1037 1528 1125 1566 vide
1145 1536 1242 1566 nott.
1263 1528 1311 1566 ad
1330 1531 1394 1577 ΠΙ,
1417 1529 1483 1571 34.
1540 1529 1603 1566 Ad
1632 1542 1695 1566 ar-

1037 1592 1264 1635 gumentum
1285 1587 1358 1623 loci
1369 1587 1469 1623 conf.
1488 1587 1634 1623 Aelian.
1646 1588 1695 1624 N.

1037 1643 1085 1683 A.
1106 1643 1224 1687 XVII,
1239 1644 1306 1688 36,
1328 1640 1432 1692 (coll.
1448 1644 1608 1679 Pausan.
1629 1641 1694 1689 VI,

1037 1698 1074 1744 5,
1097 1701 1120 1738 3
1142 1697 1252 1734 Phile
1281 1698 1347 1738 35.
1378 1697 1457 1750 44)
1485 1699 1551 1750 qui
1570 1700 1695 1735 Hero-

1038 1753 1128 1790 doto
1175 1755 1312 1790 iniuria
1350 1755 1546 1791 obtrectat.
1621 1755 1694 1799 Qui

1038 1811 1142 1846 euim
1156 1811 1202 1847 ab
1213 1810 1405 1848 Herodoto
1417 1811 1588 1847 leonibus
1599 1824 1694 1847 con-

1036 1868 1240 1903 stituuntur
1252 1869 1415 1915 termini,
1428 1866 1583 1904 eosdem
1599 1880 1694 1904 con-

1035 1924 1206 1960 stituerat
1224 1925 1444 1961 Aristoteles
1464 1925 1539 1973 (H.
1561 1925 1609 1961 A.
1629 1924 1692 1972 VI,

1035 1981 1103 2020 28.
1124 1980 1222 2027 VIII,
1254 1984 1307 2021 27
1329 1981 1367 2025 §.
1388 1980 1431 2029 6)
1463 1993 1506 2017 ac
1533 1981 1689 2027 Plinius,

1034 2042 1078 2071 ut
1094 2036 1190 2073 bene
1211 2037 1360 2073 monuit
1378 2037 1521 2075 Iacobs.
1544 2035 1592 2072 ad
1610 2037 1691 2072 Ae·—

1035 2092 1124 2128 lian.
1144 2094 1190 2129 N.
1211 2094 1257 2130 A.
1278 2094 1342 2140 ΙΙΙ,
1363 2095 1416 2132 27
1437 2093 1522 2129 coll.
1544 2092 1689 2129 Dissen.

1036 2146 1084 2184 ad
1103 2147 1257 2189 Pindar,
1278 2147 1389 2199 Pyth.
1411 2149 1479 2195 IX,
1499 2150 1565 2188 27.

1222 2237 1313 2287 Cap.
1335 2237 1509 2274 CXXVI.

1093 2311 1192 2365 βοές
1222 2312 1383 2366 ἄγριοι]
1417 2314 1609 2352 Credibile
1640 2323 1694 2354 est

1036 2369 1084 2407 de
1115 2383 1160 2407 eo
1190 2369 1227 2409 h.
1256 2372 1281 2407 1.
1308 2372 1369 2421 agi
1398 2372 1517 2408 boum
1536 2385 1688 2423 genere,

1034 2428 1095 2463 cui
1115 2440 1216 2463 nunc
1229 2428 1344 2477 vulgo
1359 2441 1501 2464 nomen
1513 2435 1568 2466 est
1579 2430 1689 2466 Auer-

1033 2483 1112 2519 oclus
1133 2497 1161 2520 s.
1190 2483 1331 2522 Wisent.
1390 2485 1560 2521 Plurima
1585 2484 1688 2522 dabit

1032 2538 1253 2578 Schneider.
1277 2541 1313 2576 in
1335 2540 1550 2578 Anmerkk.
1581 2555 1611 2577 z.
1632 2542 1689 2577 E-

1033 2596 1158 2646 clogg.
1190 2595 1321 2648 Pliyss.
1352 2610 1440 2648 pag.
1472 2598 1526 2638 25
1565 2609 1586 2633 a
1622 2596 1688 2634 Cr.

1033 2652 1220 2690 laudatus.

1088 2727 1134 2769 τοὶ
1166 2728 1415 2780 ἒς”Ελληνας
1442 2729 1682 2780 φοιτέοντα]

1033 2787 1244 2824 Articulum
1282 2784 1378 2833 τούς
1410 2793 1491 2838 post
1511 2785 1549 2833 ἐς
1569 2788 1683 2837 vulgo

1031 2843 1132 2881 libris
1162 2844 1283 2882 invitis
1305 2845 1486 2882 insertum
1506 2843 1684 2895 equidem
