1897 3340
636 208 940 246 ERATO.
1000 208 1071 244 VI.
1405 213 1484 252 361

228 319 299 370 „gx
341 318 539 375 βασιλέος
576 312 658 361 ὦδε
701 316 969 360 ἐπέσταλται·
1021 315 1067 359 ἐν
1110 310 1133 372 ᾗ
1175 314 1294 372 χώρῃ
1334 318 1377 360 οἱ
1406 317 1487 361 δύο

228 388 350 438 ,,θεοὶ
382 386 601 440 ἐγένοντο,
642 382 803 439 ταύτην
843 384 978 440 μηδὲν
1007 386 1227 431 σίνεσθαι,
1264 385 1370 440 μήτε
1409 385 1489 428 αὐ-

199 455 338 511 4,,τὴν
366 453 444 509 τὴν
471 451 639 508 χώρην,
670 450 773 507 μήτε
802 451 906 503 τούς
937 451 1169 507 οἰκήτορας
1198 450 1344 508 αὐτῆς.
1395 457 1510 497 νῦυ1

228 519 317 574 „niv
345 521 416 564 καὶ
446 518 566 562 ἄπιτε
596 518 736 574 ἐπὶρτά
763 518 948 574 ὑμέτερα
979 519 1137 571 αὐτῶν,
1160 520 1233 563 καὶ
1253 520 1332 576 τήν
1352 524 1489 577 νῆσον

230 588 476 644 ,,νέμεσθε.“
514 589 664 629 Ταῦτα
681 587 760 642 μὲν
782 586 1152 643 ἐπεκηρυκεύσατο
1175 593 1288 631 τοῖσι
1311 590 1489 645 Δηλίοι-

229 667 292 698 σι·
314 653 417 708 μετὰ
439 655 497 704 δὲ,
520 657 768 710 λιβανωτοῦ
788 654 1018 712 τριηκόσια
1036 655 1224 699 τάλαντα
1239 655 1488 710 κατανήσας
1546 666 1627 711 483

105 721 168 766 98
227 723 295 766 ἐπὶ
308 726 387 765 τοῦ
405 725 558 778 βωμοῦ
580 722 797 778 ἐθυμίησε.
818 728 948 775 Δᾶτις
965 723 1045 779 μὲν
1068 723 1120 779 δὴ
1138 727 1270 767 ταῦτα
1284 724 1513 780 ποιήσας,5
1544 720 1618 747 ΡΟΞῑ
1636 728 1737 747 ‘³⁰“¹¹¹¹
1755 723 1818 749 am.

1545 759 1606 781 turn
1618 755 1709 781 Delus
1726 760 1785 781 ter-

1547 797 1601 815 rae
1613 793 1693 816 motu
1703 794 1819 816 contre-

1548 822 1664 849 miscit:
1703 822 1780 858 quod

1545 865 1610 883 cum
1637 864 1692 883 nec
1711 860 1803 883 antea

1545 898 1601 917 nec
1620 894 1690 926 post
1708 891 1784 917 acci-

228 791 346 833 ἔπλεε
378 788 467 845 ἅμα
496 794 558 849 τῷ
588 795 754 850 στρατῷ
786 792 852 834 ἐπὶ
873 792 951 848 τήν
974 791 1196 847 Ἐρέτριαν
1216 796 1379 846 πρῶτα,
1403 792 1491 847 ἅμα

228 857 439 914 ἀγόμενος
467 858 540 901 καὶ
557 856 710 910 Ἴωνας
746 859 820 902 καὶ
851 860 1041 911 Αἰολέας.
1100 860 1225 904 Μετὰ
1255 861 1300 903 δὲ
1330 865 1488 904 τοῦτον

226 1066 269 1107 ἐν
293 1066 324 1123 ᾖ
344 1063 452 1121 χώρῃ
475 1067 516 1107 οἱ
538 1064 610 1107 δύο
629 1065 721 1106 θεοὶ
741 1064 827 1119 ἐγέ-

169 1126 314 1173 νοντο]
355 1125 506 1163 Eodem
533 1123 649 1161 modo
680 1124 827 1160 locutus

167 1180 349 1220 Aeschin.
381 1183 421 1218 in
449 1179 613 1218 Axioch.
656 1181 724 1230 [§.
748 1180 826 1229 12]

169 1252 208 1290 p.
231 1242 310 1280 160
347 1240 413 1290 [p.
434 1241 510 1279 371
527 1239 593 1286 A.]
630 1250 747 1290 quem
768 1237 827 1273 as-

169 1297 241 1333 fert
268 1295 452 1333 Valcken.
484 1297 601 1332 citans
635 1301 828 1346 praeterea

170 1351 269 1390 hanc
288 1353 327 1388 in
350 1366 430 1388 rem
450 1350 656 1403 Spanhem.
680 1353 720 1387 in
741 1351 830 1387 Cal-

168 1408 321 1448 limach.
354 1411 403 1446 H.
433 1410 472 1445 in
493 1409 577 1446 Del.
599 1408 694 1449 255.
725 1408 831 1444 Bris-

169 1479 252 1503 son.
271 1468 330 1502 De
351 1479 430 1516 reg.
452 1467 556 1503 Pers.
577 1465 704 1502 Princ.
725 1465 761 1500 II
790 1477 829 1515 p.

169 1525 264 1564 218.
321 1522 472 1560 Eodem
506 1523 697 1574 pertinent
725 1522 831 1558 testi-

169 1580 299 1616 monia
319 1580 442 1616 valer.
464 1580 621 1616 Maximi
653 1579 682 1627 1,
708 1581 724 1617 1
752 1585 829 1614 ext.

169 1638 208 1677 6.
242 1637 405 1674 Pausan.
434 1637 484 1684 X,
506 1639 559 1677 28
581 1637 617 1681 ξ.
639 1638 677 1676 3.
709 1635 829 1672 Cicer.

167 1694 207 1729 in
227 1694 333 1730 verr.
353 1695 401 1740 Π,
427 1698 462 1741 1,
486 1694 550 1733 18.
583 1694 645 1728 Ex
664 1690 738 1728 hoc
759 1704 830 1728 au-

168 1756 249 1787 tem
269 1749 454 1787 Herodoti
472 1750 580 1797 loco,
603 1750 828 1786 observante

170 1806 306 1844 Creuz.
327 1807 502 1858 Symbol.
534 1807 570 1842 11
589 1820 627 1856 p.
653 1803 745 1853 146,
766 1817 828 1842 sa-

169 1864 214 1900 tis
233 1864 393 1914 intelligi
413 1864 561 1914 poterit,
582 1863 646 1914 qui
659 1862 753 1898 olim
765 1863 828 1898 in-

169 1927 227 1956 ter
256 1921 514 1972 antiquissima
555 1920 736 1956 Graeciae
768 1925 827 1955 at-

171 1989 244 2029 que
264 1977 376 2014 Asiae
396 1978 583 2013 interioris
606 1983 641 2012 et
651 1977 825 2026 superio-

169 2036 216 2070 ris
234 2035 394 2070 numina
413 2033 526 2070 fuerit
546 2045 742 2070 connexus
757 2062 766 2080 ,
795 2033 827 2069 si

171 2089 326 2142 quidem
365 2091 549 2141 Apollinis
599 2103 642 2127 ac
681 2090 827 2126 Dianae

171 2146 288 2195 (Solis
308 2160 351 2184 ac
371 2146 525 2198 Lunae)
555 2147 639 2184 loca
674 2147 826 2192 natalia,

171 2217 267 2256 quae
282 2204 512 2252 ferebantur,
533 2203 606 2241 hoc
626 2202 743 2240 modo
757 2203 834 2240 coli

170 2261 373 2298 voluerunt
404 2262 542 2298 Persae
571 2267 608 2297 et
637 2262 707 2311 ipsi
736 2273 827 2297 coe-

172 2316 321 2354 lestium
330 2318 521 2354 luminum
540 2318 715 2355 cultores.
727 2319 826 2354 Hinc

172 2385 321 2409 summa
329 2374 414 2409 Deli
423 2376 610 2421 sanctitas,
632 2387 749 2427 quam
762 2387 827 2411 ce-

175 2429 294 2466 lebrat
314 2429 567 2468 Callimachus
591 2431 631 2467 in
651 2432 735 2468 Del.
758 2432 826 2472 23.

175 2485 356 2522 Observat
395 2485 443 2522 ad
480 2486 664 2524 Herodoti
697 2489 826 2525 locum

173 2540 421 2579 Broendsted.
461 2541 594 2591 (Reis.
625 2556 665 2580 u.
687 2545 828 2581 Unter-

174 2597 279 2635 such.
309 2599 327 2634 1
359 2611 445 2650 pag.
476 2602 530 2639 70
550 2598 636 2636 coll.
667 2612 753 2650 pag.
774 2602 828 2640 60

175 2661 255 2692 not.
288 2655 341 2705 6)
382 2668 403 2691 a
424 2654 489 2694 Cr.
520 2656 675 2703 citatus,
715 2656 828 2706 plane

176 2709 321 2747 diverso
341 2709 457 2748 modo
478 2724 522 2748 ac
541 2713 686 2758 Persas,
706 2709 830 2748 Athe-

176 2766 323 2802 nienses
355 2769 396 2803 in
414 2768 554 2804 Delum
582 2768 700 2818 egisse
719 2781 831 2805 sexa-

176 2823 280 2872 ginta
300 2835 366 2859 sex
387 2825 494 2861 annis
513 2831 654 2875 postea,
676 2824 829 2876 Olymp.

884 1068 949 1116 89,
967 1070 993 1108 2
1013 1082 1044 1106 s.
1063 1068 1145 1110 423
1166 1082 1201 1106 a.
1225 1067 1314 1109 Chr.
1334 1083 1375 1106 n.
1395 1090 1450 1096 —
1479 1069 1542 1107 Ad

884 1125 999 1161 verba
1029 1124 1094 1165 ἐπὶ
1122 1122 1168 1164 τα
1197 1123 1368 1179 ’ὑμέτερα
1410 1121 1545 1167 αὐτῶν

885 1181 955 1230 (ita
976 1180 1063 1220 dedi
1098 1195 1166 1234 pro
1198 1178 1378 1233 αὐτέων)
1398 1184 1543 1222 consul.

883 1237 1019 1278 Matth.
1042 1240 1107 1277 Gr.
1139 1240 1205 1277 Gr.
1227 1252 1314 1290 pag.
1335 1238 1429 1280 864.

941 1298 1067 1335 ταῦτα
1090 1293 1430 1347 ἐπεκηρυκεύσατο
1441 1300 1545 1337 τοῖσι

886 1353 1100 1403 Δηλίοισι]
1141 1354 1166 1390 i.
1199 1367 1233 1393 e.
1270 1354 1354 1390 haec
1378 1349 1546 1403 praecone

887 1410 988 1446 misso
1015 1410 1130 1447 educit
1159 1408 1286 1448 Deliis.
1343 1411 1401 1446 De
1419 1412 1544 1461 ,verbo

886 1463 1246 1519 ἐπικηρυκεύεσθαι
1267 1468 1376 1518 plura
1396 1466 1544 1506 Duker.

886 1529 923 1558 et
942 1524 1070 1564 Wass,
1107 1522 1154 1560 ad
1175 1521 1356 1575 Thucyd.
1377 1524 1458 1572 VH,
1479 1524 1546 1565 48.

884 1579 985 1628 VIII,
1017 1582 1083 1621 80.
1115 1580 1274 1617 Siebelis
1306 1580 1353 1617 ad
1382 1582 1546 1618 Pausan.

857 1624 862 1640 ⁹
883 1636 966 1685 VII,
990 1639 1009 1676 1
1034 1638 1071 1682 ᾗ.
1089 1638 1113 1676 3
1134 1649 1221 1687 pag.
1248 1637 1338 1685 105,
1361 1637 1426 1674 ubi
1446 1639 1544 1675 bene

885 1693 938 1730 sic
958 1691 1084 1730 reddit
1095 1695 1201 1731 verbi
1215 1694 1320 1731 vim.-
1343 1707 1408 1744 per
1428 1695 1543 1732 cadu-

884 1754 1052 1788 ceatorem
1067 1752 1208 1788 missum
1219 1753 1386 1800 imperare
1405 1751 1544 1801 aliquid

884 1807 947 1843 vel
967 1820 1072 1856 agere
1090 1807 1132 1845 de
1149 1821 1186 1844 re
1203 1808 1341 1857 aliqua,
1361 1807 1416 1846 vel
1430 1812 1544 1859 petere

884 1863 1035 1913 aliquid.
1276 1908 1282 1913 .

940 1914 1168 1971 κατανήσας
1198 1917 1264 1958 ἐπὶ
1295 1921 1368 1958 τοῦ
1402 1919 1544 1971 βωμοῦ

882 1976 1103 2027 ἐθυμίησε]
1137 1976 1263 2013 Citant
1282 1974 1378 2012 haec
1409 1978 1544 2014 TzetZ.

883 2032 982 2073 Chil.
1003 2035 1032 2081 Ι,
1055 2031 1138 2075 864
1159 2032 1208 2070 ad
1226 2031 1544 2084 Lycophr.1430

883 2091 970 2128 coll.
998 2088 1171 2129 Eustath.
1209 2088 1257 2126 ad
1283 2090 1441 2141 Dionys.
1468 2091 1546 2126 Pe-

883 2149 977 2198 rieg.
999 2147 1094 2188 526.
1123 2147 1455 2184 Commemoratur
1474 2160 1544 2183 au-

884 2211 976 2252 tem,
995 2211 1037 2240 ut
1050 2204 1223 2241 observat
1233 2202 1432 2251 Valcken.,
1445 2217 1544 2241 unus

885 2262 1112 2313 plerumque
1133 2261 1238 2298 Datis
1252 2290 1262 2308 ,
1282 2259 1544 2311 Artaphernis‚

884 2319 1034 2355 alterius
1056 2317 1174 2364 ducis⁷
1187 2319 1306 2354 rarior
1324 2317 1366 2354 fit
1386 2319 1542 2355 mentio.

883 2376 983 2412 Hinc
1015 2374 1117 2426 apud
1147 2373 1302 2411 Aristid.
1325 2374 1365 2410 in
1383 2374 1543 2412 Miltiad.

883 2432 934 2469 T.
954 2432 1008 2468 111
1028 2446 1067 2483 p.
1089 2433 1183 2472 269.
1221 2432 1327 2468 Datis
1346 2438 1505 2468 vocatur
1525 2429 1546 2471 ὅ

883 2491 955 2528 τοῦ
996 2485 1261 2541 στρατοπέδου
1299 2484 1436 2540 κύριος
1478 2487 1545 2526 καὶ

884 2541 1055 2596 ἡγεμών.
1117 2543 1179 2581 Ad
1218 2544 1412 2595 ἐθυμίησε
1442 2545 1542 2581 conf.

885 2600 1019 2639 Matth.
1041 2602 1106 2639 Gr.
1130 2603 1195 2638 Gr.
1217 2614 1304 2652 pag.
1327 2603 1422 2643 322.

1066 2704 1158 2754 cap.
1188 2702 1360 2740 xcvm.

946 2766 1062 2809 Μετὰ
1097 2768 1139 2810 δὲ
1175 2772 1318 2809 τοῦτον
1358 2768 1546 2808 ἐντεῦθεν

890 2825 1181 2876 ἐξαναχθέντα]
1213 2827 1238 2862 ἰ.
1261 2839 1295 2862 e.
1330 2825 1408 2866 Qui
1421 2825 1483 2860 ubi
1509 2826 1545 2860 in
