1897 3340
377 250 462 290 296
790 249 1250 287 HERODOTI

250 358 318 406 54
372 356 733 415 γεγενεηλόγηται.
798 355 876 408 Ὡς
914 357 961 401 δὲ
999 355 1023 400 ὁ
1056 358 1258 411 Περσέων
1297 357 1426 413 λόγος
1452 359 1630 413 λέγεται,

51 422 324 495 ffiffiffiffiffffiaffa‘
380 425 513 477 αὐτός
542 424 566 468 ὁ
596 424 810 477 Περσεὺς,
858 423 942 468 ἐών
976 423 1225 478 Ἀσσύριος,
1270 425 1436 479 ἐγένετο
1460 425 1630 481 “EM-²2²1,
1678 474 1683 478 ,

52 493 129 519 cent.
379 492 476 538 ἀλλ’
507 493 590 537 οὐκ
627 494 670 536 οἱ
706 491 895 545 Περσέος
934 491 1164 546 πρόγονοι·
1199 491 1304 543 τούς
1343 493 1388 536 δὲ
1415 492 1688 546 Ἀκρισίου3ο

378 577 427 618 γε
456 559 666 613 πατέρας,
711 558 1025 614 ὁμολογέοντας
1062 558 1156 602 κατ’
1189 559 1436 616 οἰκηϊότητα
1475 561 1635 613 Περσέῖ

379 626 525 680 οὐδὲν,
553 625 739 678 τούτους
767 625 814 670 δὲ
841 623 971 680 εἶναι,
1009 626 1198 682 κατάπερ
1216 627 1416 684 Ἕλληνες
1443 628 1632 683 λέγουσι,

0 2866 17 2934 ,υ

11 2971 18 2987 ψ

20 3272 22 3285 „⁴
0 3089 21 3234 „;·.„=

547 823 640 874 Cap.
664 824 762 861 LIV.

380 877 447 925 Ὡς
462 875 504 917 δὲ
523 876 545 917 ὁ
565 879 752 929 Περσέων
776 874 892 931 λόγος
917 876 980 918 λέ-

329 935 463 988 γεται]
503 935 651 972 Eadem
679 937 757 973 fere
775 935 822 972 de
841 937 979 972 Persa-

330 1004 416 1028 rum
438 992 581 1040 origine
601 993 682 1040 vll,
707 992 785 1033 150
806 993 892 1029 coll.
915 994 982 1031 61.

329 1047 552 1097 Apollodor.
586 1049 633 1094 II,
664 1047 702 1096 4,
727 1048 776 1096 5,
804 1049 871 1085 ubi
900 1047 979 1085 vid.

328 1104 470 1154 Heynii
509 1104 688 1141 Observv.
719 1117 807 1155 pag.
840 1107 917 1144 127
948 1110 986 1140 et

329 1157 511 1209 Xenoph.
534 1161 671 1211 Cyrop.
690 1162 720 1207 I,
742 1164 780 1208 2,
806 1163 840 1200 1.
882 1159 984 1196 Adel.

331 1216 507 1252 Creuzer.
537 1217 710 1267 Syinbol.
739 1217 757 1251 I
783 1229 871 1266 pag.
891 1218 986 1256 792.

330 1273 432 1308 Nam
450 1273 565 1322 vulgo
585 1275 636 1310 ita
656 1271 839 1323 ti‘aduiit‚=3
861 1285 882 1308 a
899 1273 988 1308 Iove

332 1340 376 1364 eo
397 1329 528 1365 Danae
548 1336 777 1379 prognatum
793 1342 870 1365 esse
892 1329 989 1364 Per-

332 1397 463 1432 seum,
496 1387 561 1436 qui
581 1399 630 1422 ex
650 1384 897 1422 Andromeda
917 1397 988 1435 ge—

330 1442 457 1477 nuerit
467 1440 686 1479 Achaemen
692 1455 764 1489 ein,
775 1442 989 1493 stirpisPer-

331 1510 460 1536 sarum
477 1500 604 1547 regiae
625 1505 834 1535 auctorem.
877 1496 989 1534 Unde

334 1554 388 1592 ita
408 1552 568 1590 discedit
586 1553 843 1605 Apollodorus
883 1553 989 1602 (coll.

334 1608 478 1647 Herod.
508 1611 589 1657 VII,
611 1611 695 1658 61),
735 1617 778 1646 ut
808 1611 990 1646 Perseum

334 1666 434 1701 Iovis
455 1678 498 1702 ac
526 1667 675 1703 Danaes
703 1665 843 1712 filiiun,
880 1672 991 1702 aute-

335 1733 455 1772 quam
494 1722 534 1758 iu
571 1723 770 1759 Graeciam
816 1724 990 1768 venisset,

336 1778 542 1828 suscepisse
560 1779 696 1816 scribat
707 1780 860 1826 Persen,
883 1790 990 1829 aquo

338 1833 442 1884 apud
474 1833 672 1884 Cepheum
710 1836 840 1871 relicto
874 1835 993 1884 origi-

337 1902 431 1926 nem
461 1889 602 1927 ducant
632 1892 834 1928 Persarum
871 1903 992 1940 reges.

339 1946 417 1984 Nos
447 1946 541 1983 illud
569 1954 767 1984 tenemus:
809 1947 850 1983 in
878 1948 992 1984 totius

338 2002 490 2038 fabulae
524 2004 839 2054 significationem
865 2004 994 2054 inqui-

339 2059 438 2095 renti
457 2072 550 2096 mox
569 2073 747 2110 apparere
760 2089 770 2107 ,
800 2060 993 2097 tesserario

340 2113 458 2151 modo
479 2114 541 2152 hic
561 2117 628 2152 sub
649 2116 863 2153 fabularum
881 2117 994 2152 invo-

340 2170 454 2207 lucris
474 2170 631 2209 indicari
640 2173 753 2222 ipsius
765 2179 884 2208 terrae
899 2184 994 2208 con-

341 2225 526 2264 ditionem
553 2229 715 2279 solisque
743 2229 824 2265 vim
861 2228 902 2263 in
930 2240 994 2263 so-

342 2282 425 2318 lum
443 2284 567 2319 sterile
587 2291 699 2335 atque
719 2291 832 2320 tenue
856 2282 903 2319 ad
914 2282 995 2319 fru-

341 2350 408 2389 ges
428 2339 682 2388 proferendas.
721 2339 853 2384 Qualia
875 2351 995 2388 quum

339 2394 500 2432 Persicis
519 2396 558 2431 iu
587 2396 828 2446 religionibus
856 2393 996 2432 Mithra

340 2449 577 2499 iudicentur,
615 2453 841 2501 intelligetur
869 2464 992 2502 spero,

344 2505 435 2558 quid
464 2507 535 2544 sibi
573 2508 663 2545 velit
702 2508 837 2544 Graeci
870 2506 993 2544 herois

343 2563 450 2613 origo
487 2563 636 2600 Persica
669 2577 822 2613 regesve
858 2565 995 2600 Persa-

344 2631 433 2655 rum
460 2631 482 2655 a
515 2620 658 2657 Graeco
691 2618 805 2656 heroe
833 2619 995 2657 oriundi.

346 2673 426 2712 Sed
445 2672 492 2711 de
511 2673 583 2712 hoc
612 2689 800 2727 exponere
825 2677 996 2726 longum,

345 2743 418 2768 nec
438 2728 548 2768 huius
567 2732 651 2770 loci.
708 2731 792 2771 vid.
823 2734 997 2769 (Ji-enzer.

347 2786 375 2823 1.
405 2788 432 2824 1.
460 2788 477 2823 Ι
504 2801 543 2838 p.
573 2790 651 2829 791
681 2802 760 2841 seq.
788 2789 838 2825 IV
859 2803 896 2839 p.
918 2789 997 2829 246

348 2855 430 2896 seq.
451 2845 538 2882 coll.
552 2844 603 2882 Ν
621 2857 660 2896 p.
681 2844 774 2894 434,
795 2846 861 2898 qui
882 2859 902 2881 e
923 2844 998 2882 du-

1033 823 1123 875 plici
1142 823 1204 859 illa
1224 823 1326 859 sama
1343 852 1353 870 ,
1388 835 1486 874 quae
1506 824 1690 860 Perseum

1034 878 1151 916 modo
1202 880 1400 929 Assyrium
1456 881 1701 930 Persemque,

1036 936 1167 985 fingit,
1201 935 1317 971 modo
1338 936 1584 986 Aegyptium,
1619 934 1695 972 hoc

1038 1000 1138 1029 certe
1162 992 1287 1041 colligi
1311 1004 1418 1041 posse
1439 993 1610 1029 observat
1647 1003 1697 1029 ex

1038 1055 1198 1099 utraque
1222 1048 1397 1097 regione,
1431 1061 1480 1084 ex
1517 1049 1695 1098 Aegypto

1041 1117 1160 1155 aeque
1190 1117 1232 1140 ac
1255 1106 1454 1154 superioris
1481 1105 1594 1140 Asiae
1619 1111 1700 1141 tra-

1042 1167 1104 1197 ctu
1125 1162 1355 1196 Graecarum
1383 1162 1610 1211 religionum
1633 1173 1696 1196 se-

1041 1217 1147 1253 mina
1191 1223 1303 1267 atque
1349 1219 1453 1253 initia
1491 1215 1697 1267 repetenda

1045 1286 1136 1310 esse.
1204 1273 1332 1324 Atque
1365 1275 1479 1309 etiam
1520 1275 1696 1323 Koppen.

1047 1327 1262 1378 (Nordgest.
1285 1328 1323 1365 d.
1344 1330 1456 1366 Ponl.
1476 1343 1514 1379 p.
1545 1328 1622 1378 42)
1643 1331 1698 1366 ita

1042 1384 1204 1433 iudicat,
1235 1383 1306 1422 hac
1327 1398 1375 1421 ex
1402 1386 1528 1422 fabula
1553 1392 1697 1435 patere,

1046 1454 1121 1494 quo
1142 1448 1252 1492 pacto
1277 1443 1429 1478 orientis
1444 1441 1614 1478 doctrina
1634 1454 1698 1478 sa-

1047 1511 1108 1535 cra
1122 1498 1169 1534 ad
1181 1499 1343 1534 Graecos
1352 1499 1577 1548 pervenerit.
1589 1499 1702 1534 Tan-

1047 1556 1102 1604 git
1124 1556 1193 1590 ista
1213 1567 1366 1605 quoque
1388 1567 1409 1590 a
1433 1554 1502 1592 Cr.
1527 1553 1701 1591 laudatus

1046 1608 1253 1660 lnghirami
1264 1612 1504 1646 Monumenti
1523 1609 1702 1646 Etruschi

1047 1665 1096 1703 ad
1116 1667 1191 1702 tab.
1211 1665 1264 1707 54
1285 1665 1384 1703 delle
1403 1679 1497 1703 urue
1514 1665 1701 1704 Etrusche

1046 1735 1133 1774 pag.
1149 1721 1246 1763 456.

1102 1775 1196 1824 τούς
1208 1773 1463 1828 δὲἈκρισίου
1474 1793 1516 1829 γε
1528 1776 1703 1827 πατέρας

1048 1849 1085 1872 κ.
1112 1848 1146 1872 τ.
1170 1834 1222 1882 λ.]
1254 1834 1430 1871 Pendeut
1448 1833 1490 1870 hi
1516 1835 1703 1871 accusati-

1048 1891 1100 1938 vi,
1120 1897 1300 1941 sequente
1320 1890 1518 1938 infinitivo,
1539 1903 1561 1926 a
1579 1891 1703 1927 verbis

1050 1946 1104 1992 ὥς
1125 1945 1147 1986 ὁ
1167 1942 1283 1997 λόγος
1303 1945 1453 1998 λέγεται
1491 1945 1705 1984 secundum.

1049 2015 1133 2039 eam
1153 2004 1359 2049 rationem,
1391 2015 1507 2054 quam
1533 2003 1703 2040 obtinere

1046 2058 1210 2096 vidimus
1221 2059 1281 2106 IV,
1294 2060 1333 2100 5.
1350 2060 1415 2099 95.
1427 2060 1470 2103 V,
1485 2062 1548 2100 10.
1570 2060 1702 2096 Omnis

1048 2122 1177 2152 autem
1196 2115 1379 2151 Herodoti
1406 2116 1467 2152 vel
1490 2117 1614 2166 potius
1634 2128 1703 2152 eo·-

1048 2184 1155 2218 rum,
1196 2184 1289 2222 quos
1318 2179 1467 2208 secutus
1496 2178 1571 2218 est,
1611 2184 1702 2208 sen·-

1047 2228 1165 2264 tentia
1203 2240 1247 2263 eo
1278 2227 1393 2273 redit,
1443 2234 1485 2264 ut
1519 2229 1702 2263 Perseum

1050 2284 1309 2319 existimemus
1329 2297 1350 2319 e
1374 2285 1575 2320 Persarum
1599 2284 1703 2320 fama

1049 2340 1246 2390 Assyrium
1256 2340 1378 2385 fuisse,
1390 2347 1472 2376 tum
1482 2352 1570 2376 vero
1582 2341 1703 2376 Grae-

1052 2408 1141 2432 cum
1170 2408 1248 2432 esse
1268 2396 1435 2442 sactum3
1465 2409 1589 2447 neque
1613 2408 1704 2433 vero

1046 2452 1175 2488 Persei
1204 2453 1363 2490 maiores
1388 2453 1499 2489 fuisse
1520 2453 1703 2503 Assyrios,

1047 2521 1173 2560 neque
1195 2508 1340 2555 Acrisii,
1363 2510 1428 2561 qui
1456 2510 1604 2546 Danaes
1632 2522 1704 2558 pa-

1049 2570 1107 2600 ter
1136 2565 1251 2614 vulgo
1275 2566 1415 2612 sei-tur,
1464 2571 1586 2616 patres
1623 2565 1702 2601 ullo

1051 2620 1335 2658 necessitudinis
1357 2622 1510 2659 viuculo
1522 2621 1704 2670 coniungi

1053 2690 1142 2714 cum
1178 2679 1338 2725 Perseo,
1381 2676 1469 2723 sed,
1516 2676 1703 2728 quemad-

1051 2733 1212 2770 modum
1232 2734 1365 2770 Graeci
1380 2732 1552 2780 tradunt,
1571 2734 1704 2783 Aegy-

1053 2791 1150 2840 ptios
1166 2803 1258 2826 esse.
1314 2791 1413 2827 Hinc
1433 2790 1568 2826 verba:
1605 2787 1705 2838 ὁμο-

1055 2845 1262 2898 λογέοντας
1272 2842 1355 2886 κατ’
1368 2841 1703 2898 οἰκηϊότηταΠερ-

1882 3138 1897 3340 ΕῑῖᾸΑᾈζ-ᾈὴᾈ
1882 3081 1884 3123 ⁷⁴
1881 3043 1882 3047 Α
