1897 3340
505 206 1142 263 POL YMN1A V11.

1374 223 1459 263 553

187 335 391 393 μικρούς·
426 333 524 378 αντὶ
553 333 599 377 δὲ
621 329 805 386 σιδήρου
826 328 935 384 ἐπῆν
965 329 1118 378 λίθος,
1150 325 1253 379 ὀξὺς
1281 342 1457 384 πεποιη-

157 412 180 444 2
191 421 344 460 μενος,
386 407 446 462 τῷ
478 402 551 446 καὶ
578 399 654 450 τὰς
682 398 923 453 σφρηγῖδας
960 395 1198 478 γλύφουσι.

1257 397 1367 450 πρὸς
1398 396 1457 447 δὲ,

188 473 340 527 αἰχμὰς
354 470 481 528 εἶχον·
510 469 577 512 ἐπὶ
591 468 649 518 δὲ,
665 466 794 520 κέρας
818 464 1067 519 δορκάδος’
1052 468 1159 519 επῆν
1181 461 1260 515 ὀξυ
1277 478 1455 520 πεποιη-

190 541 341 595 μένον,
371 538 535 592 τρόπον
554 534 731 592 λο’·γχης
762 532 879 590 εἶχον
899 534 945 576 δὲ
975 534 1048 576 καὶ
1072 532 1243 588 ῥόπαλα
1274 530 1457 575 τυλωτά.
1469 537 1515 572 75

189 610 271 650 τοῦ
293 607 338 650 δὲ
367 604 563 660 σώματος
591 603 640 646 τὸ
671 602 749 658 μὲν
769 600 906 658 ἥμισυ
924 601 1201 658 ἐξηλείφοντο
1223 599 1352 660 γύψῳ
1372 597 1460 644 ἰόν-

161 681 262 727 Βτες
289 673 515 736 ἐςγμάχην,
545 669 594 716 τὸ
627 668 663 716 δ’
697 669 848 726 ἕτερον
875 667 1012 728 ἥμισυ
1041 670 1188 730 μίλτῳ.

135 846 166 883 si
196 857 285 882 vera
314 852 368 882 est
396 846 529 897 regula
560 858 582 882 a
612 842 796 883 Matthiae

134 900 183 938 ad
194 903 223 949 Ι,
238 901 262 943 5
282 905 484 953 proposita,
506 902 737 940 mutandum
756 903 797 938 in

133 954 299 1009 μικρούς
311 960 359 996 ob
381 959 608 997 antecedens
623 954 796 1006 ὀϊστούς.

132 1016 266 1067 Itaque
282 1017 418 1068 reliqui
440 1016 618 1069 equidem
635 1030 723 1053 cum
736 1029 798 1052 re—

132 1079 249 1109 centt.
272 1072 357 1110 edd.
388 1070 577 1125 μικροῦς,
613 1074 798 1124 probante

133 1130 327 1166 Gronovio
349 1137 385 1167 et
414 1132 691 1181 VVesselingio‚
732 1130 799 1181 qui

133 1185 181 1224 de
201 1184 273 1222 hac
295 1200 334 1223 re
354 1189 492 1225 excitat
503 1187 679 1225 Bochart.
693 1185 798 1222 Pha-

131 1244 207 1293 leg·
228 1244 292 1289 IV,
309 1247 362 1285 26
385 1258 423 1295 p.
444 1247 527 1285 266
549 1252 586 1282 et
615 1244 799 1281 Palmerii

133 1301 314 1338 Exercitt.
334 1315 371 1352 p.
396 1304 463 1341 33.

190 1367 293 1418 ἐπῆν
327 1368 445 1415 λίθος
469 1364 564 1418 ὀξύς
580 1365 798 1418 πεποιημέ-

134 1439 226 1472 νος,
269 1427 328 1476 τῷ
367 1425 434 1464 καὶ
469 1423 537 1473 τοὶς
578 1426 800 1477 σφρηγῖδας

134 1477 352 1535 γλύφουσι]
386 1482 531 1533 „Lapis
552 1486 691 1529 acutus,
723 1494 799 1532 quo

135 1539 259 1589 sigilla
271 1540 552 1590 sculpebantur,
574 1540 708 1585 smiris,
720 1540 801 1574 He-

137 1597 342 1634 braeorum
367 1599 482 1635 Ἶᾮοιζί
505 1599 657 1645 (Ierem.
679 1596 800 1644 XVII,

142 1657 178 1693 1.
209 1651 350 1691 Ezech.
380 1654 445 1700 ΙΙΙ,
467 1657 506 1694 9.
535 1652 698 1690 Zachar.
719 1654 801 1701 Vll,

144 1710 213 1758 12]
246 1709 368 1747 Samir
388 1717 463 1757 est3
495 1709 542 1748 de
574 1723 651 1762 quo
673 1709 802 1747 erudi-

138 1767 281 1803 tissime
328 1765 539 1804 Bochartus
588 1768 801 1803 Hierozoic.

139 1824 240 1860 Part.
261 1824 309 1859 11.
330 1823 381 1859 VI
401 1837 439 1873 p.
462 1822 584 1864 842.“
617 1823 803 1860 Wessel.

139 1878 294 1930 Lapidis
325 1892 468 1915 nomen
500 1886 536 1916 et
564 1879 805 1916 Herodotum

139 1943 178 1972 et
203 1934 531 1986 Agatharchidem
563 1934 682 1986 (conf.
715 1937 805 1974 Ste-

139 1991 258 2045 phan.
279 1994 375 2044 Byz.
396 2006 425 2030 s.
445 2006 483 2029 v.
502 1988 695 2044 Ἀρμενία
715 2005 804 2044 pag·

144 2050 250 2098 169)
291 2051 347 2085 rei
380 2050 496 2100 ipsius
527 2051 634 2094 Abene
668 2062 805 2100 gnaros

139 2106 291 2143 latuisse
310 2105 480 2155 videtur3
513 2105 651 2144 Smirin
679 2107 805 2157 plures

140 2169 302 2211 vocant,
324 2176 490 2215 quorum
509 2164 726 2200 testimonia
747 2170 807 2200 at—

142 2220 229 2256 tulit
247 2219 427 2257 Bochart.
447 2221 521 2269 1.1.‚
548 2219 717 2271 lapidem
728 2227 806 2256 tam

143 2274 297 2323 durum,
307 2283 350 2312 ut
361 2276 409 2313 ad
425 2290 597 2327 gemmas
607 2278 807 2327 expolien-

147 2330 213 2367 das
235 2338 271 2367 et
292 2332 516 2383 sculpendas
537 2347 583 2371 eo
613 2332 807 2386 hodieque

147 2393 306 2429 utantur
327 2391 540 2438 gemmarii.
596 2389 808 2428 Larcherus

148 2442 316 2493 lapidem
328 2457 406 2481 esse
425 2446 518 2493 vult,
531 2447 593 2482 cui
609 2460 714 2484 nunc
733 2460 809 2484 no-

148 2511 241 2536 men
261 2500 376 2549 e'meri,
408 2501 530 2538 varios
561 2501 609 2538 ad
635 2516 724 2540 usus
738 2502 811 2540 ad-

150 2553 337 2605 bibitum,
386 2556 724 2609 Dioscoridemque
752 2560 811 2596 ci·-

151 2616 207 2649 'tat
228 2614 273 2660 V,
297 2615 399 2661 166,
431 2614 498 2650 ubi
526 2612 621 2650 haec
648 2621 810 2651 exstant:

154 2669 297 2720 Σμίρις
321 2669 438 2716 λίθος
457 2668 562 2708 ἐστὶν
582 2664 608 2723 ᾗ
632 2667 702 2717 τὰς
725 2667 813 2720 ψή-

153 2740 258 2774 φους
287 2725 328 2764 οἱ
344 2723 680 2776 δακτυλιογλύφοι
709 2723 813 2777 σμή-

155 2793 281 2831 χουσι.
294 2783 516 2835 σφρηγῖδας
527 2781 741 2819 Herodotus
752 2782 813 2820 di·-

155 2838 211 2874 xit
239 2851 433 2889 gmmnas,
463 2839 600 2890 lapides
633 2841 813 2890 pretiosos,

1243 666 1460 724 Ἀραβίων

853 843 992 896 quibus
1032 843 1297 895 insculpebant
1316 843 1516 894 imagines.

851 904 987 939 Narrat
1016 914 1108 938 vero
1143 899 1343 941 Welcker‚
1367 901 1517 952 Syllog.

851 960 983 1010 Epigr.
1008 959 1072 995 Gr.
1095 971 1181 1009 pag.
1198 956 1275 998 146
1295 959 1521 1007 sagittarum

855 1015 1027 1066 cuspides
1048 1016 1215 1066 lapideos
1227 1016 1267 1050 in
1283 1028 1419 1065 campo
1433 1016 1520 1051 Ma-

854 1072 1029 1109 rathonio
1071 1073 1266 1122 collegisse
1307 1071 1519 1120 Clarkium,

853 1129 1108 1178 Dodwellum7
1149 1129 1330 1169 Gellium,
1373 1150 1429 1157 —
1460 1130 1521 1165 De

855 1187 1006 1225 dorcade
1042 1186 1144 1224 conf,
1171 1186 1235 1234 IV,
1271 1187 1351 1226 192
1389 1186 1521 1237 ibique

854 1250 952 1282 nott.

915 1296 1071 1351 ῥόπαλα
1090 1295 1261 1347 τυλωτά]
1282 1298 1404 1349 Attigi
1424 1296 1522 1336 liaeo

856 1355 905 1394 ad
926 1357 1007 1404 VII,
1027 1358 1091 1396 63.
1151 1356 1252 1393 Sunt
1273 1356 1376 1392 enim
1397 1356 1522 1393 clavae

855 1414 1022 1460 nodosae,
1043 1412 1142 1450 nodis
1161 1413 1364 1450 distinctae.
1437 1415 1522 1450 Hoo

856 1484 1012 1523 quoque
1041 1470 1125 1506 loco
1148 1470 1246 1506 bene
1281 1470 1399 1506 utitur
1417 1471 1523 1506 Hee-

856 1527 1007 1565 ren.Id.
1020 1528 1055 1563 II
1064 1541 1103 1577 p.
1114 1529 1208 1574 290,
1227 1539 1302 1578 quo
1318 1539 1522 1563 common-

857 1592 970 1632 stret,
1000 1586 1041 1621 in
1070 1584 1329 1620 monumentis
1348 1583 1524 1620 Thebai-

857 1643 909 1679 cis
931 1642 996 1694 qui
1015 1640 1124 1678 clavis
1146 1642 1279 1677 armati
1299 1653 1524 1690 repraesen-

856 1706 985 1736 tantur
1014 1698 1294 1748 Aegyptiorum
1316 1698 1429 1745 socii,
1460 1711 1525 1734 eos

856 1756 971 1793 fuisse
998 1753 1221 1805 AethIOpeS.
1252 1775 1308 1781 --
1345 1756 1389 1790 In
1416 1767 1524 1806 seqq.

858 1813 1063 1849 meliorum
1083 1810 1195 1848 codd.
1217 1812 1438 1848 auctoritate
1454 1824 1526 1847 ex-

860 1868 969 1906 hibui
1002 1864 1126 1933 γύψω
1164 1863 1291 1913 ἰόντες
1315 1866 1354 1913 ἐς
1378 1863 1524 1918 μάχην,

860 1927 927 1963 ubi
947 1926 1063 1975 vulgo
1086 1920 1215 1969 ἰόντες
1239 1922 1278 1970 ἐς
1300 1920 1430 1974 μάχην
1451 1919 1526 1976 yv'-

861 1992 945 2035 ψῳ,
1003 1980 1066 2019 Ad
1096 1992 1234 2018 vocem
1270 1980 1392 2036 μίλτω
1421 1980 1524 2018 conf.

860 2040 924 2088 IV,
948 2040 1042 2079 191.

912 2102 1115 2159 Ἀοαβίων
1153 2101 1196 2145 δὲ
1221 2120 1288 2144 και
1310 2100 1524 2145 Αἰθιόπων

860 2178 942 2203 των
984 2159 1085 2215 ’ὑπὲρ
1114 2159 1322 2213 Αἰγύπτου
1361 2160 1526 2212 οἰκημέ-

862 2235 946 2261 νων
969 2235 1006 2260 u.
1029 2234 1062 2259 τ.
1085 2221 1138 2268 λ.]
1160 2220 1316 2285 Spectat
1330 2217 1407 2256 huc
1418 2221 1525 2255 Hee—

862 2278 957 2316 renii
977 2277 1173 2314 annotatio
1192 2277 1234 2312 in
1253 2275 1371 2313 Ideen
1392 2277 1523 2325 eto.11‚

865 2337 885 2375 1
918 2347 1007 2385 pag.
1023 2336 1117 2382 318,
1149 2334 1349 2371 orientales
1372 2333 1526 2370 Africae

861 2397 1004 2429 tractus
1021 2403 1134 2441 supra
1153 2391 1377 2442 Aegyptum
1397 2403 1420 2427 a
1439 2390 1526 2429 Nilo

863 2447 954 2485 inde
975 2446 1241 2485 adArabicum
1261 2460 1394 2499 usque,
1411 2458 1528 2499 quem

864 2518 968 2542 nunc
999 2511 1151 2553 vocant,
1190 2505 1318 2541 sinum
1339 2510 1528 2550 extensos,

867 2562 1004 2613 quibus
1023 2574 1127 2598 nunc
1145 2574 1291 2598 nomen
1320 2559 1444 2599 Nubia
1470 2567 1529 2597 at·-

868 2630 943 2669 que
974 2617 1156 2666 Sennaar,
1184 2618 1263 2654 iam
1282 2616 1530 2654 Pharaonum

867 2680 982 2725 atque
997 2675 1211 2721 Persarum,
1233 2675 1299 2726 qui
1318 2674 1400 2709 illos
1410 2673 1528 2709 secuti

867 2737 974 2778 sunt,
1005 2736 1126 2767 aetate
1147 2743 1168 2767 a
1196 2729 1342 2767 duabus
1362 2728 1531 2765 nationi—

867 2785 937 2824 bus
957 2785 1142 2824 habitatas
1152 2787 1278 2833 fuisse,
1299 2797 1463 2837 quarum
1472 2784 1530 2819 al—

866 2849 948 2881 tera
982 2857 1104 2897 eaque
1122 2842 1304 2894 indigena
1334 2840 1531 2879 communi
