1897 3340
423 203 1184 243 TERPSICHORFLV.
1354 208 1435 246 115

52 318 115 362 67
175 332 281 357 fova
311 317 383 358 καὶ
402 314 640 369 σύμμαχον,
656 313 798 364 ξεῖνον
816 311 957 360 ἐόντα,
989 312 1241 365 προσέθετο.
1287 317 1435 357 Ταῦτα
1494 328 1588 366 mum
1601 336 1707 359 mater.

1494 369 1561 386 nuni
1579 364 1706 399 imitans,

177 383 246 435 δὲ,
283 382 448 425 δοκέειν
477 381 592 436 ἐμοὶ,
626 380 815 435 ἐμιμέετο
848 379 870 423 ὁ
906 381 1166 435 Κλεισθένης
1198 376 1329 431 οὗτος
1359 379 1435 424 τὸν
1494 394 1681 431 Clisthenem
1697 401 1744 427 si-

1492 435 1664 461 cyoniorum
1685 437 1729 467 ty-

175 451 342 493 ἑωυτοῦ
386 447 715 504 μητροπάτορα,
764 447 1023 491 Κλεισθένεα
1070 447 1148 490 τόν
1198 452 1434 500 Σικυῶνος
1492 467 1695 500 rnnnuu·‚[s‚

1500 495 1570 529 ¹3¹1]
1591 499 1718 530 quicum

145 516 408 572 Ξτύραννον.
479 516 745 571 Κλεισθένης
793 516 873 571 γὰρ
909 513 1136 570 Ἀργείοισι
1175 516 1436 572 πολεμήσας,
1496 528 1763 566 amasim-oneum

116 666 386 706 Wachsmuth.
453 666 602 703 Hellen.
643 667 774 703 Alter-

113 723 281 763 thumsk.
312 725 359 772 II,
387 727 511 774 1pag.
544 722 594 763 14
625 731 704 760 not.
735 727 773 764 3.

115 782 157 818 C.
178 783 219 818 F.
242 783 450 820 Hermann.
474 782 497 816 l.
520 781 543 816 l.
563 803 610 808 —
646 782 774 816 Dere-

113 839 224 890 liquis
252 837 328 878 vid.
358 839 518 873 Excurs.
540 836 586 873 ad
610 836 648 874 h.
670 839 694 874 l.
715 859 772 864 —

113 896 272 931 Aiacem
294 894 341 931 ad
352 895 588 931 Salaminem
608 895 771 931 insulam

113 954 263 1003 proprie
285 952 517 1002 pertinuisse,
540 953 772 987 monerevix

112 1021 219 1060 opus.
277 1010 460 1044 Extrema
495 1008 634 1044 verba:
683 1010 773 1046 τοῦ-

110 1080 180 1104 τον
201 1062 255 1112 δὲ,
286 1061 352 1103 ἅτε
374 1060 628 1116 ἀστυγείτονα
638 1079 673 1102 κ.
687 1080 717 1102 τ.
732 1067 767 1103 λ.

112 1129 211 1158 recte
222 1123 273 1158 sic
288 1122 476 1172 accipiiuit
489 1133 498 1157 :
535 1121 669 1169 „Hunc
679 1134 769 1169 vero,

111 1180 177 1215 etsi
196 1176 388 1229 (quamvis)
406 1180 641 1228 peregrinum,
656 1182 771 1216 tamen

110 1239 151 1272 ut
169 1237 321 1272 vicinum
342 1238 374 1272 et
390 1236 540 1282 socium,
560 1235 733 1274 afflecz'tf‘

299 1292 391 1342 Cap.
412 1292 567 1327 LXVH.

165 1349 287 1386 ταῦτα
301 1345 343 1386 δὲ
355 1346 590 1398 -ἒμιμὲετο
615 1345 638 1387 ὁ
652 1350 769 1386 Κλει-

112 1402 259 1453 σθένης
278 1419 312 1442 κ.
333 1418 366 1442 τ.
386 1404 438 1452 L]
472 1403 646 1454 ἐμιμέετο
680 1417 767 1440 ma—

111 1462 179 1496 lim
206 1459 364 1497 reddere
395 1462 533 1497 imitari
562 1461 700 1497 studuit
736 1474 766 1497 s.

111 1521 256 1554 conatus
283 1520 351 1561 est;
393 1516 440 1553 de
462 1530 536 1568 qua
556 1517 768 1568 imperfecti

109 1572 382 1623 significatione
403 1572 482 1609 dixi
502 1572 549 1609 ad
569 1574 598 1620 I,
623 1576 689 1615 68.
710 1575 769 1610 De

110 1629 252 1681 duplici
272 1631 506 1678 accusativo,
529 1632 593 1682 qui
616 1630 768 1667 additur

108 1687 224 1724 verbo
235 1691 455 1738 μιμεῖσθαι,
477 1688 619 1725 consul.
633 1686 768 1725 Matth.

110 1745 176 1781 Gr.
197 1744 263 1781 Gr.
284 1756 371 1795 pag.
387 1742 483 1784 774.

172 1799 419 1840 Κλεισθένεα
449 1797 521 1839 τᾶν
558 1803 767 1848 Σικυῶνος

108 1854 328 1905 τύραννον]
353 1857 592 1909 „Aequalem
615 1856 675 1894 hic
697 1856 768 1894 ha-

109 1914 191 1951 buit
222 1914 407 1950 Solonem
447 1916 524 1950 eius
556 1914 645 1950 belli
675 1914 766 1962 dux,

109 1983 185 2022 quo
209 1969 509 2022 Amphictyones
536 1971 663 2019 [anno
686 1974 766 2012 600

108 2040 143 2064 a.
165 2025 316 2074 Chr.n.,
337 2035 379 2064 ut
407 2030 515 2078 ponit
534 2026 764 2076 Larcherus]

107 2085 177 2120 ulti
198 2084 395 2121 Cirrhaeos
415 2092 525 2132 suut,
555 2086 595 2121 iu
616 2085 767 2136 Apolli-

107 2153 199 2176 nem
220 2140 404 2192 Pythium
425 2143 591 2192 ingratos
614 2149 649 2178 et
671 2155 765 2179 con—

108 2198 326 2235 tumeliosos
365 2198 466 2249 apud
509 2200 672 2236 Pausan.
714 2200 764 2246 X,

107 2256 160 2294 37
185 2255 248 2302 [§.
272 2253 315 2302 4]
348 2262 383 2291 et
402 2257 449 2302 ΙΙ,
471 2257 494 2295 8
529 2256 585 2303 [ξ.
615 2257 669 2304 l],
700 2256 765 2292 ubi

105 2317 213 2360 pater
228 2311 326 2348 illius
355 2312 640 2363 Aristonymus,
675 2325 767 2349 avus

108 2366 275 2417 Pyrrho,
309 2369 435 2404 cuncti
455 2369 610 2405 fortasse
629 2383 677 2406 ex
693 2371 766 2406 Or-

108 2422 288 2474 thagorae
308 2425 470 2472 familia,
493 2438 590 2477 quae
611 2434 767 2463 centiun

109 2483 214 2517 annis
233 2482 441 2532 Sicyonem
454 2482 654 2533 tyrannide
666 2497 766 2534 pres-

107 2538 173 2584 sit,
194 2538 393 2575 Aristotele
421 2539 535 2575 Polit.
556 2540 600 2586 V,
626 2543 677 2580 12
701 2541 763 2589 [V,

108 2593 151 2640 9]
191 2596 325 2631 teste.“
369 2595 644 2645 Wesscling.
703 2598 763 2633 Ab

109 2647 181 2685 hoc
200 2650 313 2702 igitur
330 2651 505 2689 Clisthene
527 2652 703 2703 Sicyonio,
718 2653 764 2690 de

111 2717 186 2756 quo
200 2708 312 2743 etiam
323 2709 431 2758 plura
449 2711 584 2746 Noster
594 2711 655 2756 VI,
672 2713 763 2758 126,

109 2761 300 2799 Clisthenes
310 2765 530 2803 Atheniensis
538 2779 680 2803 nomen
700 2780 764 2803 ac-

109 2819 206 2869 cepit
229 2832 297 2869 pro
317 2820 381 2856 illo
403 2822 636 2859 Graecorum
658 2836 765 2860 more

1495 570 1633 595 vmvrat,
1655 568 1765 601 [obiter

1489 596 1536 624 hic
1554 598 1590 626 dc
1611 599 1731 636 rhapso-

830 666 914 703 filiis
935 679 1094 703 avorum
1113 668 1271 704 nomina
1285 669 1492 720 imponen-

830 723 881 760 di.
921 724 1096 760 Refertur
1117 723 1325 762 Clisthenes
1352 726 1491 778 Sicyo-

830 783 916 817 nius
938 793 958 816 a
971 779 1142 817 Schultz.
1157 782 1299 832 Appar.
1313 784 1430 819 critic.
1452 797 1490 834 p.

831 839 855 877 6
875 850 980 888 seqq.
1004 836 1052 873 ad
1074 850 1219 873 annum
1240 839 1320 879 576
1343 852 1376 875 a.
1400 839 1490 877 Chr.

826 907 880 941 11.,
911 895 975 930 ubi
1008 893 1198 946 quadrigis
1234 896 1322 931 vicit
1354 897 1490 948 Olym—-

828 952 925 1001 piae.
987 951 1102 987 Cuius
1123 951 1198 987 filia
1219 952 1394 1001 Agarista
1414 967 1490 989 nu·

829 1009 901 1058 psit
930 1008 1114 1057 Megacli,
1158 1008 1224 1059 qui
1262 1009 1341 1059 ipse
1372 1010 1491 1046 filiam

828 1063 918 1101 hinc
929 1071 1141 1115 susceptam
1151 1065 1354 1112 Pisistrato,
1366 1065 1489 1103 Athe-

828 1122 1018 1157 niensium
1038 1129 1214 1172 tyranno,
1237 1120 1392 1159 dederat
1412 1137 1489 1160 nu-

826 1185 956 1228 ptum,
992 1185 1086 1215 teste
1123 1177 1319 1216 Herodoto
1359 1181 1397 1228 1,
1419 1183 1487 1229 60,

828 1234 931 1286 quod
961 1236 1087 1285 ipsum
1116 1234 1216 1272 cadit
1245 1236 1306 1272 vel
1335 1236 1374 1272 in
1395 1249 1487 1274 ann.

827 1290 907 1331 558
921 1320 930 1338 ,
959 1298 1002 1327 ut
1023 1290 1193 1328 Schultz.
1214 1293 1341 1342 ponit,
1372 1294 1432 1330 vel
1447 1294 1486 1329 iu

825 1360 970 1383 annum
992 1347 1072 1388 553
1094 1360 1127 1384 a.
1149 1346 1237 1384 Chr.
1250 1361 1302 1395 n.,
1325 1357 1488 1400 quaeest

825 1404 1010 1440 Voemelii
1029 1406 1213 1441 sententia
1235 1406 1487 1456 inscriptione

825 1459 873 1496 de
895 1461 1030 1497 Solon.
1063 1473 1152 1511 pag.
1170 1464 1246 1508 223
1277 1464 1405 1512 prouti
1425 1464 1488 1499 ni-

824 1517 967 1552 mirum
996 1517 1057 1553 vel
1089 1515 1160 1553 hoc
1191 1518 1251 1553 vel
1284 1519 1347 1555 illo
1385 1532 1487 1556 anno

825 1574 1063 1610 Pisistratum
1081 1573 1242 1611 Athenis
1267 1575 1385 1611 altera
1405 1577 1488 1612 vice

825 1631 990 1681 potitum
1011 1643 1089 1666 esse
1110 1631 1309 1668 sumseris:
1342 1630 1390 1667 de
1410 1646 1488 1684 quo

826 1687 926 1727 conf.
961 1694 1055 1724 nott.
1078 1687 1125 1724 ad
1144 1689 1174 1735 Ι,
1197 1687 1263 1729 59.
1322 1689 1380 1724 De
1408 1690 1488 1726 Cli-

826 1742 968 1780 sthenis
1000 1745 1172 1795 Sicyonii
1191 1745 1301 1781 rebus
1323 1744 1488 1796 disputat

825 1801 866 1837 C.
894 1801 938 1838 Ο.
959 1801 1108 1838 Miiller.
1129 1802 1221 1837 Dor.
1251 1803 1268 1836 1
1294 1814 1381 1852 pag.
1409 1805 1488 1843 162

823 1871 929 1909 seqq.
987 1859 1085 1893 Nam
1105 1859 1243 1894 Dorica
1274 1859 1387 1909 stirpe
1406 1860 1487 1909 ipse

823 1927 900 1950 non
919 1913 1119 1962 oriundus,
1159 1913 1326 1966 indeque
1349 1915 1487 1967 Sicyo-

823 1972 881 2007 nis
912 1972 1065 2018 incolis,
1118 1972 1184 2023 qui
1212 1972 1331 2008 Dores
1365 1979 1484 2019 erant,

824 2028 981 2079 aliisque
1001 2028 1165 2064 Doribns
1187 2029 1400 2066 civitatibus
1421 2031 1484 2065 in—

822 2086 944 2132 visus,
978 2083 1050 2121 hoc
1071 2083 1188 2121 modo
1212 2098 1274 2121 eos
1295 2086 1395 2122 ultus
1417 2094 1483 2131 est,

823 2149 864 2178 ut
884 2142 1001 2178 tribus
1022 2148 1201 2191 mutaret,
1227 2142 1483 2193 quemadmo-

823 2198 917 2235 dum
955 2200 1089 2235 Noster
1129 2205 1278 2235 enarrat
1314 2200 1359 2246 V,
1402 2202 1483 2245 683

823 2257 915 2307 quin
957 2268 1042 2291 eam
1080 2256 1202 2305 ipsam
1243 2256 1291 2292 ob
1329 2269 1482 2292 causam

823 2326 913 2349 cum
952 2313 1101 2362 Argivis
1139 2313 1257 2360 (nam
1287 2313 1483 2363 Argorum

822 2370 910 2405 urbs
945 2376 1036 2406 tunc
1068 2370 1248 2418 temporis
1278 2371 1481 2420 praecipua

822 2428 970 2463 Dorum
989 2425 1095 2462 sedes
1126 2428 1164 2461 in
1195 2426 1480 2476 Peloponneso)

822 2483 966 2520 bellum
988 2484 1143 2533 gessisse
1162 2482 1313 2519 videtur
1340 2490 1377 2520 et
1396 2482 1481 2520 Ad-

824 2541 911 2576 rasti
951 2540 1084 2590 Argivi
1130 2540 1277 2576 cultum
1317 2538 1480 2585 eiecisse,

821 2596 919 2645 (eius
938 2599 977 2633 in
1002 2597 1132 2633 locum
1150 2595 1294 2633 Bacchi
1311 2597 1436 2643 sacris,
1459 2608 1479 2632 a

822 2654 957 2705 quibus
970 2654 1088 2690 Dores
1109 2654 1222 2704 plane
1242 2654 1352 2689 alieni
1373 2658 1477 2688 erant

820 2709 1069 2759 introductis)
1119 2708 1328 2760 Rhapsodis
1368 2708 1478 2745 deni-

821 2780 896 2819 que
952 2767 1163 2803 Homericis
1230 2764 1477 2809 interdixisse,

823 2836 942 2875 quum
964 2824 1087 2873 Argos
1105 2824 1294 2858 Homerus
1317 2819 1478 2857 celebret

1124 2874 1198 2917 8¹&
