1897 3340
521 214 1003 255 POLYMNIA.
1061 215 1163 254 VII.

1384 222 1467 261 785

210 323 446 381 ἐβούλοντο
475 329 696 381 νοστῆσαι,
728 320 994 367 ἄποθανέειν
1015 320 1106 376 ἅμα
1136 326 1248 365 τοῖσι
1278 322 1462 371 ἄλλοισι·

209 392 377 447 παρεόν
407 403 486 448 σφι
515 391 682 435 τούτων
711 390 763 434 τοὶ
791 389 916 444 ἕτερα
945 390 1122 442 ποιέειν,
1153 387 1236 432 οὐκ
1266 389 1466 445 ἐθελῆσαι

209 459 522 515 ὁμοφρονέειν·
568 457 674 502 ἀλλὰ
710 455 865 514 γνώμῃ
897 458 1230 513 διενειχθέντας,
1261 456 1468 511 Εὔρυτον

209 527 289 582 μὲν
328 527 584 582 πυθόμενον
614 528 703 568 τῶν
740 526 946 580 Περσέων
981 526 1060 582 τὴν
1087 525 1312 579 περίοδον,
1353 526 1468 582 αἰτή-

208 594 344 638 σαντά
375 611 418 638 τε
454 594 507 636 τοὶ
537 592 651 636 ὅπλα
691 595 765 637 καὶ
801 594 1005 639 ἐνδύντα.

1063 591 1183 648 ἄγειν
1233 590 1368 636 αὐτόν
1404 609 1467 636 κε-

206 666 355 706 λεῦσαι
383 659 462 709 τὸν
489 661 645 704 εἴλωτα
666 660 707 712 ἐς
736 661 844 712 τούς
868 660 1159 717 μαχομένους·
1192 658 1305 711 ὅκως
1327 660 1372 704 δὲ
1390 658 1468 704 αὐ·
1481 667 1524 701 85

204 729 283 774 τόν
322 729 477 785 ἤγαγε,
523 728 600 772 τόν
639 728 719 784 μὲν
749 729 969 786 ἀγαγόντα
1000 730 1195 784 οἴχεσθαι
1225 726 1461 784 φεύγοντα,

204 795 283 839 τόν
314 797 379 847 δὲ,
421 795 657 840 ἐσπεσόντα
700 797 743 848 ές
791 797 871 841 τόν
916 796 1094 852 ὅμιλον,
1148 798 1466 852 διαφθαρῆναι·

169 861 528 920 δἈριστόδημον,
551 863 597 907 δὲ
625 865 965 920 λειποψυχέοντα
997 867 1246 919 λειφθῆναι.

1303 866 1361 907 Εἰ
1389 865 1468 920 μέν

205 949 290 975 νυν
347 929 402 987 ἦν
459 936 629 988 μοῦνον
666 930 977 988 Ἀριστόδημον
1025 930 1273 987 ἀλγήσαντα
1310 930 1466 975 ἀπονο-

205 1003 358 1055 στῆσαι
388 999 430 1051 ές
463 1000 698 1056 Σπάρτην,
727 999 755 1056 ἢ
783 1001 854 1044 καὶ
885 1001 997 1055 ὁμοῦ
1027 999 1175 1054 σφέων
1205 998 1467 1054 οἷμφοτέρων

203 1066 283 1122 τὴν
305 1068 492 1123 κομιδὴν
507 1068 719 1124 γενέσθαι,
736 1071 903 1112 δοκέειν
923 1067 1030 1122 ἐμοὶ,
1052 1065 1135 1110 οὐκ
1155 1065 1209 1109 ἄν
1225 1080 1303 1121 σφι
1320 1071 1465 1122 Σπαρ-
1476 1075 1521 1108 90

203 1134 351 1190 τιήτας
389 1140 522 1190 μῆνιν
563 1137 774 1191 οὐδεμίαν
811 1135 1108 1188 προσθέσθαι·
1157 1135 1258 1178 νυνὶ
1289 1134 1348 1186 δὲ,
1380 1138 1463 1178 τοῦ

202 1201 283 1257 μὲν
312 1201 455 1245 αὐτῶν
485 1202 775 1260 ἀπολομένου,
804 1206 886 1246 τοῦ
918 1204 974 1256 δὲ,
1005 1209 1082 1259 τῆς
1110 1203 1189 1258 μὲν
1220 1201 1352 1258 αὐτῆς
1369 1202 1462 1257 ἐχο-

201 1269 338 1325 μένου
367 1270 630 1326 προφοίσιος,
662 1270 741 1315 οὐκ
772 1271 1060 1327 ἐθελήσαντος
1090 1271 1135 1314 δὲ
1156 1269 1463 1324 ἀποθνήσκειν,

203 1336 452 1394 ἀναγκαίως
481 1351 561 1396 σφι
590 1341 699 1397 ἔχειν
727 1341 906 1397 μηνίσαι
934 1339 1128 1397 μεγάλως
1153 1337 1462 1397 Ἀριστοδήμῳ.

143 1527 282 1563 Wasse
314 1525 362 1563 ad
389 1524 609 1578 Thucydid.
639 1527 701 1576 IV,
735 1529 800 1568 12.

145 1582 270 1634 Supra
300 1586 434 1620 Noster
464 1585 543 1631 VII,
564 1587 663 1624 107:
703 1578 803 1623 α’λλοῖ

145 1639 386 1691 διεκαρτέρεε
407 1641 445 1687 ἐς
462 1637 504 1680 τὸ
521 1640 700 1690 ἔσχατονς
723 1654 800 1692 quo

144 1696 281 1733 eodem
302 1710 414 1734 sensu
435 1697 482 1733 ab
502 1698 581 1734 aliis
598 1696 671 1734 dici
691 1710 800 1734 mor-

142 1753 254 1790 bosos
283 1750 452 1804 ἐσχάτως
478 1753 579 1803 ἔχειν
603 1767 632 1792 s,
655 1754 803 1793 διακεῖ-

143 1813 241 1848 σθαι
259 1810 431 1847 observat
450 1811 726 1861 VVesselingius
748 1812 804 1848 οἷς

142 1873 226 1903 taus
260 1864 404 1903 Thom.
441 1867 544 1917 Mag.
577 1881 604 1904 s.
628 1881 663 1904 v,
687 1863 803 1917 ε’σχοῖ-

142 1937 218 1968 τως
233 1936 270 1972 p.
293 1925 386 1971 S73,
408 1923 473 1958 ubi
492 1924 600 1973 plura
618 1922 804 1960 dederunt

142 1979 376 2030 interpretes,
409 1986 445 2016 et
472 1979 627 2017 Diodor.
661 1981 800 2028 XVIII,

141 2033 209 2076 48.
286 2037 371 2072 Huc
403 2049 556 2088 quoque
594 2037 801 2084 retulerim,

144 2090 249 2143 quod
285 2092 441 2129 inferius
482 2092 582 2143 apud
622 2095 801 2130 Nostrum

142 2149 282 2198 legitur
312 2144 540 2201 οἷλγήσαντα
569 2150 682 2186 morbo
704 2149 799 2200 (scil.

144 2205 372 2248 oculorum)
393 2205 580 2254 affectum,
622 2206 800 2254 dolentem,

144 2261 211 2297 ubi
244 2261 345 2296 male
376 2261 487 2298 codd.
517 2261 675 2315 quidam
706 2258 802 2302 αλο-

144 2312 334 2370 γήσαντα.

200 2376 281 2412 τῶν
301 2371 486 2423 Περσέων
504 2388 578 2423 την
594 2374 802 2425 περίοδον]

144 2431 201 2467 Ita
233 2443 253 2466 e
283 2430 503 2465 Florentino
533 2430 688 2481 aliisque
718 2429 806 2466 dedi

146 2499 215 2537 pro
257 2487 361 2536 vulg.
405 2500 499 2535 την
544 2501 644 2524 των
681 2487 803 2535 Περσ-

146 2538 223 2594 ‘miv
255 2542 457 2594 περίοδον.
471 2565 521 2569 ——
552 2541 615 2578 Ad
637 2537 805 2581 ἐνδύντα

146 2599 249 2636 conf.
280 2606 375 2635 nott.
408 2598 456 2634 ad
485 2599 564 2646 VII,
586 2600 668 2638 218
699 2605 736 2635 et
756 2597 804 2635 ad

150 2655 290 2694 εἵλωτα
312 2662 407 2691 nott.
420 2653 468 2691 ad
480 2654 561 2702 VH,
577 2657 671 2694 202.
693 2654 803 2700 Quod

147 2712 244 2748 infra
252 2709 389 2761 legitur
400 2709 723 2761 λειποψυχέοντα,
742 2713 806 2747 iu-

148 2775 332 2818 terpretor
358 2770 474 2804 animo
499 2768 722 2818 deficientem,
755 2771 806 2804 12·-

148 2825 301 2873 midam,
347 2824 618 2874 pusillanimem.
696 2825 803 2862 Conf.

203 2883 424 2919 Hmzonor.
447 2882 512 2918 III.

862 1524 1085 1578 Thucydid.
1096 1526 1160 1574 IV,
1183 1528 1247 1566 12.
1279 1523 1518 1561 Valckenae-

858 1585 927 1632 rio,
951 1583 1067 1620 modo
1088 1596 1186 1620 unus
1207 1580 1329 1619 codex
1358 1581 1519 1632 praebe-

857 1648 935 1688 ret,
966 1642 1088 1691 magis
1110 1641 1276 1691 placeret
1296 1637 1518 1688 φιλοψυχέ-

858 1712 953 1737 οντα
983 1698 1009 1733 i.
1046 1711 1080 1734 e.
1112 1699 1207 1733 vitae
1241 1699 1438 1742 amantem3
1471 1693 1518 1730 de

859 1767 936 1805 quo
956 1754 1071 1790 verbo
1090 1754 1153 1789 ille
1174 1754 1262 1789 citat
1292 1753 1456 1801 Lycurg.
1479 1751 1516 1785 in

858 1813 1032 1851 Leocrat.
1053 1824 1091 1860 p.
1115 1811 1205 1855 163,
1226 1807 1252 1848 4
1275 1808 1331 1857 [ρ.
1349 1810 1428 1847 213
1451 1806 1516 1854 Β]

860 1869 1049 1905 Clement.
1070 1864 1278 1902 Alexandr.
1298 1865 1347 1900 VI
1368 1877 1405 1913 p.
1419 1862 1514 1909 749,

862 1927 926 1964 10.
982 1921 1191 1959 Marclaud.
1213 1921 1261 1957 ad
1280 1923 1367 1972 Lys.
1389 1933 1427 1970 p.
1450 1917 1516 1967 44,

858 1978 884 2018 4
907 1981 963 2030 [p.
985 1982 1050 2020 87.
1072 1980 1122 2016 Τ.
1144 1979 1188 2015 V.
1210 1976 1367 2025 Reisk]
1399 1977 1518 2013 wet-

856 2042 952 2073 sten.
985 2035 1034 2073 ad
1062 2036 1247 2086 Evangel.
1275 2036 1408 2070 Ioann.
1429 2033 1516 2080 XII,

856 2092 925 2133 25.

914 2144 986 2188 ουίι
1008 2143 1060 2187 ὄῖν
1080 2159 1153 2197 σφι
1169 2140 1419 2197 Σπαρτιήτας
1439 2145 1515 2195 μῆ-

857 2220 922 2244 νιν
972 2200 1165 2254 οὐδεμίαν
1216 2201 1512 2269 προσθέσθαι]

859 2262 1116 2311 Exspectabas
1128 2273 1218 2298 sane
1231 2256 1305 2298 οὐκ
1317 2254 1367 2297 ἂν
1379 2260 1517 2308 Σπαρ-

861 2333 991 2368 τιηται
1022 2340 1073 2344 -
1097 2315 1357 2367 προσέθεντο.
1437 2312 1516 2351 Sed

860 2375 1022 2411 mutavit
1042 2375 1177 2411 Noster
1187 2374 1411 2423 scripturam
1426 2383 1517 2421 pro-

860 2432 923 2467 cul
952 2430 1067 2467 dubio
1098 2431 1146 2468 ob
1181 2429 1293 2466 verba
1323 2428 1516 2464 interiecta

860 2485 1050 2526 δοκέειν’
1033 2488 1132 2537 εμοί.
1187 2485 1273 2523 Vid.
1294 2482 1428 2520 Matth.
1449 2483 1516 2518 Gr.

860 2543 1311 2593 Gr.pag.1059.1292.
1341 2536 1517 2588 προσθέ-

861 2603 959 2637 σθαι
982 2599 1104 2650 μῆνίν
1124 2615 1202 2639 τινι
1231 2604 1283 2633 est
1304 2598 1393 2631 iram
1412 2606 1516 2630 exer-

860 2668 933 2692 cere
953 2658 990 2692 in
1009 2656 1172 2706 aliquem
1220 2653 1275 2690 Cf.
1294 2649 1434 2687 Herod.
1451 2650 1515 2696 IV,

861 2712 926 2753 65.
965 2713 1043 2761 V‚lI
1088 2716 1133 2752 11
1176 2711 1255 2747 init.
1299 2708 1515 2743 Dictionem

861 2767 1022 2818 ε’χεσθαι
1047 2764 1272 2821 προφάσιος
1302 2764 1514 2801 invenimus

861 2825 922 2873 VI,
945 2825 1011 2865 94.

1190 2879 1242 2916 50
