1897 3340
57 327 125 360 dia,
145 325 268 360 diesque
286 324 328 351 di-

59 360 159 404 ¹¹3¹'¹¹⁹.³.
167 361 293 400 ratione.

59 395 316 459 ,Ἷῧὲὶἶᾷἳῑῖἱᾏΐὲηῗω

59 462 156 495 Habe
177 462 214 496 [1‚
233 459 305 494 72.],

58 496 231 530 Euphrates
255 494 293 527 [1,

111 551 117 556 .
130 530 142 564 J
154 547 162 558 .
180 528 287 563 'l'igris

94 584 102 598 ‚
125 562 211 603 1893,

97 603 252 636 gnomnuce

77 630 292 695 raam
303 668 332 687 0-

61 705 76 725 ι’
84 706 101 725 ο
111 697 128 725 d
138 705 154 724 o
164 701 176 724 t
184 706 201 724 e
210 704 226 723 o
246 703 264 723 a
272 704 291 723 n
301 703 331 722 o-

238 561 297 588 ‹luo

384 206 441 246 82

389 315 585 366 πανταχῆ
614 311 695 353 εἰσι
724 309 961 366 βασιλήϊοι,
999 309 1073 351 καὶ
1103 304 1362 354 καταλύσιες
1395 301 1638 347 κάλλισται·
1700 315 1778 354 397

779 200 1238 238 HERODOTI

321 406 332 411 -
361 377 468 423 26ιά
499 377 748 433 οἰκεομένης
774 393 819 420 τε
846 376 873 432 ἡ
904 375 1010 426 ὁδὸς
1039 375 1187 418 ἅπασα
1217 373 1290 417 καὶ
1319 370 1548 427 ἀσφαλέος.
1573 370 1647 414 διοὶ

391 446 471 503 μέν
497 461 546 502 γε
574 447 741 500 Λυδίης
779 447 853 487 καὶ
884 443 1079 497 Φρυγίης
1114 440 1302 496 σταθμοὶ
1339 441 1553 489 τείνοντες
1590 439 1648 481 ε’ί-

393 514 494 558 κοσί
519 514 624 564 εἶσι,
654 509 932 564 παρασάγγαι
961 509 1009 552 δὲ
1036 509 1231 564 τέσσερες
1260 508 1333 552 καὶ
1361 505 1648 562 ἐννενήκοντα

362 581 470 625 3καὶ
498 579 644 636 ἥμισυ.
701 576 940 620 Ἐκδέκεται
970 573 1016 619 δ’

1048 575 1095 619 ἐκ
1131 579 1208 631 τῆς
1244 576 1441 631 Φρυγίης
1470 571 1494 617 ὁ
1511 572 1643 622 Ἅλυς
1659 578 1701 610 10

390 650 605 703 ποταμός·
655 642 724 688 ἐπ’
761 638 798 702 ᾧ
837 639 975 687 πύλαι
1009 656 1056 685 τε
1094 642 1257 692 ἔπεισι,
1292 641 1372 693 τοὶς
1409 639 1651 694 διεξελάσαι

336 829 404 867 dus
425 820 494 865 est:
549 828 607 864 Ac
625 824 748 863 solent
761 856 770 874 ‚
793 823 898 878 quod
916 837 987 860 ne·-
1045 822 1168 873 magis
1181 823 1492 874 septemtrionem
1501 828 1615 874 atque
1630 819 1708 858 ori-

304 919 312 926 „
335 898 400 923 mo
428 884 507 920 fere
536 883 675 930 nescit,
715 895 784 933 per
805 882 990 918 orientem

337 942 403 993 qui
431 947 685 976 mercaturam
714 945 853 988 agunt,
895 949 993 974 con-

336 998 456 1034 iuncti
465 997 691 1048 plerumque
702 994 750 1032 ad
760 1007 906 1032 merces
922 992 993 1030 ad-

338 1052 530 1091 vehendas
545 1050 914 1104 permutandasque‚‘
924 1051 995 1086 iter

339 1110 463 1147 facere
483 1109 585 1146 certa
605 1107 772 1161 quadam
788 1120 832 1144 ac
843 1106 997 1150 definita

339 1166 421 1214 viai,
461 1165 537 1218 qua
576 1166 649 1202 tuti
677 1165 790 1202 simul
821 1171 857 1200 et
887 1163 997 1199 rebus

340 1222 556 1259 necessariis
567 1222 741 1258 instructi
752 1221 833 1257 loca
852 1219 999 1256 deserta

341 1279 580 1329 perlustrent.
606 1272 684 1314 Nec
697 1277 868 1324 dubium,
890 1276 998 1327 quin,

343 1335 410 1387 qui
429 1347 532 1371 nunc
542 1334 645 1384 viget
656 1346 760 1381 mos,
781 1331 886 1369 idem
906 1332 998 1368 olim

343 1403 497 1443 quoque
536 1391 757 1437 obtinuerit,
801 1401 890 1425 cum
918 1388 999 1439 ipsa

344 1449 547 1497 regionum
580 1453 716 1482 natura
742 1458 786 1482 ac
816 1445 910 1480 ratio
946 1445 998 1480 sic

346 1503 522 1554 postulet.
580 1503 715 1553 Itaque
729 1499 840 1538 valde
852 1500 894 1536 fit
908 1511 1000 1549 pro-

346 1559 491 1605 babile,
532 1557 697 1594 enarrari
726 1555 766 1593 h.
786 1557 813 1593 l.
842 1556 888 1592 ab
919 1557 1001 1591 He-

348 1613 482 1651 rodoto
511 1626 597 1650 eam
623 1614 746 1659 viam,
785 1611 862 1663 qua
889 1612 1001 1648 Iones

347 1677 574 1708 mercatores
609 1668 698 1706 inde
719 1669 765 1704 ab
785 1668 897 1704 Asiae
925 1668 1002 1704 mi-

349 1727 450 1764 noris
480 1726 545 1762 ora
577 1724 624 1762 ad
661 1725 847 1761 interioris
890 1724 1002 1761 Asiae

350 1789 513 1830 tractus,
543 1795 586 1819 ac
606 1782 809 1832 praecipue
824 1810 833 1828 ‚
873 1786 916 1816 ut
943 1781 1003 1817 vi—

352 1839 483 1885 detur,
513 1837 561 1875 ad
580 1838 819 1889 Babylonem
840 1843 876 1872 et
897 1835 1005 1884 Susa,

353 1902 587 1932 mercaturae
607 1906 718 1931 causa
738 1892 925 1944 proficisci
944 1905 1008 1929 so-

355 1953 494 1988 lebant.
575 1952 731 1987 Praeter
768 1949 928 1986 Rennel.
967 1950 1007 1985 in

355 2005 572 2058 Geograph.
603 2005 785 2043 Herodot.
819 2017 905 2056 pag.
927 2006 1006 2045 529

355 2076 434 2115 seq.
465 2070 501 2098 et
522 2061 640 2099 Ukert
662 2062 702 2098 iu
723 2062 863 2112 Geogr.
884 2062 949 2098 Gr.
972 2067 1008 2097 et

356 2121 510 2156 Romm.
541 2119 570 2165 1,
603 2121 623 2158 1
645 2130 732 2169 pag.
753 2116 807 2158 74
834 2130 913 2169 seq.
943 2117 1008 2153 Tu

357 2174 434 2212 vid.
454 2175 691 2225 potissimum
702 2175 865 2213 Heeren.
878 2172 1008 2210 Ideen.

357 2233 386 2279 1,
401 2234 425 2270 2
439 2243 526 2281 pag.
540 2232 615 2271 221
631 2243 750 2282 seqq„
772 2230 837 2282 qui
857 2230 1008 2280 egregie

360 2293 502 2333 monet,
524 2285 622 2322 hanc
636 2288 758 2333 viam,
781 2288 909 2336 paucis
920 2287 1007 2337 qni-

359 2342 519 2379 busdam
530 2344 681 2380 mutatis
689 2341 894 2393 (siquidem
909 2355 1012 2378 nunc

359 2412 450 2445 non,
480 2406 522 2435 ut
543 2400 648 2445 olim,
672 2398 720 2436 ad
741 2400 849 2445 Susa,
879 2397 944 2435 sed
965 2397 1014 2434 ad

360 2454 542 2506 Ispahan,
574 2467 670 2506 quae
700 2456 802 2504 regia
823 2461 877 2491 est
895 2453 1013 2501 sedes,

360 2512 430 2548 iter
468 2512 651 2560 faciunt),
705 2510 866 2547 eandem
894 2512 1013 2547 ferme

365 2581 455 2614 esse,
481 2580 597 2619 quam
617 2568 683 2619 qui
702 2566 815 2603 hodie
836 2580 856 2603 a
877 2567 1015 2618 Smyr-

365 2636 413 2660 na
443 2623 491 2660 ad
530 2622 690 2674 Ispahan
719 2623 1014 2674 proficiscantur,

365 2680 487 2717 facere
525 2681 688 2726 soleant,
732 2687 904 2716 accurate
945 2679 1015 2716 de-

365 2737 542 2786 scriptam
569 2749 590 2772 a
631 2737 845 2781 Taverni03
885 2737 935 2771 ita
972 2743 1015 2772 ut

366 2799 535 2830 extrema
554 2799 702 2828 tantum
721 2794 802 2829 viae
818 2805 901 2843 pars
911 2805 1014 2829 nunc

1048 886 1178 915 entem
1218 892 1347 916 versus
1382 879 1555 916 flectatur
1592 884 1707 929 atque

1049 936 1164 983 olim,
1195 936 1262 972 ubi
1294 936 1342 972 ob
1379 935 1566 972 Susorum
1593 934 1709 971 situm

1050 990 1099 1029 ad
1129 991 1331 1028 meridiem
1357 992 1479 1042 magis
1508 990 1713 1028 tenderent

1050 1061 1203 1086 necesse
1225 1055 1317 1086 erat.
1339 1050 1448 1085 Hauc
1469 1048 1574 1084 enim
1591 1047 1708 1094 viam,

1053 1104 1159 1141 idem
1178 1106 1387 1142 Heerenius
1412 1103 1517 1142 addit
1529 1133 1540 1152 ,
1560 1110 1604 1140 ut
1621 1104 1710 1140 lon-

1054 1162 1201 1212 giorem
1240 1162 1292 1198 ita
1328 1162 1510 1198 tutiorem
1548 1173 1628 1198 esse
1666 1171 1710 1196 ao

1053 1218 1176 1267 magis
1205 1230 1378 1254 securam
1398 1230 1418 1253 a
1441 1215 1709 1268 praedonibus,

1054 1274 1245 1325 simulque
1285 1273 1460 1310 omnibus
1503 1272 1553 1310 ad
1591 1274 1712 1310 vitam

1055 1327 1342 1366 sustentandam
1379 1330 1597 1366 necessariis
1624 1340 1711 1364 me-

1054 1386 1126 1423 lius
1145 1387 1368 1422 instructam
1382 1415 1391 1433 ‚
1419 1398 1535 1438 quam
1554 1386 1586 1422 si
1609 1382 1712 1420 recta

1056 1455 1125 1493 per
1162 1441 1308 1478 deserta
1346 1443 1417 1478 iter
1452 1442 1565 1478 facias
1593 1441 1712 1478 latro-

1056 1510 1153 1534 num
1189 1498 1326 1534 crebris
1360 1499 1554 1548 expositus
1581 1498 1713 1534 incur-

1054 1553 1221 1591 sionibus
1242 1559 1280 1590 et
1297 1554 1401 1591 victu
1429 1553 1635 1591 commodo
1653 1553 1713 1590 fa-

1056 1610 1127 1646 cile
1153 1609 1362 1647 destitutus.

1113 1664 1182 1704 καὶ
1219 1661 1452 1712 καταλύσιες
1490 1660 1712 1714 κάλλισται]

1057 1722 1326 1772 Intelliguntur
1356 1722 1526 1772 hospitia,
1564 1722 1606 1758 in
1625 1723 1716 1774 qui-

1060 1778 1130 1815 bus
1168 1777 1445 1829 proficiscentes
1477 1777 1620 1816 deverti
1649 1790 1715 1815 so-

1060 1835 1152 1881 lent,
1170 1835 1278 1872 certis
1289 1835 1467 1871 itinerum
1479 1836 1606 1886 spatiis
1618 1847 1715 1872 con-

1061 1892 1206 1939 stituta,
1259 1892 1384 1943 qualia
1405 1889 1530 1928 adhuc
1549 1904 1618 1942 per
1638 1893 1718 1928 ori-

1063 1954 1192 1983 entem
1211 1947 1331 1985 ubivis
1343 1950 1580 1999 reperiuntur
1594 1961 1614 1984 e
1625 1949 1715 1984 Mu—

1063 2002 1219 2040 hamedi
1238 2006 1487 2055 praescripto;
1509 2005 1624 2055 vulgo
1644 2017 1715 2042 vo—

1063 2067 1151 2096 cant
1164 2059 1431 2109 Caravanserei,
1449 2062 1475 2101 i.
1497 2074 1530 2098 e.
1546 2062 1719 2098 mansio-

1063 2129 1129 2153 nes
1150 2116 1377 2155 adiumenta
1388 2117 1571 2154 mutanda
1582 2118 1644 2155 vel
1653 2130 1717 2154 re-

1063 2171 1223 2209 creanda
1236 2202 1246 2221 ‚
1274 2175 1340 2210 ubi
1369 2175 1440 2225 ipsi
1459 2173 1632 2212 homines
1651 2175 1717 2211 iti-

1063 2230 1160 2266 neris
1204 2232 1376 2282 requiem
1416 2237 1550 2282 petunt
1578 2243 1623 2268 ac
1653 2243 1713 2267 re-

1065 2287 1309 2324 creationem.
1367 2287 1432 2323 Tu
1459 2286 1538 2325 vid.
1565 2287 1717 2338 potissi-

1067 2355 1174 2378 mum
1195 2344 1358 2380 Heereu.
1378 2342 1434 2381 Id.
1450 2345 1479 2391 I,
1503 2347 1522 2384 1
1545 2355 1633 2394 pag.
1649 2344 1717 2384 78.

1066 2399 1095 2444 1,
1124 2401 1149 2437 2
1169 2411 1257 2449 pag.
1279 2403 1373 2448 222,
1405 2401 1471 2451 qui
1492 2400 1585 2436 tales
1603 2398 1714 2436 aedes

1071 2462 1243 2491 accurate
1264 2455 1470 2506 descripsit.
1515 2454 1577 2492 Ad
1596 2456 1718 2506 ipsam

1069 2524 1204 2547 vocem
1219 2507 1430 2558 κατάλυσις
1447 2511 1547 2548 cous.
1560 2509 1721 2548 Diodor.

1071 2568 1188 2603 sicul.
1210 2568 1392 2614 xvl,41.
1424 2589 1478 2594 —
1515 2569 1573 2603 De
1602 2567 1719 2604 fluvio

1070 2623 1189 2674 Halye
1209 2625 1308 2660 conf.
1329 2631 1424 2660 nott.
1447 2621 1495 2660 ad
1514 2625 1543 2669 Ι,
1565 2627 1602 2670 6,
1624 2626 1692 2664 72.

1126 2675 1184 2718 ἐπ’
1203 2675 1234 2732 ᾧ
1251 2677 1374 2718 πύλαι
1397 2693 1436 2718 τε
1457 2678 1600 2728 ἔπεισι]
1631 2679 1721 2717 Por-

1069 2739 1126 2772 tas
1141 2731 1268 2782 πύλας
1284 2736 1388 2773 fossis
1399 2748 1518 2787 aquae
1537 2748 1725 2773 mercen-⁷*

1071 2790 1140 2828 dae
1161 2799 1207 2840 et,
1220 2793 1250 2829 si
1263 2805 1352 2830 usus
1369 2793 1592 2845 requirebat,
1604 2793 1718 2829 emit·-
