1897 3340
547 229 1016 271 POLYMNIA.
1077 230 1177 265 VII.
1411 235 1492 275 537

222 344 349 396 πόλις
388 345 462 388 καὶ
501 343 650 398 Ζώνη·
712 339 938 385 τελευταία
977 338 1024 382 δὲ
1058 336 1220 390 αὐτοῦ,
1265 338 1491 393 Σέῤῥειον,

225 415 338 469 ἄκρη
373 410 618 467 ὀνομαστή·
660 408 685 453 ὁ
724 408 771 453 δὲ
799 411 943 464 χῶρος
983 400 1113 458 οὗτος
1141 405 1192 450 τὸ
1221 405 1413 450 παλαιὸν
1439 403 1496 463 ἦν

195 480 448 525 4Κικόνων.
480 480 521 530 ἐς
549 480 708 522 τοῦτον
735 475 816 520 τὸν
847 475 1047 532 αἰγιαλόν
1074 473 1385 531 κατασχόντες,
1419 474 1496 527 τὰς

223 550 324 601 νέας
347 548 564 601 ἀνέψυχον
594 543 922 596 ἀνελκύσαντες.
983 543 1006 588 ὁ
1050 544 1097 588 δὲ
1126 544 1175 588 ἐν
1202 547 1263 602 τῷ
1287 544 1496 599 Δορίσκῳ

224 621 382 660 τοῦτον
401 614 478 658 τὸν
506 611 668 669 χρόνον
697 617 772 670 τῆς
809 616 1012 670 στρατιῆς
1055 611 1251 669 ἀριθμόν
1295 608 1498 654 ἐποιέετο.

87 679 155 723 69
211 684 349 729 ’Όσον
375 683 455 739 μέν
476 698 561 725 νυν
579 681 754 727 ἕκαστοι
780 687 990 739 παρεῖχον
1019 685 1193 737 πλῆθος
1225 680 1269 732 ἐς
1291 674 1708 736 (>Ξρι.θμόν,80ΝιΠῐιριΓοεζ
1733 677 1831 716 emisa-

1556 718 1623 737 rum
1638 710 1831 745 pedestrium.

1557 744 1670 772 Modus
1688 752 1793 773 nume—

392 794 428 797 „
1556 778 1661 808 randi.

171 870 310 922 dieque
357 877 515 908 vocatur
555 869 642 922 Cap.
695 869 832 910 Macri.

171 926 254 964 vid.
274 928 463 965 Manus-rt.
484 929 554 965 Vll
573 942 612 980 p.
636 931 718 969 210
746 929 835 966 coll.

170 983 543 1022 choiseul-Gouffier
565 987 588 1022 l.
602 986 627 1022 l.
639 998 727 1037 pag.
742 988 834 1026 110.

167 1042 225 1078 De
245 1041 339 1077 urbe
361 1041 461 1079 Zone
484 1056 580 1094 quae
598 1049 746 1079 exstant
765 1055 836 1080 ve·-

167 1104 293 1135 terum
311 1100 527 1149 testimonia
547 1101 702 1151 collegit
728 1098 835 1138 idem

168 1153 399 1193 Tzschucke
418 1157 444 1196 l.
466 1157 491 1193 l.

225 1209 247 1252 ὅ
263 1209 305 1251 δὲ
326 1215 453 1265 χῶρος
467 1206 584 1261 οὗτος
603 1209 645 1253 vd
668 1209 836 1252 παλαιὸν

167 1261 225 1319 ἦν
240 1267 453 1319 Κικόνων]
472 1270 572 1307 citat
590 1268 765 1308 Eustath.
787 1268 836 1306 ad

169 1326 215 1362 ΙΙ.
236 1339 274 1377 p.
297 1325 391 1375 359,
416 1329 465 1368 19
487 1340 517 1364 s.
539 1330 633 1375 272,
656 1329 695 1367 9.
738 1328 837 1364 Cum

168 1381 366 1420 Herodoto
406 1386 641 1422 conveniunt
689 1385 836 1421 Plinius

168 1440 220 1477 H.
240 1441 287 1477 N.
308 1440 371 1488 IV,
399 1443 444 1481 11
472 1439 577 1492 (18)
601 1442 638 1486 ξ.
659 1438 725 1482 43.
747 1442 837 1479 Mel.

167 1497 224 1542 II,
259 1499 285 1537 2
315 1498 353 1543 ξ.
393 1500 418 1539 8
446 1499 574 1549 ibique
614 1497 837 1535 Tzschuck.

169 1559 268 1591 nott.
290 1567 428 1605 exegg.
449 1568 536 1606 pag.
560 1557 638 1595 128
659 1567 737 1607 seq.
764 1556 839 1592 At—

173 1623 249 1662 que
290 1610 393 1662 apud
432 1613 559 1663 ipsum
596 1612 838 1649 Herodotum

171 1668 254 1715 VH,
297 1671 389 1709 108.
431 1671 512 1711 110
554 1667 694 1706 Cicones
738 1670 838 1706 iuter

175 1723 364 1761 Thraciae
385 1733 517 1775 gentes
530 1733 782 1763 numerantur
791 1727 838 1763 ab

174 1781 304 1818 Hebro
336 1782 494 1834 eiusque
527 1784 626 1820 ostiis
647 1796 770 1836 usque
791 1782 840 1821 ad

175 1839 271 1875 Lissi
310 1839 433 1889 ripam
471 1838 696 1877 habitantes.
754 1839 842 1878 Vid.

179 1896 363 1933 Gatterer.
391 1897 518 1933 Ueber
547 1895 735 1934 Herodots
769 1904 842 1936 etc.

179 1950 375 1989 Thracian
408 1965 497 2003 pag.
521 1954 574 1994 64
598 1953 658 1991 ed.
688 1967 843 1992 vernac-

178 2009 368 2047 Mannert.
388 2010 457 2047 VII
476 2022 565 2061 pag.
589 2012 654 2051 39.
713 2012 842 2049 Prisco

179 2067 362 2103 Graeciae
382 2079 476 2104 aevo
498 2068 656 2105 Cicones
675 2070 844 2105 maxime

181 2123 360 2160 celebrati
382 2131 417 2161 et
439 2124 617 2161 Troianis
639 2126 845 2162 consociati

179 2192 336 2217 omnem
351 2180 429 2217 fere
439 2180 629 2218 Thraciae
643 2195 750 2219 oram
760 2196 845 2220 me-

179 2235 406 2274 ridionalem
451 2239 616 2275 tenuisse
654 2238 846 2287 videntur,

141 2337 145 2342 .
182 2305 280 2344 quae
300 2294 381 2344 ipsa
393 2296 498 2345 regio
521 2309 709 2346 equorum
730 2304 845 2349 atque

181 2350 263 2386 viui
299 2359 488 2400 proventu
517 2354 737 2391 excelluisse
767 2354 847 2390 fer-

184 2412 258 2441 tur.
317 2405 402 2443 Vid.
434 2409 591 2446 Homer.
621 2409 756 2462 Odyss.
775 2411 844 2459 IX,

186 2461 256 2501 48.
283 2463 351 2502 49.
386 2464 476 2503 197.
507 2486 558 2492 —-
606 2463 650 2505 τό
681 2464 846 2507 παλαιὸν

188 2516 326 2554 eodem
365 2518 483 2557 modo
523 2522 706 2570 reperitur
744 2522 847 2573 apud

186 2572 364 2626 Aeschyl.
385 2576 492 2612 Pers.
515 2577 607 2624 106,
635 2578 702 2614 ubi
730 2580 849 2616 nostri

186 2631 261 2668 loci
281 2644 359 2668 non
380 2632 585 2668 immemor
603 2634 820 2673 Blomfield.

245 2686 286 2734 ἐς
311 2690 455 2727 τοῦτον
470 2685 539 2727 τόν
559 2687 739 2742 αἰγιαλόν
765 2706 789 2730 κ
804 2707 852 2730 α·-

191 2757 212 2781 τ
226 2754 313 2794 ασχ
329 2739 350 2784 ό
364 2759 417 2782 ντ
431 2759 447 2784 ε
462 2745 513 2793 ς]
563 2747 622 2782 De
659 2747 852 2784 locutione

193 2797 270 2836 vid.
289 2800 401 2837 allata
421 2800 470 2838 ad
489 2801 553 2848 VI,
566 2804 658 2843 101.
686 2803 732 2838 In
748 2817 853 2856 seqq.

193 2855 354 2893 verbum
389 2852 615 2908 ἀναψύχειν
646 2858 783 2898 eadem
801 2873 857 2898 re-

891 870 1059 918 creandi,
1079 868 1261 920 ‘reficiendi
1279 866 1556 918 significatione

891 927 994 979 apud
1016 924 1266 976 Xenophont.
1288 926 1388 966 Hell.
1408 926 1438 973 I,
1461 925 1498 970 5,
1517 927 1555 964 6.

891 980 1101 1025 ἅνελκύειν
1128 984 1308 1035 frequens
1323 982 1365 1019 (le
1391 983 1557 1030 navibus,

891 1045 930 1080 in
972 1047 1100 1079 terram
1152 1053 1241 1092 quae
1289 1039 1555 1087 subducuntur-3

891 1097 969 1137 vid.
1004 1100 1074 1145 IX,
1107 1099 1160 1138 98
1195 1103 1232 1133 et
1258 1098 1354 1134 Lex.
1374 1094 1557 1147 Xenoph‚

891 1158 908 1192 I
929 1169 1015 1207 pag.
1039 1157 1135 1196 231.
1182 1154 1266 1200 Quo
1286 1153 1426 1191 eodem
1445 1166 1558 1190 sensu

891 1215 1026 1250 Noster
1047 1211 1144 1249 dixit
1164 1207 1350 1251 ἀνασπᾶν
1371 1212 1452 1258 VII,
1478 1212 1558 1251 188

894 1277 931 1307 et
953 1264 1154 1322 ἄνειρύειν
1174 1269 1244 1317 IX,
1273 1269 1420 1309 96.97.
1453 1267 1559 1303 Con-

893 1328 1052 1365 trarium
1082 1327 1184 1363 valet
1218 1322 1462 1364 καθελκύειν
1491 1337 1561 1361 ηα-

892 1397 948 1422 ves
961 1398 978 1422 e
998 1388 1093 1421 terra
1114 1385 1153 1420 in
1166 1395 1261 1420 mare
1279 1381 1459 1429 deducere,
1474 1379 1555 1418 vid.

892 1443 975 1489 v11,
1011 1443 1103 1482 100.
1131 1437 1382 1491 Thucyd.11,
1405 1442 1472 1479 93.
1493 1439 1558 1485 VI,
1593 1433 1595 1436 ⁴

893 1497 959 1539 34.
990 1498 1123 1535 Lexic.
1142 1494 1393 1547 Xenopliont.
1415 1497 1451 1532 II
1470 1507 1560 1548 pag.

894 1554 987 1602 604,
1036 1555 1166 1605 ibique
1205 1552 1335 1590 laudd.
1408 1553 1561 1591 Eodem

893 1624 1006 1649 sensu
1037 1612 1246 1650 κατασπᾶν
1283 1611 1313 1657 Ι,
1354 1609 1559 1658 164.*V11‚

899 1671 991 1710 193.
1017 1662 1204 1720 κατάγειν
1222 1668 1322 1715 Vm,
1341 1667 1380 1708 4.

1131 1759 1224 1811 Cap.
1245 1760 1331 1796 LX.

953 1840 1116 1891 πλῆθος
1153 1837 1193 1886 ἐς
1234 1833 1439 1889 οἷριθμὸν]
1505 1839 1562 1874 Ita

900 1895 1080 1948 equidem
1100 1908 1191 1933 cum
1209 1901 1364 1932 recentt.
1391 1892 1564 1933 exhibui.

898 1954 943 1989 In
965 1952 1105 1990 Aldina
1122 1953 1279 2005 aliisque
1310 1958 1431 1988 exstat
1457 1946 1562 2001 πλή-

901 2013 996 2056 θεος
1018 2005 1206 2060 οἷριθμόν,
1230 2007 1331 2061 quod
1340 2009 1465 2059 placet
1475 2009 1564 2045 val-

901 2065 1117 2104 ckenaerio.
1177 2063 1565 2116 Scluveighaeuserus

900 2124 1032 2160 mallet
1061 2122 1344 2160 distinctionem
1364 2123 1456 2174 poni
1475 2128 1565 2159 ante

903 2179 942 2227 ἒς
975 2176 1164 2230 α’ριθμόν,
1198 2193 1295 2232 quae
1324 2182 1405 2231 ipsa
1426 2178 1476 2216 ad
1501 2192 1566 2217 se-

905 2238 1060 2289 quentia
1072 2239 1318 2288 pertinerent.
1338 2259 1394 2264 —
1415 2237 1459 2274 Si
1473 2249 1565 2274 vero

905 2307 1075 2346 quaeras,
1099 2307 1175 2346 quo
1188 2308 1236 2331 ex
1256 2295 1361 2331 fonte
1373 2295 1447 2330 sint
1466 2292 1567 2330 hau-

902 2358 970 2400 sta,
994 2365 1090 2404 quae
1111 2353 1150 2388 iu
1171 2365 1277 2403 seqq.
1299 2349 1477 2388 historiae
1495 2363 1568 2401 pa·-

901 2415 960 2445 ter
992 2409 1120 2446 retulit
1148 2408 1196 2447 de
1226 2409 1366 2445 Xerxis
1397 2409 1568 2445 exercitu

902 2466 1137 2517 singulisque
1168 2466 1344 2517 gentibus
1365 2472 1479 2517 atque
1501 2477 1570 2501 ea-

903 2535 989 2558 rum
1015 2536 1178 2560 numero
1210 2530 1247 2559 et
1275 2521 1431 2569 habitu,
1479 2534 1570 2572 per-

905 2591 1022 2630 quam
1050 2580 1093 2617 fit
1111 2580 1319 2631 probabile,
1350 2578 1445 2616 haec
1466 2591 1487 2614 e
1507 2591 1570 2614 re-

905 2635 975 2684 giis
1012 2636 1216 2673 Persarum
1256 2636 1455 2672 annalibus
1491 2646 1571 2670 esse

908 2690 1085 2730 deducta.
1116 2696 1118 2699 “
1156 2695 1332 2745 Namque
1367 2693 1571 2728 Persarum

907 2761 1016 2798 reges
1037 2762 1128 2786 cum
1159 2763 1228 2800 pro
1251 2761 1359 2785 more
1378 2749 1418 2783 in
1440 2747 1570 2782 omui-

908 2805 978 2842 bus
1007 2805 1311 2856 expeditionibus
1338 2815 1470 2841 secum
1498 2801 1570 2838 ha—

909 2860 1044 2899 berent
1064 2863 1224 2909 scribas,
1255 2861 1341 2914 qui,
1372 2872 1570 2912 quaecuu—
