1897 3340
408 240 490 280 25⁰
824 242 1286 281 HERODOTI

404 345 632 403 θαλάσσῃ,
663 346 710 390 ἐν
728 346 872 405 ’Ἁμπῃ
901 349 1028 403 πόλι,
1058 350 1169 404 παρ’
1200 351 1255 408 ἢν
1290 353 1446 408 Τίγρης
1474 356 1668 410 ποταμὸς

378 414 701 470 Ξπαραῤῥέων,
743 415 786 466 ές
822 417 1052 461 θάλασσαν
1090 418 1199 469 ἐξίει.
1258 424 1332 474 τῆς
1374 420 1420 463 δὲ
1450 425 1669 479 Μιλησίης

404 481 546 538 χώρης
576 481 703 526 αὐτοὶ
730 483 809 538 μὲν
837 486 882 527 οἱ
912 486 1077 538 Πέρσαι
1115 485 1233 542 εἶχον
1264 487 1315 529 τὰ
1346 489 1445 543 περὶ
1483 489 1563 546 τὴν
1591 490 1666 534 πό·

403 553 474 592 λιν
502 550 576 594 καὶ
604 551 651 593 τὸ
681 553 855 604 πεδίον,
897 553 950 596 τὰ
980 553 1026 595 δὲ
1055 552 1298 608 ὑπεράκρια
1328 556 1486 599 ἔδοσαν
1523 559 1666 612 Καρσὶ

275 618 337 662 21
399 619 652 673 Πηδασεῦσι
673 619 891 675 ἐκτῆσθαι.
953 623 1161 664 Παθοῦσι
1187 622 1233 666 δὲ
1252 627 1390 667 ταῦτα
1406 627 1662 680 Μιλησίοισι
1676 635 1721 667 60

69 677 343 743 st‘fffissffl⁸,‘‚³f}-}Jr¹¹·
400 682 513 739 πρὸς
538 686 754 740 Περσέων,
784 686 867 730 οὐκ
888 684 1109 731 ἀπέδοσαν
1127 688 1206 744 τὴν
1222 690 1379 747 ὁμοίην
1400 693 1663 746 Συβαρῖται,

69 747 340 817 ξζ-’,ξζῑὲἱῖἕξξιξξὼῑθ-
401 755 445 796 οἳ
474 752 598 796 Λάον
631 770 675 796 τε
715 754 789 797 καὶ
826 756 1025 810 Σκίδρον
1054 757 1222 807 οἴκεον,
1263 761 1339 813 τῆς
1378 757 1531 816 πόλιος
1567 758 1662 804 ἀπε-

372 820 671 876 Ξστερημένοι.
739 822 968 877 Συβάριος
1003 823 1087 879 γάρ
1128 823 1319 880 ἁλούσης
1360 825 1448 868 ὑπὸ
1487 829 1663 880 Κροτω-

397 889 604 943 νιητέων,
636 888 850 946 ,Μιλήσιοι
877 890 1034 942 πάντες
1074 890 1243 948 ἡβηδὸν
1273 891 1555 947 ἀπεκείραντο
1587 894 1663 946 τὰς
1675 901 1719 937 65

397 955 611 1010 κεφαλὰς,
661 957 734 1000 καὶ
771 956 934 1009 πένθος
977 959 1086 1014 μέγα
1129 959 1457 1015 προεθήκαντο·
1517 960 1663 1012 πόλιες

396 1022 479 1078 γάρ
510 1018 639 1068 αὗται
673 1025 858 1082 μάλιστα
895 1025 949 1082 δή
987 1029 1077 1070 τῶν
1111 1025 1234 1084 ἡμεῖς
1268 1029 1412 1083 ἰ’δμεν,
1451 1025 1662 1085 ἀλλήλῃσι

339 1213 381 1244 ut
400 1209 429 1255 Ῑ,
453 1210 544 1257 180,
565 1211 632 1248 ubi
652 1207 717 1248 vid
736 1209 870 1262 Ampe
890 1211 996 1259 urbs,

338 1276 361 1301 a
388 1277 463 1316 qua
484 1264 611 1304 differt
637 1261 755 1314 ἷΩπις
774 1268 863 1304 urbs
897 1267 1000 1319 apud

337 1320 521 1359 Herodot.
543 1324 572 1371 Ι,
594 1325 687 1373 189,
708 1325 775 1361 ubi
788 1323 866 1363 vid.
888 1331 998 1373 nott„

336 1376 386 1414 ad
414 1379 528 1416 maris
547 1381 674 1417 sinum
687 1410 697 1429 ‚
729 1382 770 1417 in
785 1394 904 1433 quem
923 1383 999 1419 Ti·-

336 1435 412 1484 gris
430 1436 577 1473 urbem
585 1438 860 1489 praeterlapsus
880 1451 920 1476 se
934 1439 996 1474 in-

337 1490 540 1541 fundebat,
570 1494 640 1531 sita
660 1500 759 1542 erat,
788 1502 832 1532 ut
851 1508 900 1532 ex
920 1493 995 1532 hoc

334 1548 415 1598 ipso
455 1549 540 1586 loco
579 1551 666 1587 satis
706 1557 823 1601 patet.
882 1551 992 1590 Conf.

335 1603 469 1656 Steph.
481 1606 575 1657 Byz„
595 1619 624 1644 s.
637 1619 675 1643 v.
696 1620 734 1657 p.
747 1609 823 1647 121
835 1603 970 1658 ’Ἀμπη
982 1619 994 1630 ·

334 1657 445 1708 πόλις
463 1659 563 1713 πρός
579 1665 631 1716 τῇ
645 1658 822 1717 Ἐρυθρᾷ
838 1659 994 1703 θαλάσ-

335 1728 385 1771 σῃ
401 1732 435 1757 κ.
455 1733 489 1756 τ.
502 1721 536 1756 λ.
587 1720 679 1756 Mox
701 1732 769 1770 pro
791 1720 889 1767 ἐξιεῖ
904 1719 994 1757 dedi

331 1787 422 1811 cum
442 1782 599 1812 recentt.
621 1775 712 1823 ἐξίει
730 1788 741 1814 :
768 1775 815 1814 de
845 1789 922 1830 quo
942 1777 992 1815 cf.

333 1830 377 1878 V,
402 1833 465 1871 16.
488 1832 549 1879 VI,
573 1834 626 1872 37
650 1832 716 1868 fin.

387 1883 435 1925 tn?
456 1885 499 1926 δὲ
513 1883 766 1940 ὑπεράκρια]
795 1889 821 1925 i.
850 1902 885 1926 e.
914 1889 990 1926 loca

328 1943 502 1993 editiora,
533 1948 723 1994 montana,
753 1952 796 1982 ut
826 1958 939 1996 supra
959 1947 988 1994 1,

330 1999 383 2040 59
406 2000 448 2039 οἷ
464 1996 703 2053 ὕπεράκριοι
722 2004 903 2051 regionum
912 2003 988 2040 eda·-

330 2057 468 2104 tiorum,
485 2060 654 2095 montium
674 2059 820 2098 incolae.
851 2059 988 2109 Attigit

328 2112 544 2150 Herodotea
578 2113 753 2151 Eustath.
784 2114 833 2152 ad
853 2114 988 2168 Odyss-

328 2181 367 2218 p-
401 2172 519 2217 1636,
549 2170 603 2211 54
631 2184 661 2208 s-
689 2170 783 2218 365,
805 2172 873 2212 51.
929 2173 987 2208 De

329 2224 478 2262 Caribus
497 2226 752 2265 Pedasensibus
781 2227 859 2265 vid.
888 2235 984 2267 nott.

327 2280 375 2318 ad
396 2281 442 2330 V,
466 2286 559 2324 121.

543 2384 639 2435 cap.
657 2384 768 2421 XXI.

383 2446 458 2490 ov’n
485 2446 685 2491 α’πέδοσαν
712 2448 786 2502 τήν
819 2450 985 2502 ὁμοίην]

327 2509 350 2544 i.
373 2521 405 2544 e.
428 2521 550 2559 parem
577 2510 736 2557 gratiam
769 2521 837 2545 uon
854 2509 985 2545 retule-

325 2568 406 2601 runt
420 2595 428 2611 ‚
460 2577 504 2601 eo
525 2564 630 2617 quod
650 2565 729 2602 scil.
752 2565 985 2602 Milesiorum

323 2621 554 2658 calamitates
592 2622 753 2657 minime
788 2623 838 2658 ita
871 2623 982 2672 luge-

323 2678 436 2725 bant,
467 2685 508 2715 ut
539 2679 630 2714 olim
660 2678 825 2714 fecerant
847 2679 983 2715 Milesii

324 2735 362 2770 in
383 2735 645 2786 Sybaritarum
666 2735 776 2771 rebus
805 2734 980 2774 adversis.

323 2790 385 2828 Ad
406 2791 613 2829 dictionem
632 2789 706 2842 τήν
717 2789 858 2844 ὁμοίην
878 2792 980 2831 cous.

322 2855 418 2887 nott.
441 2848 487 2886 ad
508 2849 571 2897 1V,
596 2850 687 2889 119.

1114 1210 1155 1251 οἳ
1171 1206 1292 1251 Λᾶον
1315 1225 1356 1251 τε
1372 1210 1440 1251 καὶ
1461 1212 1638 1262 Σκίδρον
1655 1212 1716 1253 οἷ’-

1054 1269 1177 1316 κεον]
1209 1268 1364 1319 Sybaris
1385 1269 1473 1306 urbs
1501 1283 1624 1321 quum
1642 1268 1715 1307 de-

1053 1331 1196 1361 structa
1216 1331 1312 1362 esset
1341 1337 1441 1362 auno
1463 1325 1544 1366 507
1566 1339 1600 1363 a.
1622 1324 1715 1365 Chr.

1056 1393 1096 1418 n.
1117 1394 1159 1429 s.‚
1180 1387 1223 1418 ut
1254 1382 1334 1419 aliis
1354 1382 1492 1432 placet,
1513 1382 1594 1422 510
1615 1381 1712 1432 (vid.

1052 1444 1149 1477 nott.
1171 1437 1221 1474 ad
1239 1439 1284 1486 V,
1300 1437 1395 1488 44),
1425 1439 1452 1475 ii
1483 1439 1550 1490 qui
1577 1451 1713 1490 super-

1051 1495 1152 1531 stites
1172 1493 1262 1532 hinc
1275 1507 1436 1543 evasere,
1448 1494 1713 1548 Laum(quam

1051 1551 1318 1601 Sybaritarum
1362 1552 1554 1589 coloniam
1600 1559 1713 1591 vocat

1051 1608 1189 1644 Strabo
1219 1608 1270 1645 VI
1299 1621 1338 1658 p.
1367 1608 1448 1648 253
1478 1621 1508 1644 s·
1540 1609 1621 1650 388
1643 1608 1708 1661 Β.)

1050 1662 1278 1711 condidere,
1326 1664 1495 1715 itemque
1518 1662 1712 1703 Scidmm:

1049 1719 1155 1772 quod
1175 1719 1361 1771 oppidum
1391 1733 1466 1772 quo
1488 1720 1573 1757 loco
1594 1722 1711 1759 situm

1047 1777 1161 1813 fuerit
1177 1806 1187 1824 ‚
1227 1775 1332 1814 haud
1369 1775 1528 1827 quidem
1549 1784 1710 1816 constat.

1045 1834 1226 1870 Vicinum
1245 1833 1358 1870 fuisse
1375 1832 1473 1870 illud
1490 1834 1574 1870 iure
1585 1835 1710 1885 suspi-

1045 1891 1154 1927 ceris.
1209 1890 1268 1926 De
1293 1896 1456 1941 utroque
1487 1890 1571 1927 loco
1593 1891 1709 1928 citant

1045 1944 1221 1983 Mazoch.
1241 1947 1415 1984 Collectt.
1445 1947 1463 1982 Ι
1483 1945 1532 1982 ad
1551 1947 1708 1986 Tabull.

1046 2003 1305 2041 Heracleenss.
1326 2015 1415 2053 pag.
1441 2001 1539 2044 503.

1102 2056 1250 2106 πάντες
1277 2056 1464 2110 ἡβηδόν]
1493 2060 1520 2096 i.
1534 2071 1568 2096 e.
1593 2072 1708 2097 omnes

1044 2118 1199 2164 omnino,
1249 2117 1380 2152 nemine
1419 2119 1572 2165 excepto.
1619 2115 1707 2157 Vid.

1043 2177 1180 2209 notatt.
1202 2170 1251 2208 ad
1270 2170 1466 2208 Plutarch.
1478 2172 1601 2210 Alcib.
1614 2185 1706 2224 pag.

1047 2227 1139 2268 155.
1197 2229 1242 2264 Iu
1262 2229 1304 2264 ijs
1325 2228 1468 2275 verbis,
1490 2241 1589 2279 quae
1608 2242 1705 2266 cou-

1041 2285 1150 2322 tinuo
1170 2291 1400 2336 sequuntur:
1435 2282 1589 2330 πένθος
1606 2284 1705 2338 μέγα

1041 2336 1322 2392 προεθήκαντο
1355 2340 1409 2389 (i.
1438 2353 1472 2376 e.
1501 2339 1703 2392 Schweig—

1043 2395 1227 2434 haeusero
1247 2398 1470 2447 interprete:
1503 2399 1704 2446 „ingentem

1038 2466 1126 2504 prae
1136 2468 1170 2491 se
1183 2454 1337 2491 tulerunt
1347 2454 1524 2504 luctum“)
1540 2454 1702 2491 Floren—

1043 2511 1144 2548 tinus
1157 2511 1249 2547 liber
1265 2523 1354 2548 cum
1367 2510 1447 2546 aliis
1466 2525 1519 2561 πρ
1532 2525 1552 2550 ο
1565 2523 1588 2550 σ
1599 2507 1703 2563 effli-

1044 2582 1175 2614 καντο,
1188 2566 1238 2604 de
1259 2580 1334 2619 qua
1354 2567 1578 2604 confusione
1598 2567 1702 2606 conf.
1736 2617 1739 2620 Ι

1039 2624 1102 2672 IV,
1124 2624 1177 2666 65
1195 2625 1324 2676 ibique
1354 2629 1450 2661 nott.

1094 2676 1227 2728 πόλιες
1245 2677 1321 2733 γὰρ
1337 2675 1454 2719 αὗται
1476 2675 1699 2730 μάλιστα-

1038 2732 1310 2788 ἐξεινώθησαν
1328 2738 1347 2785 ]
1415 2737 1519 2773 Haec
1564 2742 1699 2773 mutua

1040 2794 1236 2845 utriusque
1266 2794 1388 2843 gentis
1422 2793 1588 2830 amicitia
1608 2805 1699 2829 mu-

1040 2857 1226 2902 tuamque
1256 2848 1488 2901 hospitium,
1522 2850 1552 2886 si
1583 2862 1698 2900 penes
