1897 3340
0 542 1 548 ¹
48 576 144 621 111

458 198 1225 238 TERPSICHORPLV.
1398 200 1482 238 215

217 311 295 365 μὲν
325 311 484 360 ἄλλους
514 307 742 359 Κυπρίους
781 304 891 348 κατὰ
938 303 1044 355 τούς
1080 303 1239 354 ἄλλους
1276 303 1490 359 στρατιώ-

215 395 292 430 τας
317 374 666 424 ἀντιτάσσοντες·
697 375 981 427 Σαλαμινίων
1006 373 1050 416 δὲ
1073 372 1147 415 καὶ
1177 374 1352 415 Σολίων
1383 371 1487 416 ἄπο-

189 446 413 497 Ξλὲξαντες
446 443 495 486 τὸ
516 441 722 494 ἄριστον,
765 439 1030 483 ἀντέτασσον
1075 441 1283 497 Πέρσῃσι.

1339 439 1483 493 Ἀρτυ-
1496 446 1516 479 5

216 516 297 571 βίῳ
330 512 374 555 δὲ
403 514 462 566 τῷ
493 512 720 565 στρατηγῷ
751 512 840 550 τῶν
874 508 1078 562 Περσέων
1109 508 1337 564 ἐθελοντὴς
1369 507 1486 551 ἀντε-

216 582 397 624 τοίσσετο
429 577 662 633 Ὀνήσιλος.

710 576 904 619 ’Ήλαυνε
943 578 987 619 δὲ
1027 578 1162 620 ἵππον
1200 575 1222 619 ὁ
1258 574 1489 631 Ἀρτύβιος

212 646 525 702 δεδιδαγμένον
557 645 668 700 πρὸς
701 643 883 700 ὁπλίτην
916 646 1121 688 ἵστασθαι
1152 643 1306 699 ὀρθόν.
1347 642 1488 687 πυθό-

210 732 339 772 μενος
371 711 434 758 ὦν
472 718 610 757 ταῦτα
641 713 664 757 ὁ
703 712 955 768 Ὀνήσιλος,
998 709 1054 769 ἦν
1088 712 1172 770 γάρ
1214 715 1256 757 οἱ
1295 712 1489 756 ὑπασπι-

209 782 309 840 στὴς
338 782 465 836 γένος
497 782 576 837 μὲν
595 781 716 835 Κὰρ,
746 780 799 824 τοὶ
831 781 876 824 δὲ
906 783 1092 837 πολέμια
1123 782 1262 836 κάρτα
1293 780 1484 834 δόκιμος,

208 852 280 894 καὶ
303 849 443 901 ἄλλως
473 849 664 906 λήματος
693 849 834 900 πλέος,
868 848 956 892 εἶπε
986 849 1098 903 πρός
1119 854 1302 893 τοῦτον·
1336 851 1542 900 ,,Πυν-]Ο

179 920 437 975 2,,θάνομαι
487 918 565 961 τὸν
602 917 830 998 Ἀρτυβίου
880 919 1014 962 ι’ππον
1053 916 1288 974 ἱσταμενον
1330 915 1484 998 ὀρθὸν,

209 987 311 1038 ,,καὶ
341 987 445 1031 ποσὶ
478 987 553 1029 καὶ
584 985 766 1041 στόματι
794 986 1137 1041 κατεργαζεσθαι
1177 986 1286 1040 πρὸς
1324 985 1401 1029 τὸν
1429 984 1486 1027 ἂν

208 1059 522 1137 ,προσενεχθη.
577 1055 630 1097 σύ
679 1056 742 1097 ὠν
790 1055 1141 1110 βουλευσάμενος
1189 1053 1349 1098 αὐτίκα
1396 1052 1487 1097 εἰπὲ

210 1121 423 1179 ὁκότερον
453 1122 634 1180 βούλεαι
658 1123 856 1179 φυλάξας
885 1125 1064 1180 πλῆξαι,
1095 1124 1135 1166 εί
1153 1138 1197 1166 τε
1225 1122 1306 1166 τόν
1335 1123 1485 1176 ἵππον,

151 1283 241 1321 dedi
261 1297 330 1335 pro
351 1284 550 1336 βασιλῆες.

152 1342 440 1392 praepositionis
461 1338 560 1380 κατοῖ
581 1343 618 1377 in
640 1354 746 1393 seqq.
769 1342 818 1378 cf.

609 1283 671 1321 Ad
704 1297 818 1321 usum
875 1285 1013 1321 vimus.

1074 1283 1131 1321 Cf.
1149 1283 1275 1321 strab.
1291 1282 1384 1321 XIV
1401 1297 1439 1334 p.
1459 1283 1539 1323 662

875 1343 924 1377 D.
959 1355 989 1378 3.
1019 1341 1098 1381 978
1129 1342 1177 1377 A.
1219 1342 1305 1378 coll.
1336 1339 1478 1376 Herod.
1509 1342 1539 1387 1,

150 1399 819 1450 1,76.111,14‚1b1quenott—
879 1400 970 1438 171.
992 1398 1039 1444 Π,
1058 1399 1124 1437 61.
1149 1400 1199 1437 1.)
1179 1396 1242 1437 2.
1269 1396 1361 1438 154-
1383 1398 1449 1445 ΠΙ,
1474 1399 1539 1436 11

150 1456 226 1491 Pro
244 1455 488 1494 Σολίωνῒτεε
501 1454 611 1492 codd.
629 1454 817 1503 Σολιέων,

877 1455 951 1499 Qui
971 1453 1089 1490 iidem
1101 1453 1206 1491 Cares
1221 1456 1441 1505 frequenter
1460 1466 1542 1490 ser-

149 1512 277 1548 nullus
308 1510 492 1559 Σολέων;
541 1525 631 1548 nam
684 1507 820 1551 Σολιοι
875 1512 915 1548 vi
958 1509 1061 1561 apud
1089 1511 1254 1547 Graecos
1273 1512 1541 1555 inveniuntur,

148 1575 237 1605 sunt
256 1569 405 1604 incolae
426 1569 541 1616 urbis,
565 1569 627 1605 cui
652 1569 724 1618 ipsi
743 1581 815 1604 no-

147 1638 239 1661 men
269 1619 394 1664 Σόλοι
434 1626 474 1661 in
513 1626 637 1661 insula
676 1625 813 1676 Cypri,

148 1680 215 1718 sed
243 1684 382 1728 Σολεῖς
421 1681 469 1719 ad
503 1682 656 1719 Ciliciae
678 1682 814 1718 urbem

146 1740 358 1789 pertinent,
398 1746 440 1775 ut
472 1739 571 1775 bene
602 1739 813 1776 wesselin-

147 1797 231 1846 gius
254 1796 442 1832 observat.
475 1796 531 1834 Cf.
557 1795 693 1846 Steph.
718 1797 812 1847 Byz.

147 1865 176 1889 s.
209 1866 246 1888 v.
275 1847 393 1891 Σόλοι
424 1865 512 1903 pag.
546 1855 626 1893 677
664 1860 751 1889 ets.
777 1866 813 1888 v.

144 1904 286 1955 Ώτιεῐς
304 1921 392 1959 pag.
407 1912 504 1950 771.
528 1910 585 1945 De
605 1910 685 1959 ipsa
707 1910 813 1957 urbe,

146 1967 253 2003 cuius
274 1964 399 2002 adhuc
420 1967 597 2018 reliquias
626 1965 813 2017 quasdam

144 2024 302 2060 nomine
324 2023 495 2072 Aligorae
515 2037 618 2059 nunc
641 2025 813 2073 cognitas

146 2094 186 2117 se
219 2081 406 2116 invenisse
438 2087 596 2117 testatur
614 2079 810 2128 Pococke,

146 2138 255 2188 plura
274 2138 465 2174 Mannert.
486 2139 626 2188 Geogr.
643 2139 706 2186 VI,
732 2140 749 2177 1
774 2151 811 2188 p.

145 2193 225 2234 564
247 2207 326 2245 seq.

201 2245 481 2299 ἀπολέξαντες]
504 2252 530 2288 i.
551 2264 583 2288 e.
613 2250 809 2299 selz'gentes.

144 2308 189 2342 In
223 2309 342 2344 tribus
381 2307 493 2344 codd.
537 2303 810 2355 ἀποδέξαντες,

145 2365 258 2400 male.
310 2367 426 2401 Recte
446 2365 678 2415 Wesseling.
701 2365 809 2401 exci-

145 2427 198 2458 tat
219 2422 285 2470 111,
306 2420 493 2469 40.V111‚
517 2424 607 2461 101.

377 2523 467 2574 Cap.
489 2524 591 2560 CXI.

202 2585 256 2641 ἦν
272 2585 347 2642 γάρ
370 2590 411 2629 οἷ
428 2587 682 2641 ’ὑπασπιστὴς
697 2588 811 2642 γένος

148 2643 218 2696 μὲν
241 2644 348 2699 Κοῖρ]
374 2647 493 2696 Cares,
522 2654 679 2698 gentem
697 2648 810 2683 belli-

148 2715 300 2751 cosam,
329 2705 367 2739 in
400 2705 490 2741 alias
523 2712 639 2741 terras
659 2710 808 2740 mature

149 2759 279 2795 abiisse
316 2761 522 2797 militatum
555 2768 592 2797 et
630 2760 809 2797 mercede

147 2814 355 2853 conductos
376 2817 506 2855 secisse
526 2817 713 2869 stipendia
734 2831 809 2855 no-

870 1574 965 1604 teste.
986 1565 1292 1618 Aristoph.Avv.
1305 1567 1401 1616 765,
1424 1579 1543 1618 quem

871 1625 1003 1660 locum
1025 1623 1134 1660 affert
1155 1625 1391 1674 Wesseling.
1428 1623 1540 1660 Conf.

871 1688 968 1718 nott.
990 1680 1038 1717 ad
1061 1682 1105 1729 V,
1135 1683 1202 1722 66.
1242 1682 1342 1717 Hinc
1363 1680 1469 1718 idem
1499 1678 1542 1719 ὖ-

872 1734 1100 1788 πασπιστής
1114 1751 1210 1774 mox
1223 1745 1383 1776 vocatur
1395 1732 1540 1777 ὀπάων

871 1796 896 1831 i.
931 1809 965 1831 e.
998 1795 1246 1845 pedissequus,
1278 1795 1466 1845 famulam,
1497 1801 1540 1831 ut

871 1853 910 1887 in
932 1850 1112 1902 Aeschyl.
1132 1850 1304 1902 Choeph.
1319 1853 1400 1892 716
1421 1849 1538 1888 Both.

873 1909 1009 1959 Suppl.
1040 1907 1122 1949 454,
1154 1909 1241 1945 coll.
1275 1906 1372 1949 845.
1393 1905 1537 1944 Herod.

871 1966 940 2012 IX,
953 1965 1018 2005 50.
1033 1964 1103 2012 51,
1119 1965 1185 2001 ubi
1195 1960 1367 2011 ὀπάονες
1390 1962 1539 2001 Sohae—

870 2023 985 2068 ferus,
1004 2022 1142 2073 reliqui
1164 2016 1349 2067 ὀπέωνες.
1368 2043 1425 2048 —
1444 2022 1539 2057 Mox

871 2078 961 2116 dedi
980 2075 1028 2117 τοὶ
1041 2077 1221 2129 πολέμια,
1246 2079 1313 2114 ubi
1334 2076 1534 2115 Schaefer.

870 2143 906 2173 et
941 2133 1078 2172 matth.
1108 2132 1155 2173 τά
1198 2131 1410 2186 πολεμήϊα.
1456 2133 1536 2172 Sed

869 2194 972 2232 conf.
993 2194 1059 2240 ΙΙΙ,
1083 2190 1121 2231 4.
1143 2192 1188 2240 V,
1211 2195 1279 2233 78.
1301 2192 1535 2242 VVesseling.

868 2251 1045 2286 attulerat
1065 2250 1317 2286 Homericum
1337 2245 1537 2299 πολεμήϊα

869 2307 963 2359 ἔργα
994 2320 1042 2342 ex
1063 2307 1105 2344 Il.
1127 2308 1175 2354 Il,
1197 2309 1293 2347 338.
1316 2307 1421 2351 XIII,
1439 2308 1535 2346 727.

868 2366 933 2401 Tu
954 2363 1056 2400 conf.
1080 2364 1195 2399 etiam
1204 2364 1340 2400 TzetZ.
1354 2361 1452 2399 Chil.
1469 2364 1536 2410 111,

867 2423 964 2462 989.
1000 2442 1052 2447 -ψ
1096 2421 1141 2456 In
1180 2433 1285 2472 seqq.
1318 2419 1367 2457 ad
1399 2432 1535 2456 vocem

867 2473 1043 2529 λήματος
1065 2477 1168 2514 conf.
1187 2477 1233 2524 V,
1249 2479 1317 2517 72.

925 2533 992 2573 καὶ
1011 2532 1107 2573 ποσὶ
1123 2549 1191 2572 και
1216 2529 1378 2584 στοματι
1399 2546 1534 2584 κατερ-

869 2588 1061 2643 γάζεσθαι
1093 2587 1195 2642 πρὸς
1216 2605 1286 2629 τον
1307 2605 1358 2628 αν
1388 2600 1534 2640 προσε-

870 2648 1031 2702 νεχθῇ]
1065 2648 1090 2684 i.
1112 2661 1146 2684 e.
1167 2660 1224 2684 ore
1240 2646 1455 2697 pedibusque
1474 2644 1533 2681 al-

870 2706 1031 2742 laborare
1050 2718 1079 2741 s.
1097 2717 1261 2754 pugnare
1280 2716 1358 2740 cum
1380 2716 1428 2749 e0,
1443 2714 1532 2750 quo-

867 2774 945 2799 cum
966 2773 1169 2809 congressus
1188 2763 1330 2797 erit.—
1359 2760 1403 2793 In
1424 2769 1531 2808 seqq.

868 2817 1152 2855 distinctionem
1193 2823 1277 2867 post
1310 2809 1531 2866 βουλευσά-
