1897 3340
0 395 2 427 l

69 355 128 396 this
148 356 308 391 regressis.

68 391 98 418 in
117 392 276 425 nupt-rium
297 397 343 417 re-

68 426 213 454 sumitur.

402 234 486 274 276

798 228 1257 266 HERODOTI

402 340 511 386 ἄλλα
540 342 629 383 τῶν
655 333 928 395 κατεχόντὼν
956 337 1221 395 πρηγμάτων
1249 337 1534 394 χαλεπώτερα.
1574 338 1661 392 τρί-

348 534 435 564 ante
451 538 551 562 anno
565 521 716 577 Scythis
726 521 1006 561 Chersonesum

347 582 628 630 invadentibus,
648 582 739 630 fuga
753 594 793 618 se
812 581 1006 631 proripere

348 646 499 677 coactus
529 645 629 686 erat,
670 645 707 674 et
734 638 774 673 in
803 638 917 673 exilio
946 637 1006 674 vi-

347 704 428 734 tam
449 697 600 746 agere.“
658 695 702 730 In
724 706 800 745 qua
818 694 1006 743 interpre-

347 753 490 790 tatione
511 753 619 802 plura
628 751 759 798 inesse,
772 750 906 801 quibus
920 762 1006 785 me-

349 811 421 847 rito
447 807 713 854 offendamur,
754 807 852 842 bene
891 807 1007 842 sensit

349 868 407 904 vir
437 865 691 902 nobilissimus
724 861 905 914 idemque
935 861 1008 899 do·-

351 924 536 960 miss-imus
549 922 662 957 Liber
672 921 771 955 Baro
785 918 831 955 de
843 920 1008 955 Reizen-

349 981 445 1016 stein
460 1008 475 1026 ,.
492 979 557 1030 qui
576 978 729 1014 nuncin
740 974 935 1012 Badarum
947 987 1011 1011 re-

350 1036 422 1074 bus
443 1033 621 1085 regundis
648 1045 844 1070 summum
863 1044 885 1068 a
904 1032 1013 1082 prin-

352 1094 436 1143 cipe
475 1093 556 1142 ipso
596 1090 834 1127 serenissimo
869 1089 1014 1124 obtinet

351 1149 496 1189 locum.
515 1146 523 1154 ‘
554 1149 588 1183 Is
602 1147 717 1184 verba
736 1143 784 1184 τοὶ
802 1143 1015 1195 κατέχοντα

352 1201 565 1256 πρήγματα
610 1216 689 1239 non
720 1203 826 1238 aliter
857 1200 1015 1252 quidem

351 1275 398 1304 *ac
429 1261 709 1309 VVesselingius
743 1265 781 1295 et
811 1255 1015 1306 Schweig-

353 1316 485 1356 haeus.
508 1318 629 1366 accipi
648 1316 741 1362 vult,
764 1313 831 1352 sed
853 1314 948 1350 bene
970 1325 1016 1348 ea

341 1374 538 1424 ,distingui
555 1386 575 1410 a
595 1373 783 1423 prioribus
799 1371 930 1417 rebus,
967 1369 1015 1405 ab

352 1432 399 1469 iis
418 1432 512 1478 scil„
554 1442 645 1481 quas
658 1459 667 1477 ,
698 1435 783 1479 post
803 1425 1016 1464 nomadum

353 1488 615 1524 incursionem
644 1485 770 1521 redux
790 1485 924 1531 factus,
954 1483 1017 1518 in-

356 1545 483 1591 venit,
513 1549 653 1579 terram
687 1541 770 1577 dico
799 1553 821 1576 a
852 1540 1017 1576 barbaris

356 1607 544 1638 vastatam
573 1611 615 1634 ac
645 1597 874 1643 desolatam,
919 1608 1018 1648 quae

357 1656 544 1694 revocatis
569 1655 754 1704 prioribus
795 1652 927 1689 incolis
958 1651 1020 1688 vel

357 1726 490 1750 recens
509 1710 671 1747 inductis
687 1710 829 1747 colonis
852 1708 900 1745 ad
917 1709 1020 1758 prio-

358 1782 443 1806 rem
491 1768 592 1804 floris
632 1774 772 1804 statum
806 1763 1021 1802 revocanda

360 1832 440 1862 erat
452 1838 462 1873 ς
483 1836 581 1876 quae
591 1830 801 1874 sequuntur
812 1822 925 1859 verba
935 1820 1019 1870 τρί-

363 1897 418 1935 τῳ
442 1878 514 1931 μὲν
537 1877 611 1932 7⁰29
640 1879 714 1918 ἔτει
734 1894 770 1917 κ.
788 1893 822 1920 τ,
844 1881 877 1916 λ.
899 1889 1020 1928 usque

361 1936 412 1976 ad
435 1939 553 1973 finem
580 1937 722 1987 capitis,
745 1937 940 1972 interiecta
961 1934 1021 1969 vi-

362 1994 501 2032 dentur
521 1992 569 2030 ad
590 2005 634 2029 ea
655 1990 885 2038 enarranda,
926 2002 1024 2041 quae

362 2052 413 2088 ob
434 2051 514 2086 illas
545 2051 642 2100 ipsas
671 2062 751 2095 res„
783 2061 881 2099 quae
915 2048 1025 2083 illum

364 2119 482 2159 quam
501 2108 670 2142 maxime
689 2105 901 2151 tenuerint,
924 2103 1025 2139 acci-

366 2163 505 2200 derint.
597 2160 837 2198 Adverbium
884 2156 1026 2198 νεωστὶ

362 2219 469 2256 idem
498 2218 556 2255 vir
587 2219 847 2267 sagacissimus
868 2216 1026 2251 minime

366 2275 416 2313 de
445 2276 567 2326 primo
600 2272 778 2310 Miltiadis
805 2271 1026 2309 adventuin

367 2330 670 2375 Chersonesum,
703 2329 769 2366 sed
805 2329 851 2364 de
890 2326 1025 2373 reditu,

369 2388 546 2437 regressis
567 2385 732 2437 Scythis,
754 2385 912 2433 intelligi
933 2383 1026 2430 vult,

369 2457 462 2482 cum
482 2444 634 2479 initium
655 2455 736 2492 cap.
757 2441 814 2481 40
834 2447 935 2476 arcte
961 2452 1029 2475 co-

369 2500 528 2539 haereat
549 2502 609 2548 (qut
625 2494 818 2547 diximus)
850 2509 938 2533 cum
967 2507 1026 2546 cp.

369 2559 423 2598 33
463 2554 529 2592 fin.
567 2557 645 2592 sive
685 2567 774 2592 cum
816 2554 1029 2602 narratione

372 2612 420 2650 de
441 2611 662 2650 Chersonesi
683 2611 837 2647 urbibus
863 2608 1032 2645 Phoeni-

369 2682 461 2707 cum
481 2670 596 2706 classe
626 2667 873 2717 expugnatis,
905 2664 1030 2701 adhuc

371 2725 515 2777 (μέχρι
534 2721 638 2774 τότε)
673 2722 849 2760 Miltiadis
870 2723 1029 2772 imperio

372 2782 552 2830 subditis,
583 2785 742 2833 quinon
763 2779 929 2815 multum
944 2786 1031 2814 ante

374 2838 616 2878 Phoenicum
631 2836 839 2877 adventum
852 2833 1031 2887 (νεωστὶ)

798 2942 806 2961 l

1062 535 1151 560 cum
1173 535 1217 560 eo
1238 520 1430 570 rediisset,
1452 521 1573 558 multa
1594 519 1721 558 ossen-

1063 579 1117 616 dit
1139 577 1212 628 (τὰ
1234 578 1445 629 κατέχοντα
1464 574 1719 629 πρήγματα),

1061 637 1100 672 in
1123 637 1257 687 quibus
1279 634 1453 672 curandis
1473 635 1533 671 vel
1548 635 1723 684 graviora

1061 688 1309 744 χαλεπώτερα
1359 691 1594 741 (adventum
1636 690 1722 727 dico

1062 750 1186 786 classis
1203 747 1365 794 hostilis,
1397 748 1472 799 quai
1501 748 1633 796 fugam
1653 759 1724 797 pe-

1062 812 1141 842 tere
1171 812 1320 842 coactus
1342 806 1427 854 est)
1479 805 1725 854 supervenie-

1063 863 1169 900 bant.
1231 860 1340 897 Unde
1360 861 1555 911 sequitur,
1587 858 1726 896 eodem

1064 919 1145 956 viro
1171 924 1373 963 monente,
1412 915 1644 966 Scytharum
1663 917 1727 951 ἰη-

1068 975 1285 1012 cursionem
1310 974 1420 1010 tertio
1442 978 1528 1009 ante
1548 970 1727 1008 Miltiadis

1066 1032 1201 1081 sugam
1221 1031 1378 1066 alteram
1395 1041 1495 1065 anno
1513 1027 1726 1065 etsecundo

1071 1095 1158 1124 ante
1190 1087 1366 1123 Miletum
1387 1092 1561 1136 captam,
1594 1091 1728 1121 octavo

1070 1145 1130 1181 vel
1155 1156 1258 1179 nono
1279 1142 1476 1179 decimove
1492 1143 1606 1191 igitur
1625 1152 1728 1176 anno

1070 1206 1155 1250 post
1178 1201 1281 1235 Darii
1313 1198 1597 1249 expeditionem
1628 1197 1730 1234 acci-

1072 1256 1180 1293 disse.
1241 1254 1353 1300 Quod
1381 1256 1411 1291 si
1433 1253 1632 1300 sumeris,
1667 1252 1731 1290 vel

1071 1313 1207 1349 melius
1241 1311 1406 1361 singulas
1435 1324 1493 1347 res
1528 1310 1731 1347 convenire

1074 1375 1190 1420 patet.
1236 1370 1369 1419 ltaque
1390 1365 1567 1404 Miltiadis
1586 1367 1732 1416 fugam,

1073 1438 1163 1462 cum
1193 1423 1360 1475 Scythae
1394 1424 1552 1474 ingressi
1597 1428 1732 1468 esseut,

1073 1481 1180 1519 Idem
1198 1483 1261 1517 ille
1282 1482 1389 1532 ponit
1407 1481 1517 1517 tertio
1534 1486 1620 1516 ante
1631 1490 1734 1515 anno

1075 1551 1193 1591 quam
1212 1536 1381 1574 Athenas
1408 1536 1583 1584 redierit3
1618 1541 1734 1587 atque

1076 1608 1197 1646 quum
1231 1593 1391 1644 Scythas
1424 1594 1465 1629 in
1500 1591 1735 1629 Chersoneso

1076 1652 1170 1687 duos
1191 1657 1291 1687 certe
1313 1662 1431 1685 annos
1447 1649 1627 1685 mansisse
1642 1659 1736 1698 pro-

1075 1707 1198 1744 babile
1229 1708 1295 1753 sit,
1353 1707 1540 1756 tertioque
1575 1703 1736 1741 demum

1075 1762 1285 1800 Miltiadem
1299 1776 1319 1798 a
1329 1761 1508 1798 Doloncis
1521 1760 1734 1807 reductum,

1075 1821 1138 1856 ille
1173 1820 1317 1870 aliquot
1363 1816 1501 1854 abhinc
1544 1816 1737 1854 mensibus

1078 1876 1244 1925 (νεωστὶ
1263 1875 1388 1925 nuper)
1412 1874 1607 1911 advenisse
1626 1873 1737 1910 vide-

1076 1941 1150 1979 tur,
1172 1945 1293 1984 quum
1314 1933 1425 1968 rebus
1448 1944 1550 1968 nunc
1570 1935 1738 1966 tractan-

1081 1989 1136 2027 dis
1147 1990 1207 2025 vel
1222 1989 1424 2039 graviores,
1441 1988 1598 2024 classem
1607 1984 1739 2022 Phoe-

1080 2047 1211 2083 nicum
1262 2044 1346 2081 dico
1393 2044 1739 2095 supervenientem,

1081 2100 1311 2147 inciderent,
1344 2101 1480 2152 quibus
1508 2107 1551 2136 ut
1570 2097 1739 2135 Athenas

1082 2159 1317 2207 confugeret,
1339 2164 1489 2193 coactus
1511 2162 1578 2192 est.

1137 2216 1252 2266 τρίτῳ
1276 2212 1352 2252 ἔτεϊ
1366 2210 1544 2260 τούτων]
1588 2205 1740 2250 τούτων

1083 2269 1169 2307 dedi
1191 2283 1257 2319 pro
1279 2267 1525 2308 τουτέων.-
1543 2269 1652 2315 „lloc
1672 2279 1741 2317 per

1082 2341 1121 2363 se
1140 2327 1326 2376 positum,
1359 2332 1505 2375 poterat
1533 2326 1635 2361 tertio
1660 2325 1742 2373 post

1083 2396 1177 2420 auno
1207 2383 1417 2431 significare
1446 2383 1541 2418 sicut
1573 2378 1741 2432 δευτέρῳ

1085 2438 1163 2477 ἔτεϊ
1180 2437 1331 2477 τούτων
1351 2452 1433 2488 cap.
1450 2438 1503 2478 46
1524 2436 1590 2474 sed
1611 2449 1660 2473 ex
1670 2435 1741 2473 ad-

1086 2495 1221 2531 iunctis
1244 2494 1281 2532 h.
1305 2496 1330 2531 l.
1356 2495 1464 2531 facile
1485 2500 1651 2545 apparet,
1673 2496 1744 2530 ter-

1086 2555 1135 2588 tio
1171 2555 1253 2588 ante
1284 2565 1376 2588 anno
1410 2551 1588 2599 intelligi3
1637 2547 1743 2600 quod

1086 2610 1210 2659 ipsum
1231 2621 1384 2659 quoque
1399 2621 1491 2644 mox
1508 2608 1546 2642 in
1568 2606 1642 2641 line
1667 2604 1744 2641 hu-

1087 2667 1143 2701 ius
1165 2678 1247 2715 cap.
1273 2664 1408 2701 diserte
1421 2663 1643 2709 declaratur,
1659 2661 1744 2709 τρί-

1086 2736 1139 2760 τω
1162 2720 1239 2760 ἔτεϊ
1263 2717 1456 2773 πρότερον
1482 2721 1561 2758 τῶν
1581 2715 1664 2757 τότε
1675 2731 1744 2768 μιν

1087 2773 1340 2828 κατεχόντων.
1362 2779 1385 2796 “
1464 2776 1522 2814 Sc
1536 2775 1599 2812 law
1615 2773 1744 2823 et'glt.

1088 2835 1249 2884 Probat,
1284 2834 1389 2872 cuius
1408 2832 1524 2871 modo
1555 2831 1662 2869 attuli
1681 2831 1745 2866 iu-
