1897 3340
413 255 498 314 55⁰
814 274 849 309 H
877 274 910 309 E
940 274 973 310 R
1004 274 1034 310 ο
1065 274 1099 310 D
1129 273 1161 310 ο
1192 273 1230 311 Τ
1260 274 1279 310 1

286 383 355 428 67
413 396 516 437 φιος
555 378 579 424 ὁ
614 379 898 436 Ἀρταβάνου.
957 380 1151 425 Κάσπιοι
1189 381 1235 425 δὲ
1255 380 1466 438 σισύρνας
1494 397 1538 425 τε
1566 381 1681 427 ἐνδε·

83 457 204 520 Caspiii
243 458 358 521 {ara-1-
413 447 614 502 δυκότες,
655 449 728 492 καὶ
765 448 867 500 τόξα
907 448 1115 505 ἐπιχώρια
1155 449 1372 506 καλάμινα
1412 450 1578 506 ἔχοντες
1607 451 1681 494 καὶ

82 501 152 527 gae.
207 500 242 521 Μ
258 501 322 529 ω’
414 514 668 567 ἀκινάκεας,
701 517 1025 571 ἐστρατεύοντο.
1087 513 1214 562 οὗτοι
1252 518 1332 574 μὲν
1363 518 1477 562 οὕτω
1507 516 1683 561 ἐσκευά-

415 586 536 635 δατο,
563 583 758 639 ἡγεμόνα
789 583 1076 641 παρεχόμενοι
1102 584 1389 642 Ἀριόμαρδον
1415 585 1495 630 τόν
1518 583 1683 641 Ἀρτυ-

386 654 526 708 Ξφίου
557 650 787 706 ἀδελφεόν.
845 652 1077 708 Σαράγγαι
1106 655 1152 697 δὲ
1183 655 1336 709 εἵματα
1365 654 1444 710 μὲν
1473 653 1740 710 βεβαμμέ-55

415 737 472 764 να
501 719 740 774 ἐνέπρεπον
762 719 948 775 ἔχοντες·
979 721 1134 764 πέδιλα
1155 721 1201 765 δὲ
1230 722 1273 773 ἐς
1293 720 1404 776 γόνυ
1434 720 1686 764 ἀνατείνον-

386 794 472 831 3τα
512 784 637 842 εἶχον,
677 785 782 839 τόξα
811 786 857 830 δὲ
897 787 970 831 καὶ
1000 787 1155 843 αἰχμάς
1184 789 1400 845 Μηδικάς.
1459 788 1686 844 Σαραγγέ-

417 871 481 899 ων
511 855 557 899 δὲ
584 850 686 911 ἦρχε
710 855 981 911 Φερενδάτης
1010 855 1034 898 ὁ
1052 854 1334 912 Μεγαβάζου.
1395 856 1594 907 Πάκτυες
1623 848 1705 908 δὲ,

419 921 740 979 σισυρνοφόροι
769 939 814 967 τε
844 917 978 980 ἦσαν,
1007 924 1081 968 καὶ
1097 923 1201 977 τόξα
1229 923 1436 981 ἐπιχώρια
1465 921 1582 980 εἶχον
1611 924 1686 969 καὶ

562 1109 654 1161 Cap.
674 1109 829 1146 LXVII.

424 1183 603 1227 Κάσπιοι
624 1186 667 1227 δὲ
690 1183 883 1238 σισύρνας
897 1201 938 1226 τε
960 1184 1027 1226 ἐν·

366 1242 570 1291 δεδυκότες
592 1245 622 1292 ]“
670 1247 728 1281 De
770 1244 910 1295 Caspiis
943 1242 1022 1281 vid.

338 1327 340 1330 -
364 1308 462 1339 nott.
487 1300 535 1338 ad
555 1303 620 1348 ΙΙΙ,
643 1303 697 1343 92
727 1308 765 1337 et
786 1300 832 1338 de
852 1313 947 1338 voce
969 1312 1028 1339 σι-

367 1354 530 1409 σύρνας,
561 1359 667 1394 cuius
693 1358 778 1394 loco
798 1356 939 1394 Aldina
961 1370 1031 1393 ex-

367 1413 472 1452 hibet
494 1410 673 1467 σισύρας,
694 1421 791 1451 nott.
803 1413 850 1451 ad
861 1415 923 1461 IV,
941 1416 1031 1454 109.

368 1472 468 1508 Hinc
490 1472 604 1522 paulo
625 1478 709 1522 post
728 1470 879 1521 Pactyes
895 1469 1034 1507 dicun-

371 1535 438 1564 tur.
455 1524 752 1579 σισυρνοφόροι,
781 1529 848 1565 ubi
866 1540 944 1564 una
962 1526 1035 1563 Al-

371 1584 461 1621 dina
485 1581 763 1634 σισυροφόροι.
815 1583 877 1621 Ad
898 1596 1035 1622 vocem

371 1635 589 1687 ἄκινάκεας
609 1641 711 1677 cons.
733 1641 845 1677 citata
873 1639 931 1677 ad‘
951 1641 1033 1688 VII,

371 1695 425 1737 54
464 1703 501 1732 et
542 1695 590 1733 de
628 1697 753 1734 forma
793 1693 1033 1736 ἐσκευάδατο

369 1759 466 1790 nott.
489 1751 536 1788 ad
557 1753 638 1801 VII,
660 1755 725 1794 62.
767 1754 825 1790 De
846 1752 1034 1802 Sarangz's

373 1808 453 1846 dixi
474 1807 522 1845 ad
546 1811 612 1858 ΠΙ,
634 1810 700 1849 93.

430 1865 569 1916 εἵματα
589 1862 660 1916 μὲν
694 1862 925 1916 βεβαμμένα
949 1861 1034 1903 ἐνέ-

376 1935 529 1973 πρεπον
549 1921 729 1972 ἔχοντες]
761 1922 819 1958 Ita
839 1934 909 1972 pro
929 1922 1033 1971 vulg.

375 1977 526 2028 ἔχοντες
563 1977 782 2027 ἐνέπρεπον
816 1991 836 2014 e
875 1978 1037 2014 Floren-

373 2033 453 2071 tIuo
494 2047 598 2071 nunc
629 2033 787 2073 editum.
848 2033 1038 2083 Sarangae

373 2091 550 2140 conspicui
576 2094 675 2127 erant
695 2092 846 2128 vestibus
867 2093 988 2128 tinctis
1007 2104 1037 2129 s.

370 2149 491 2197 pictis.
547 2148 679 2196 Lange
717 2148 921 2185 vernacule
949 2146 1040 2184 red-

377 2202 490 2239 didit:
531 2206 595 2240 mz't
635 2202 819 2253 gffc'irbten
858 2202 1038 2252 Ιῑῒᾶιιίεῖη,

377 2272 449 2294 nec
461 2260 568 2294 aliter
577 2259 654 2295 fere
666 2261 829 2296 Heeren.
850 2258 906 2295 Id.
920 2260 949 2306 Ι,
966 2262 981 2298 1
1000 2273 1038 2309 p.

378 2314 482 2355 335:
515 2317 603 2361 „mit
623 2315 727 2351 sclob'n
753 2315 942 2364 gefiirbten
971 2316 1040 2352 Ge-

377 2370 601 2406 waendern.“
641 2371 712 2415 Qui
731 2370 833 2406 idem
854 2370 942 2407 inde
959 2372 1040 2407 col-

378 2427 472 2475 ligit,
493 2427 575 2463 illos
595 2428 655 2463 vel
682 2440 766 2463 suas
787 2425 960 2463 habuisse
981 2427 1042 2463 of-

378 2482 527 2529 ficinas,
565 2483 601 2518 in
633 2484 876 2534 q11ibustalia
903 2484 1041 2521 suerint

379 2545 508 2589 parata
529 2541 771 2587 vestimenta,
798 2541 857 2576 vel
879 2554 899 2575 e
920 2542 1043 2578 Persis

381 2594 559 2646 Indisque
581 2609 647 2646 por
659 2598 932 2633 commercium
949 2595 1042 2635 haec

383 2653 583 2702 accepisse,
605 2654 823 2703 praesertim
858 2667 946 2690 cum
968 2655 1043 2691 Sa-

383 2721 588 2759 rangai-um
617 2710 705 2745 urbs
726 2711 893 2760 capitalis
916 2710 962 2746 ad
985 2712 1042 2748 vi-

383 2778 467 2812 am,
499 2778 597 2816 quae
638 2764 829 2817 hodieque
870 2768 916 2802 ab
950 2768 1042 2804 urbe

382 2820 543 2872 Ispahan
586 2821 697 2859 ducat
735 2822 783 2859 ad
829 2822 1043 2871 Kandnhzm

385 2879 452 2915 sita
493 2879 550 2917 sit.
611 2878 671 2916 Ad
702 2880 933 2916 locutionem
974 2882 1045 2918 ob—

1083 1114 1205 1145 servat
1232 1106 1417 1147 Valcken.
1447 1107 1552 1146 idem
1578 1107 1652 1145 dici
1671 1121 1745 1160 po·

1081 1166 1196 1202 tuisse
1234 1164 1363 1216 εἵμασι
1389 1164 1654 1217 βεβαμμένοις
1694 1159 1745 1216 ἧ-

1084 1234 1159 1262 σαν
1178 1221 1388 1273 ἐμπρεπεῖς
1407 1224 1470 1259 vel
1503 1223 1746 1274 διαπρεπεῖς,

1086 1278 1284 1316 conferens
1315 1277 1398 1325 VII,
1429 1280 1496 1320 83.
1563 1280 1614 1316 Ut
1643 1279 1746 1315 enim

1086 1336 1167 1386 ipsa
1185 1336 1297 1372 vestis
1317 1334 1527 1386 splendida,
1546 1336 1599 1373 ita
1619 1336 1746 1384 etiam,

1090 1393 1156 1444 qui
1183 1392 1249 1428 tali
1284 1398 1436 1429 ornatus
1458 1399 1512 1429 est
1531 1399 1655 1440 veste,
1686 1405 1748 1429 ae-

1090 1461 1166 1500 que
1195 1447 1332 1485 dicitur
1362 1447 1589 1500 ἒμπρέπειν,
1611 1447 1749 1486 eodem

1090 1512 1247 1542 notante
1266 1503 1540 1557 Valcken.,qui
1560 1507 1650 1543 citat
1667 1507 1750 1542 Lu-

1091 1563 1190 1599 cian.
1210 1560 1370 1600 Advers.
1399 1560 1546 1599 Indoct.
1571 1563 1609 1608 ξ.
1630 1564 1656 1603 9
1679 1562 1750 1611 [Τ.

1089 1620 1177 1656 VIII
1198 1633 1235 1669 p.
1269 1621 1316 1658 11
1342 1619 1459 1669 Bip.]
1498 1625 1537 1655 et
1566 1617 1750 1670 Sophocl.

1089 1674 1192 1725 apud
1223 1675 1411 1712 Clement.
1440 1675 1553 1712 Alex.
1584 1674 1750 1725 paedag.

1089 1733 1141 1767 111
1171 1745 1210 1782 p.
1235 1732 1331 1778 286,
1351 1733 1378 1771 2
1399 1732 1486 1769 coll.
1506 1733 1680 1769 Piersou.
1701 1731 1749 1769 ad

1088 1789 1206 1825 Moer.
1223 1787 1386 1826 Praefat.
1410 1800 1499 1839 pag.
1529 1789 1666 1827 XLIII.

1147 1853 1286 1894 πέδιλα
1319 1852 1362 1894 δὲ
1396 1854 1436 1901 ές
1462 1851 1563 1907 γόνυ
1593 1850 1752 1894 άνατεί-

1091 1912 1237 1960 νοντα]
1266 1912 1292 1948 i.
1313 1925 1346 1950 e.
1365 1912 1504 1961 caligas
1522 1912 1572 1949 ad
1589 1924 1681 1961 genu
1691 1925 1755 1949 us-

1093 1981 1156 2019 que
1168 1970 1389 2019 pertinentes.
1417 1967 1531 2006 Haud
1551 1969 1658 2005 aliter
1674 1969 1755 2016 Vn,

1093 2027 1168 2067 72.-
1196 2023 1338 2064 πέδιλα
1359 2046 1411 2052 -
1429 2023 1470 2072 ἐς
1499 2023 1624 2076 μέσην
1655 2020 1756 2075 κνή-

1095 2095 1176 2132 μην
1204 2076 1462 2120 άνατείνοντα
1486 2082 1512 2120 i.
1546 2095 1579 2118 e.
1615 2081 1757 2130 caligas

1095 2138 1143 2175 ad
1152 2137 1299 2174 medium
1317 2150 1396 2174 crus
1407 2141 1638 2187 pertinentes;
1658 2150 1757 2189 quae

1094 2195 1209 2244 igitur
1219 2199 1388 2229 nontam
1403 2194 1499 2230 altae
1510 2200 1627 2242 erant,
1639 2207 1757 2246 quam

1096 2262 1194 2302 quae
1227 2248 1275 2286 ad
1304 2262 1406 2299 genu
1445 2263 1566 2302 usque
1597 2249 1757 2288 eductae

1097 2312 1215 2342 eraut.
1272 2306 1375 2342 Infra
1391 2306 1471 2354 VII,
1493 2309 1567 2348 88:
1599 2305 1642 2346 έν
1655 2310 1759 2346 τοῖσι

1096 2359 1263 2415 γούνασι
1290 2357 1492 2413 άπέταμον
1526 2360 1574 2402 τά
1610 2362 1759 2411 σκέλεα,

1098 2432 1196 2470 quae
1212 2417 1345 2454 eadem
1369 2417 1504 2458 σκέλεα
1521 2433 1550 2457 s.
1561 2433 1667 2457 crura
1679 2420 1760 2468 VII,

1099 2478 1166 2516 61.
1195 2476 1293 2522 vlu,
1329 2477 1394 2516 28.
1463 2477 1632 2514 Verbum
1662 2472 1760 2516 εἷνα-

1098 2531 1241 2570 τείνειν
1273 2539 1436 2583 utroque
1465 2534 1550 2571 loco
1578 2534 1763 2571 neutrali-

1099 2595 1157 2625 ter
1177 2588 1457 2640 accipiendtun.

1157 2653 1298 2706 αἰχμάς
1330 2652 1553 2706 Μηδικὰς]
1592 2654 1763 2693 medicae

1099 2710 1228 2749 hastae
1248 2713 1450 2763 longiores,
1473 2714 1627 2763 opinor,
1656 2713 1763 2749 fuere

1100 2769 1281 2816 Persicis,
1319 2782 1410 2821 quas
1432 2770 1563 2806 breves
1583 2782 1662 2807 esse
1682 2771 1764 2806 No-

1101 2832 1176 2862 ster
1197 2825 1341 2862 dixerat
1362 2826 1407 2871 V,
1429 2824 1496 2866 49.
1517 2827 1598 2873 Vll,
1629 2828 1696 2866 61.
1713 2847 1759 2852 —

1101 2884 1145 2919 In
1165 2895 1271 2934 seqq.
1295 2881 1343 2919 de
1365 2881 1559 2932 Pactyibus
1579 2881 1655 2920 vid.
1668 2889 1762 2920 noti.
