1897 3340
0 492 8 905 f

12 1021 110 1068 176

486 158 956 200 POLYMNIA.
1014 158 1114 196 VII.

1350 166 1433 206 713

174 272 342 314 νικῶσα
371 269 417 313 δὲ
451 268 601 326 γνώμη
631 268 809 325 ἐγένετο,
838 267 919 324 τήν
943 267 991 311 ἐν
1030 265 1337 324 Θερμοπύλῃσι
1368 272 1431 316 ἐσ-

175 338 312 393 βολήν
332 336 532 394 φυλάξαι.
590 335 830 392 στεινοτέρη
858 334 942 391 γὰρ
972 335 1176 391 ἐφαίνετο
1197 333 1331 378 ἐοῦσα
1359 343 1434 393 τῆς

175 406 219 456 ἐς
250 408 509 462 Θεσσαλίην,
547 407 621 450 καὶ
651 404 740 459 ἅμα
769 401 980 459 ἄγχοτέρη
1011 405 1095 457 [τε]
1125 405 1202 457 τῆς
1244 402 1433 448 ἑωυτῶν.

146 471 258 529 3τὴν
289 473 335 516 δὲ
366 471 582 528 ἀτραπὸν,
627 470 679 516 δι’
719 469 774 527 ἣν
812 471 989 527 ἥλωσαν
1019 473 1063 514 οἱ
1092 468 1268 521 ἁλόντες
1291 470 1436 527 Ἑλλή-

173 557 265 584 νων
286 542 333 585 ἓν
365 538 683 596 Θερμοπύλῃσι,
715 537 818 582 οὐδὲ
842 538 1004 596 ᾔδεσαν
1032 539 1194 582 ἐοῦσαν
1221 538 1437 593 πρότερον

173 608 283 664 ἤπερ
323 607 582 663 ἀπικόμενοι
625 607 668 659 ἐς
709 606 999 662 Θερμοπύλας
1035 606 1256 650 ἐπύθοντο
1290 610 1437 663 Τρηχι-
1450 616 1493 648 10

143 677 296 719 4νίων.
355 675 520 731 ταύτην
557 673 620 718 οἷν
659 674 978 731 ἐβουλεύσαντο
1022 674 1322 730 φυλάσσοντες
1357 675 1437 731 τὴν

175 743 382 800 ἐσβολήν,
423 743 482 799 μή
520 743 722 797 παριέναι
761 744 803 795 ἐς
841 743 919 799 τὴν
943 741 1136 786 τΕλλάδα
1165 742 1243 787 τὸν
1269 742 1438 798 βάρβα-

176 825 280 866 ρον·
310 811 389 855 τὸν
419 812 465 856 δὲ
495 810 704 855 ναυτικὸν
723 812 908 867 στρατὸν
935 809 1080 854 πλέειν
1109 813 1187 866 γῆς
1217 815 1292 866 τῆς
1318 808 1439 854 Ἱστι-

173 877 376 930 αιώτιδος
405 880 473 922 ἐπὶ
498 877 777 935 Ἀρτεμίσιον.
835 882 972 922 ταῦτα
1000 879 1082 935 γάρ
1113 876 1252 934 ἀγχοῦ
1284 893 1329 921 τε
1369 877 1440 922 οἳλ-
1498 881 1578 922 588

175 945 320 1003 λήλων
356 948 462 998 ἐστὶ,
504 946 613 990 ὥστε
641 946 946 991 πυνθάνεσθαι
975 946 1027 990 τὰ
1063 946 1174 990 κατὰ
1203 945 1434 1002 ἑκατέρους
1450 953 1493 989 15

177 1014 326 1057 ἐόντα·
372 1016 420 1058 οἴ
443 1031 488 1058 τε
515 1019 652 1071 χῶροι
682 1015 820 1066 οὕτως
849 1015 1007 1071 ἔχουσι.

1070 1018 1209 1058 Τοῦτο
1239 1015 1318 1070 μὲν
1329 1046 1338 1064 ,
1382 1015 1432 1060 τό

172 1079 442 1138 Ἀρτεμίσιον
487 1083 534 1128 ἐκ
572 1086 653 1127 τοῦ
691 1083 898 1139 πελάγεος
926 1086 1009 1127 τοῦ
1042 1083 1253 1140 Θρηϊκίου
1292 1083 1336 1137 ἐξ
1365 1083 1432 1128 εύ-

117 1249 185 1285 Gr.
207 1249 273 1289 Gr.
306 1251 343 1296 ξ.
361 1249 441 1292 574
463 1251 528 1287 fin.
550 1263 635 1302 pag.
652 1249 772 1291 1135.

116 1305 412 1344 Valckenaerius
444 1309 672 1345 excitaverat
692 1310 774 1344 He-

117 1361 201 1399 rod.
230 1365 260 1411 1,
297 1362 388 1404 114.
418 1365 466 1411 11,
500 1365 589 1405 151.
619 1366 685 1412 ΠΙ,
708 1367 772 1404 71.

117 1418 305 1457 Antonin.
325 1420 467 1469 V11‚41
487 1422 570 1459 coll.
595 1421 774 1467 Quinctil.

116 1476 209 1513 Inst.
241 1477 303 1515 Or.
338 1478 399 1526 VI,
435 1480 469 1524 1,
502 1476 569 1525 41,
609 1479 674 1514 ubi
695 1476 769 1514 hoc

118 1531 236 1569 modo
258 1546 300 1570 ex
328 1541 542 1584 usurpatur.
566 1557 616 1562 —-—
668 1535 773 1579 Quae

118 1597 331 1640 sequuntur
350 1606 375 1644 η
407 1605 444 1629 τε
467 1587 677 1641 στήσονται
699 1588 768 1631 τὸν

119 1641 302 1696 πόλεμον,
325 1645 442 1685 Schw
445 1646 709 1697 eighaeuserus
721 1650 773 1685 sic

120 1701 308 1740 reddidit:
361 1717 444 1753 quo
483 1704 495 1740 l
508 1718 586 1742 oco
625 1707 774 1742 institu-

121 1760 198 1795 turi
215 1761 284 1796 sint
304 1760 431 1798 bellum
459 1774 488 1799 S.
512 1774 700 1811 quamnam
718 1775 775 1798 se-

121 1813 198 1851 dem
224 1816 312 1853 bello
347 1819 417 1853 sint
452 1817 631 1855 delectari.
697 1819 776 1855 Ve-

121 1883 208 1907 reor
229 1879 271 1909 ut
290 1880 404 1910 recte.
464 1873 563 1918 Quid
585 1875 688 1910 enim
707 1888 777 1911 va-

120 1928 254 1965 lebunt
273 1930 387 1966 verba
404 1928 531 1966 addita
559 1930 626 1969 καὶ
655 1929 696 1970 ἐν
716 1931 777 1969 οἴ-

123 1996 204 2023 οισι
223 1980 419 2036 χεόροισιῖ)
477 1988 611 2038 Itaque
640 1988 774 2023 malim

120 2041 381 2091 interpretari:
423 2055 489 2092 quo
522 2044 621 2080 modo
651 2044 777 2081 bellum

122 2099 261 2145 gesturi
296 2112 326 2138 s.
357 2102 563 2137 z‘nstz'tuturi
593 2101 686 2147 sint,
735 2107 777 2137 ut

122 2154 204 2200 VII,
226 2156 307 2196 236
329 2162 365 2192 et
391 2157 637 2204 V11‚9§.2.
669 2158 779 2194 Stru-

124 2209 233 2246 vium
262 2212 292 2246 si
322 2211 519 2250 audiamus
549 2215 566 2249 Ι
600 2227 688 2285 paeg.
710 2216 776 2261 31,

126 2265 370 2303 scribendum
393 2270 461 2305 erit
476 2272 524 2322 τῆ
545 2283 612 2320 pro
635 2274 676 2324 ῄ.
715 2244 778 2307 Ad

125 2319 318 2371 ηνικωσα
337 2324 437 2362 conf.
459 2326 487 2371 Ι,
500 2328 565 2364 61.
584 2328 777 2369 Lambert,

125 2379 216 2415 Bos.
246 2379 396 2429 Ellipss.
426 2381 472 2416 L.
501 2381 567 2417 Gr.
599 2395 637 2431 p.
667 2385 720 2423 87
743 2390 780 2420 et

125 2434 167 2470 in
186 2448 265 2486 seq.
287 2435 334 2472 ad
356 2431 542 2486 αγχοτέρη
557 2436 691 2475 Matth.
713 2439 778 2476 Gr.

129 2491 196 2528 Gr.
240 2493 277 2537 ς.
315 2494 393 2532 132
433 2505 519 2542 pag·
559 2494 663 2541 255,
704 2507 779 2545 quo

129 2554 284 2584 auctore
361 2548 476 2584 etiam
533 2551 669 2586 vocula
717 2565 777 2599 τε,

128 2616 247 2654 quam
277 2617 346 2641 nos
376 2606 483 2642 uncis
511 2604 627 2642 modo
658 2607 782 2644 inclu-

127 2661 255 2708 simus,
279 2660 450 2698 delenda.
509 2661 615 2698 Idem
638 2663 673 2707 ξ.
701 2663 780 2703 558

127 2729 215 2768 pag.
238 2719 344 2758 1103
363 2717 615 2755 consulendus
635 2717 683 2755 ad
693 2732 781 2755 ver—

129 2773 176 2810 ba
195 2769 356 2825 ἥλωσαν
377 2774 420 2814 οἱ
456 2771 629 2822 ἁλόντες.
654 2798 703 2803 ——-
735 2776 779 2812 In

829 1263 935 1302 seqq.
972 1249 1021 1286 ad
1050 1251 1212 1288 verbum
1232 1249 1418 1303 παριέναι
1437 1251 1487 1288 cf.

828 1309 894 1356 III,
916 1311 982 1349 72.
1003 1309 1066 1355 IV,
1090 1308 1184 1348 146.

887 1367 961 1416 γῆς
984 1367 1055 1413 τῆς
1075 1359 1375 1412 Ἱστιαιώτιδος]
1398 1365 1481 1400 Eu-

832 1422 950 1459 boeae
979 1422 1123 1458 insulae
1150 1422 1374 1471 intelligitur
1397 1433 1482 1471 pars

830 1479 1142 1529 septentr10nalis⁷
1165 1491 1262 1530 quae
1291 1491 1311 1513 e
1330 1479 1486 1527 regione

829 1535 1081 1573 Histiaeotidis
1096 1534 1317 1572 Thessalicae
1327 1533 1392 1582 (de
1408 1533 1483 1586 qu&

828 1591 906 1628 vid.
936 1599 1031 1629 nott.
1057 1591 1105 1628 ad
1135 1593 1164 1639 Ι,
1187 1592 1269 1639 56)
1307 1591 1376 1628 sita
1408 1597 1487 1627 erat

829 1648 997 1700 indeque
1038 1649 1153 1685 etiam
1191 1649 1276 1685 tulit
1324 1660 1480 1684 nomen.

831 1707 940 1743 Hauc
981 1704 1163 1756 Ἱστιαίην
1202 1707 1337 1742 Noster
1375 1710 1486 1741 vocat

829 1764 931 1810 VIII,
958 1765 1010 1802 23
1025 1792 1034 1810 ,
1077 1774 1192 1813 quam
1237 1760 1485 1811 Thucydides

831 1820 913 1867 Vll,
936 1818 988 1859 57
1018 1819 1104 1855 coll.
1126 1821 1154 1865 Ι,
1188 1819 1239 1859 98
1271 1824 1306 1853 et
1333 1818 1487 1854 Plutar-

833 1874 925 1912 chus
947 1876 1138 1925 appellant
1155 1873 1373 1912 Ἑστίαιαν.
1395 1873 1481 1910 Vid.

833 1934 968 1982 Poppo
990 1930 1211 1983 Thucydid.
1237 1932 1265 1977 Ι,
1288 1933 1313 1970 2
1333 1944 1370 1981 p.
1388 1932 1481 1971 267.

833 1991 926 2029 268.
947 1990 1134 2027 Manuert.
1168 1989 1310 2038 Geogr.
1338 1988 1424 2025 vlu
1443 2000 1482 2038 p.

833 2043 914 2085 246
935 2058 1043 2097 seqq.
1066 2044 1147 2086 249
1160 2058 1266 2097 seqq.

998 2135 1089 2185 Cap.
1113 2134 1319 2172 CLXXVI.

889 2209 931 2253 τό
953 2208 1224 2265 Ἀρτεμίσιον]
1266 2214 1489 2251 Artemisium

832 2270 1013 2307 Euboeae
1056 2271 1384 2321 promontorium,
1436 2270 1485 2307 ad

837 2325 940 2378 quod
967 2328 1203 2365 Graecorum
1232 2327 1356 2364 classis
1397 2340 1486 2364 cum

835 2385 958 2420 Persis
978 2384 1161 2431 conflixit,
1181 2391 1321 2420 norunt
1331 2382 1486 2423 Diodor.

837 2440 913 2477 Sic.
934 2442 1002 2487 XI,
1026 2443 1089 2481 12.
1111 2439 1303 2482 Plutarch,
1325 2439 1489 2477 Themi-

836 2496 942 2532 stocl.
971 2499 996 2537 8
1008 2523 1023 2541 ,
1052 2498 1119 2533 ubi
1150 2497 1332 2534 editorem
1352 2509 1487 2533 recen-

836 2553 1023 2588 tissimum
1057 2567 1136 2590 non
1176 2555 1274 2604 fugit
1307 2551 1490 2589 Herodoti

836 2608 962 2657 Ιοουε,
993 2610 1143 2648 Cornel.
1180 2613 1275 2660 Nep.
1297 2607 1483 2646 Themist.

837 2666 861 2703 3
900 2666 937 2710 ᾧ.
958 2669 996 2712 2,
1031 2668 1106 2703 alii.
1168 2667 1271 2706 Add.
1297 2666 1485 2703 Mannert.

828 2720 861 2784 Ἰ.
877 2721 903 2762 l.
925 2736 964 2772 p.
983 2723 1080 2765 250.

890 2776 933 2818 ἐκ
956 2782 1028 2820 τοῦ
1054 2776 1242 2830 πελάγεος
1266 2780 1338 2819 τοῦ
1364 2779 1485 2830 Θρηϊ-

1491 1032 1572 1060 Situs
1591 1032 1699 1062 horum
1722 1033 1764 1062 Ιο-

1491 1075 1604 1095 corum.
