<?xml version="1.0" encoding="UTF-8"?>
<!DOCTYPE html PUBLIC "-//W3C//DTD XHTML 1.0 Transitional//EN"
    "http://www.w3.org/TR/xhtml1/DTD/xhtml1-transitional.dtd">
<html xmlns="http://www.w3.org/1999/xhtml" xml:lang="en" lang="en">
 <head>
  <title>
</title>
<meta http-equiv="Content-Type" content="text/html;charset=utf-8" />
  <meta name='ocr-system' content='tesseract 3.04.00' />
  <meta name='ocr-capabilities' content='ocr_page ocr_carea ocr_par ocr_line ocrx_word'/>
</head>
<body>
  <div class='ocr_page' id='page_1' title='image "./musaeher03hero/musaeher03hero_0360.png"; bbox 0 0 1897 3340; ppageno 0'>
   <div class='ocr_carea' id='block_1_1' title="bbox 0 2340 9 2520">
    <p class='ocr_par' dir='ltr' id='par_1_1' title="bbox 0 2340 9 2520">
     <span class='ocr_line' id='line_1_1' title="bbox 0 2340 9 2520; textangle 90"><span class='ocrx_word' id='word_1_1' title='bbox 0 2340 9 2520; x_wconf 44' lang='lat' dir='ltr'><em>-..van-...—</em></span> 
     </span>
    </p>
   </div>
   <div class='ocr_carea' id='block_1_2' title="bbox 0 2914 36 3340">
    <p class='ocr_par' dir='ltr' id='par_1_2' title="bbox 0 2914 36 3340">
     <span class='ocr_line' id='line_1_2' title="bbox 0 2914 36 3340; textangle 90"><span class='ocrx_word' id='word_1_2' title='bbox 0 3246 27 3340; x_wconf 52' lang='lat' dir='ltr'><em>r-</em></span> <span class='ocrx_word' id='word_1_3' title='bbox 0 2972 28 3206; x_wconf 46' lang='lat' dir='ltr'><em>*nv</em></span> <span class='ocrx_word' id='word_1_4' title='bbox 8 2914 36 2923; x_wconf 77' lang='lat'><strong><em>;</em></strong></span> 
     </span>
    </p>
   </div>
   <div class='ocr_carea' id='block_1_3' title="bbox 384 250 1239 293">
    <p class='ocr_par' dir='ltr' id='par_1_3' title="bbox 384 250 1239 293">
     <span class='ocr_line' id='line_1_3' title="bbox 384 250 1239 293; baseline -0.008 0"><span class='ocrx_word' id='word_1_5' title='bbox 384 255 467 293; x_wconf 71' lang='lat'><em>348</em></span> <span class='ocrx_word' id='word_1_6' title='bbox 784 250 1239 288; x_wconf 84' lang='lat' dir='ltr'><strong>HERODOTI</strong></span> 
     </span>
    </p>
   </div>
   <div class='ocr_carea' id='block_1_4' title="bbox 331 355 1699 1762">
    <p class='ocr_par' dir='ltr' id='par_1_4' title="bbox 331 355 1699 1762">
     <span class='ocr_line' id='line_1_4' title="bbox 387 355 1637 415; baseline -0.003 -13"><span class='ocrx_word' id='word_1_7' title='bbox 387 359 530 412; x_wconf 61' lang='grc' dir='ltr'><em>,ῥέξαι</em></span> <span class='ocrx_word' id='word_1_8' title='bbox 550 359 620 402; x_wconf 82' lang='grc' dir='ltr'><em>καὶ</em></span> <span class='ocrx_word' id='word_1_9' title='bbox 634 356 733 402; x_wconf 80' lang='grc' dir='ltr'><em>τάδε</em></span> <span class='ocrx_word' id='word_1_10' title='bbox 754 359 806 402; x_wconf 84' lang='grc' dir='ltr'><em>τὰ</em></span> <span class='ocrx_word' id='word_1_11' title='bbox 826 359 1021 415; x_wconf 81' lang='grc' dir='ltr'><em>σύμβολα</em></span> <span class='ocrx_word' id='word_1_12' title='bbox 1042 362 1143 412; x_wconf 78' lang='grc' dir='ltr'><em>σῶζε</em></span> <span class='ocrx_word' id='word_1_13' title='bbox 1162 356 1323 414; x_wconf 82' lang='grc' dir='ltr'><em>λαβών·</em></span> <span class='ocrx_word' id='word_1_14' title='bbox 1346 355 1393 407; x_wconf 77' lang='grc' dir='ltr'><em>ὃς</em></span> <span class='ocrx_word' id='word_1_15' title='bbox 1414 355 1451 400; x_wconf 78' lang='grc' dir='ltr'><em>δ’</em></span> <span class='ocrx_word' id='word_1_16' title='bbox 1466 356 1521 399; x_wconf 74' lang='grc' dir='ltr'><em>ἄν</em></span> <span class='ocrx_word' id='word_1_17' title='bbox 1533 358 1637 412; x_wconf 78' lang='grc' dir='ltr'><em>ἔχων</em></span> 
     </span>
     <span class='ocr_line' id='line_1_5' title="bbox 383 423 1634 483; baseline -0.003 -14"><span class='ocrx_word' id='word_1_18' title='bbox 383 431 544 478; x_wconf 86' lang='grc' dir='ltr'><em>,,ταῦτα</em></span> <span class='ocrx_word' id='word_1_19' title='bbox 573 425 774 482; x_wconf 76' lang='grc' dir='ltr'><strong><em>ἀπαιτέῃ,</em></strong></span> <span class='ocrx_word' id='word_1_20' title='bbox 799 426 939 483; x_wconf 85' lang='grc' dir='ltr'><em>τούτῳ</em></span> <span class='ocrx_word' id='word_1_21' title='bbox 970 424 1229 469; x_wconf 85' lang='grc' dir='ltr'><em>ἀποδοῦναι.</em></span> <span class='ocrx_word' id='word_1_22' title='bbox 1281 425 1330 468; x_wconf 91' lang='grc' dir='ltr'>Ὁ</span> <span class='ocrx_word' id='word_1_23' title='bbox 1358 424 1436 480; x_wconf 77' lang='grc' dir='ltr'><em>μὲν</em></span> <span class='ocrx_word' id='word_1_24' title='bbox 1466 423 1518 478; x_wconf 79' lang='grc' dir='ltr'><em>δή</em></span> <span class='ocrx_word' id='word_1_25' title='bbox 1550 423 1634 466; x_wconf 77' lang='grc' dir='ltr'><em>ἀπὸ</em></span> 
     </span>
     <span class='ocr_line' id='line_1_6' title="bbox 385 491 1695 549; baseline -0.004 -12"><span class='ocrx_word' id='word_1_26' title='bbox 385 492 614 549; x_wconf 88' lang='grc' dir='ltr'><em>,,Μιλήτου</em></span> <span class='ocrx_word' id='word_1_27' title='bbox 643 492 763 549; x_wconf 79' lang='grc' dir='ltr'><em>ἥκων</em></span> <span class='ocrx_word' id='word_1_28' title='bbox 793 495 928 545; x_wconf 83' lang='grc' dir='ltr'><em>ξεῖνος</em></span> <span class='ocrx_word' id='word_1_29' title='bbox 957 497 1146 536; x_wconf 87' lang='grc' dir='ltr'><em>τοσαῦτα</em></span> <span class='ocrx_word' id='word_1_30' title='bbox 1178 493 1309 545; x_wconf 80' lang='grc' dir='ltr'><em>ἔλεξε·</em></span> <span class='ocrx_word' id='word_1_31' title='bbox 1359 495 1557 542; x_wconf 79' lang='grc' dir='ltr'><em>Γλαῦκος</em></span> <span class='ocrx_word' id='word_1_32' title='bbox 1587 491 1633 534; x_wconf 83' lang='grc' dir='ltr'><em>δὲ</em></span> <span class='ocrx_word' id='word_1_33' title='bbox 1648 495 1695 531; x_wconf 82' lang='grc'><em>40</em></span> 
     </span>
     <span class='ocr_line' id='line_1_7' title="bbox 386 558 1635 617; baseline -0.004 -11"><span class='ocrx_word' id='word_1_34' title='bbox 386 562 583 614; x_wconf 81' lang='grc' dir='ltr'><em>,,έδέξατο</em></span> <span class='ocrx_word' id='word_1_35' title='bbox 630 561 710 616; x_wconf 82' lang='grc' dir='ltr'><em>τήν</em></span> <span class='ocrx_word' id='word_1_36' title='bbox 746 560 1009 617; x_wconf 81' lang='grc' dir='ltr'><strong><em>παραθήκην</em></strong></span> <span class='ocrx_word' id='word_1_37' title='bbox 1047 561 1114 603; x_wconf 81' lang='grc' dir='ltr'><em>ἐπὶ</em></span> <span class='ocrx_word' id='word_1_38' title='bbox 1161 565 1219 617; x_wconf 79' lang='grc' dir='ltr'><em>τῷ</em></span> <span class='ocrx_word' id='word_1_39' title='bbox 1264 558 1473 617; x_wconf 80' lang='grc' dir='ltr'><strong><em>εἰρημένῳ</em></strong></span> <span class='ocrx_word' id='word_1_40' title='bbox 1510 558 1635 617; x_wconf 81' lang='grc' dir='ltr'><em>λόγῳ.</em></span> 
     </span>
     <span class='ocr_line' id='line_1_8' title="bbox 353 623 1637 685; baseline -0.001 -15"><span class='ocrx_word' id='word_1_41' title='bbox 353 638 374 670; x_wconf 88' lang='grc'>9</span> <span class='ocrx_word' id='word_1_42' title='bbox 389 628 594 685; x_wconf 88' lang='grc' dir='ltr'><em>,,Χρόνου</em></span> <span class='ocrx_word' id='word_1_43' title='bbox 618 629 663 671; x_wconf 78' lang='grc' dir='ltr'><em>δὲ</em></span> <span class='ocrx_word' id='word_1_44' title='bbox 680 632 843 671; x_wconf 86' lang='grc' dir='ltr'><em>πολλοῦ</em></span> <span class='ocrx_word' id='word_1_45' title='bbox 875 628 1136 679; x_wconf 84' lang='grc' dir='ltr'><em>διελθόντος,</em></span> <span class='ocrx_word' id='word_1_46' title='bbox 1167 623 1308 685; x_wconf 73' lang='grc' dir='ltr'><em>ἦλθον</em></span> <span class='ocrx_word' id='word_1_47' title='bbox 1336 628 1377 678; x_wconf 81' lang='grc' dir='ltr'><em>ἐς</em></span> <span class='ocrx_word' id='word_1_48' title='bbox 1395 627 1474 684; x_wconf 67' lang='grc' dir='ltr'><em>τήν</em></span> <span class='ocrx_word' id='word_1_49' title='bbox 1491 626 1637 681; x_wconf 83' lang='grc' dir='ltr'><em>Σπάρ-</em></span> 
     </span>
     <span class='ocr_line' id='line_1_9' title="bbox 383 695 1637 753; baseline -0.003 -13"><span class='ocrx_word' id='word_1_50' title='bbox 383 714 488 753; x_wconf 66' lang='lat' dir='ltr'><em>„mv</em></span> <span class='ocrx_word' id='word_1_51' title='bbox 515 696 677 739; x_wconf 82' lang='grc' dir='ltr'><em>τούτου</em></span> <span class='ocrx_word' id='word_1_52' title='bbox 705 699 788 738; x_wconf 83' lang='grc' dir='ltr'><em>τοῦ</em></span> <span class='ocrx_word' id='word_1_53' title='bbox 816 695 1125 751; x_wconf 84' lang='grc' dir='ltr'><em>παραθεμένου</em></span> <span class='ocrx_word' id='word_1_54' title='bbox 1153 695 1206 738; x_wconf 72' lang='grc' dir='ltr'><em>τοὶ</em></span> <span class='ocrx_word' id='word_1_55' title='bbox 1236 695 1430 751; x_wconf 86' lang='grc' dir='ltr'><em>χρήματα</em></span> <span class='ocrx_word' id='word_1_56' title='bbox 1467 696 1509 737; x_wconf 84' lang='grc' dir='ltr'><em>οἱ</em></span> <span class='ocrx_word' id='word_1_57' title='bbox 1545 698 1637 737; x_wconf 87' lang='grc' dir='ltr'><em>παῖ-</em></span> 
     </span>
     <span class='ocr_line' id='line_1_10' title="bbox 384 761 1638 820; baseline -0.003 -12"><span class='ocrx_word' id='word_1_58' title='bbox 384 767 504 818; x_wconf 83' lang='grc' dir='ltr'><em>,,δες·</em></span> <span class='ocrx_word' id='word_1_59' title='bbox 536 762 733 814; x_wconf 74' lang='grc' dir='ltr'><strong>ἐλθόντες</strong></span> <span class='ocrx_word' id='word_1_60' title='bbox 763 763 809 806; x_wconf 82' lang='grc' dir='ltr'><em>δὲ</em></span> <span class='ocrx_word' id='word_1_61' title='bbox 839 763 880 814; x_wconf 84' lang='grc' dir='ltr'><em>ές</em></span> <span class='ocrx_word' id='word_1_62' title='bbox 909 761 1067 818; x_wconf 80' lang='grc' dir='ltr'><em>λόγους</em></span> <span class='ocrx_word' id='word_1_63' title='bbox 1095 766 1155 818; x_wconf 83' lang='grc' dir='ltr'><em>τῷ</em></span> <span class='ocrx_word' id='word_1_64' title='bbox 1189 763 1396 820; x_wconf 81' lang='grc' dir='ltr'><em>Γλαύκῳ,</em></span> <span class='ocrx_word' id='word_1_65' title='bbox 1434 763 1507 805; x_wconf 79' lang='grc' dir='ltr'><em>καὶ</em></span> <span class='ocrx_word' id='word_1_66' title='bbox 1537 761 1638 805; x_wconf 83' lang='grc' dir='ltr'><em>οἷπο-</em></span> 
     </span>
     <span class='ocr_line' id='line_1_11' title="bbox 388 828 1634 886; baseline -0.002 -13"><span class='ocrx_word' id='word_1_67' title='bbox 388 828 658 883; x_wconf 82' lang='grc' dir='ltr'><em>,,δεικνύντες</em></span> <span class='ocrx_word' id='word_1_68' title='bbox 710 830 760 872; x_wconf 79' lang='grc' dir='ltr'><em>τὰ</em></span> <span class='ocrx_word' id='word_1_69' title='bbox 813 830 1029 886; x_wconf 80' lang='grc' dir='ltr'><em>σύμβολα,</em></span> <span class='ocrx_word' id='word_1_70' title='bbox 1084 828 1290 873; x_wconf 76' lang='grc' dir='ltr'><em>ἀπαίτεον</em></span> <span class='ocrx_word' id='word_1_71' title='bbox 1331 830 1384 873; x_wconf 80' lang='grc' dir='ltr'><em>τὰ</em></span> <span class='ocrx_word' id='word_1_72' title='bbox 1427 830 1634 886; x_wconf 83' lang='grc' dir='ltr'><em>χρήματα.</em></span> 
     </span>
     <span class='ocr_line' id='line_1_12' title="bbox 332 896 1692 953; baseline -0.001 -13"><span class='ocrx_word' id='word_1_73' title='bbox 332 896 435 949; x_wconf 87' lang='grc' dir='ltr'><em>10,,ὁ</em></span> <span class='ocrx_word' id='word_1_74' title='bbox 471 897 516 940; x_wconf 82' lang='grc' dir='ltr'><em>δὲ</em></span> <span class='ocrx_word' id='word_1_75' title='bbox 556 896 781 948; x_wconf 82' lang='grc' dir='ltr'><em>διωθέετο,</em></span> <span class='ocrx_word' id='word_1_76' title='bbox 826 896 1250 953; x_wconf 73' lang='grc' dir='ltr'><em>ἀντυποκρινόμενος</em></span> <span class='ocrx_word' id='word_1_77' title='bbox 1302 896 1464 941; x_wconf 81' lang='grc' dir='ltr'><em>τοιάδε·</em></span> <span class='ocrx_word' id='word_1_78' title='bbox 1530 896 1692 940; x_wconf 81' lang='grc' dir='ltr'><em>Οὔτε45</em></span> 
     </span>
     <span class='ocr_line' id='line_1_13' title="bbox 385 963 1637 1021; baseline 0.002 -15"><span class='ocrx_word' id='word_1_79' title='bbox 385 964 627 1020; x_wconf 57' lang='grc' dir='ltr'><em>,μέμνημαι</em></span> <span class='ocrx_word' id='word_1_80' title='bbox 654 963 702 1007; x_wconf 86' lang='grc' dir='ltr'>τὸ</span> <span class='ocrx_word' id='word_1_81' title='bbox 732 967 929 1021; x_wconf 84' lang='grc' dir='ltr'><em>πρῆγμα,</em></span> <span class='ocrx_word' id='word_1_82' title='bbox 967 964 1067 1009; x_wconf 80' lang='grc' dir='ltr'><em>οὔτε</em></span> <span class='ocrx_word' id='word_1_83' title='bbox 1096 980 1148 1021; x_wconf 79' lang='grc' dir='ltr'><em>με</em></span> <span class='ocrx_word' id='word_1_84' title='bbox 1173 964 1398 1020; x_wconf 87' lang='grc' dir='ltr'><em>περιφέρει</em></span> <span class='ocrx_word' id='word_1_85' title='bbox 1427 963 1557 1008; x_wconf 78' lang='grc' dir='ltr'><em>οὐδὲν</em></span> <span class='ocrx_word' id='word_1_86' title='bbox 1586 971 1637 1010; x_wconf 84' lang='grc' dir='ltr'><em>εἰ-</em></span> 
     </span>
     <span class='ocr_line' id='line_1_14' title="bbox 385 1030 1638 1088; baseline -0.001 -13"><span class='ocrx_word' id='word_1_87' title='bbox 385 1032 535 1083; x_wconf 85' lang='grc' dir='ltr'><em>,,δέναι</em></span> <span class='ocrx_word' id='word_1_88' title='bbox 563 1030 734 1074; x_wconf 83' lang='grc' dir='ltr'><em>τούτων</em></span> <span class='ocrx_word' id='word_1_89' title='bbox 763 1035 851 1075; x_wconf 79' lang='grc' dir='ltr'><em>τῶν</em></span> <span class='ocrx_word' id='word_1_90' title='bbox 877 1031 1001 1088; x_wconf 77' lang='grc' dir='ltr'><em>ὑμεῖς</em></span> <span class='ocrx_word' id='word_1_91' title='bbox 1029 1031 1191 1088; x_wconf 81' lang='grc' dir='ltr'><em>λέγετε·</em></span> <span class='ocrx_word' id='word_1_92' title='bbox 1220 1031 1438 1088; x_wconf 82' lang='grc' dir='ltr'><em>βούλομαί</em></span> <span class='ocrx_word' id='word_1_93' title='bbox 1465 1047 1510 1075; x_wconf 88' lang='grc' dir='ltr'><em>τε</em></span> <span class='ocrx_word' id='word_1_94' title='bbox 1540 1030 1638 1074; x_wconf 79' lang='grc' dir='ltr'><em>α’να-</em></span> 
     </span>
     <span class='ocr_line' id='line_1_15' title="bbox 386 1098 1641 1155; baseline 0 -14"><span class='ocrx_word' id='word_1_95' title='bbox 386 1099 620 1155; x_wconf 78' lang='grc' dir='ltr'><em>,,μνησθεὶς</em></span> <span class='ocrx_word' id='word_1_96' title='bbox 649 1100 812 1143; x_wconf 81' lang='grc' dir='ltr'><em>ποιέειν</em></span> <span class='ocrx_word' id='word_1_97' title='bbox 829 1103 918 1142; x_wconf 81' lang='grc' dir='ltr'><em>πᾶν</em></span> <span class='ocrx_word' id='word_1_98' title='bbox 956 1098 1004 1143; x_wconf 78' lang='grc' dir='ltr'><em>τό</em></span> <span class='ocrx_word' id='word_1_99' title='bbox 1035 1101 1222 1143; x_wconf 83' lang='grc' dir='ltr'><em>δίκαιον·</em></span> <span class='ocrx_word' id='word_1_100' title='bbox 1262 1100 1334 1143; x_wconf 81' lang='grc' dir='ltr'><em>καὶ</em></span> <span class='ocrx_word' id='word_1_101' title='bbox 1364 1099 1446 1155; x_wconf 79' lang='grc' dir='ltr'><em>γὰρ</em></span> <span class='ocrx_word' id='word_1_102' title='bbox 1483 1101 1520 1143; x_wconf 88' lang='grc' dir='ltr'><em>εἰ</em></span> <span class='ocrx_word' id='word_1_103' title='bbox 1552 1100 1641 1143; x_wconf 73' lang='grc' dir='ltr'><em>ἔλα·</em></span> 
     </span>
     <span class='ocr_line' id='line_1_16' title="bbox 386 1165 1697 1223; baseline 0 -14"><span class='ocrx_word' id='word_1_104' title='bbox 386 1169 507 1222; x_wconf 82' lang='grc' dir='ltr'><em>,,βον,</em></span> <span class='ocrx_word' id='word_1_105' title='bbox 539 1166 685 1221; x_wconf 76' lang='grc' dir='ltr'><em>ὀρθῶς</em></span> <span class='ocrx_word' id='word_1_106' title='bbox 704 1165 949 1211; x_wconf 68' lang='grc' dir='ltr'><em>ἀποδοῦναι</em></span> <span class='ocrx_word' id='word_1_107' title='bbox 964 1182 975 1193; x_wconf 90' lang='grc'>·</span> <span class='ocrx_word' id='word_1_108' title='bbox 1005 1167 1077 1211; x_wconf 85' lang='grc' dir='ltr'><em>καὶ</em></span> <span class='ocrx_word' id='word_1_109' title='bbox 1108 1169 1147 1211; x_wconf 81' lang='grc' dir='ltr'><em>εἴ</em></span> <span class='ocrx_word' id='word_1_110' title='bbox 1167 1184 1214 1223; x_wconf 76' lang='grc' dir='ltr'><em>γε</em></span> <span class='ocrx_word' id='word_1_111' title='bbox 1238 1165 1371 1223; x_wconf 75' lang='grc' dir='ltr'><em>ἀρχὴν</em></span> <span class='ocrx_word' id='word_1_112' title='bbox 1390 1167 1447 1223; x_wconf 82' lang='grc' dir='ltr'><em>μή</em></span> <span class='ocrx_word' id='word_1_113' title='bbox 1471 1167 1640 1223; x_wconf 73' lang='grc' dir='ltr'><em>ἔλαβον,</em></span> <span class='ocrx_word' id='word_1_114' title='bbox 1654 1173 1697 1205; x_wconf 88' lang='grc'><em>50</em></span> 
     </span>
     <span class='ocr_line' id='line_1_17' title="bbox 333 1232 1642 1292; baseline 0.002 -16"><span class='ocrx_word' id='word_1_115' title='bbox 333 1232 589 1289; x_wconf 84' lang='grc' dir='ltr'><em>11,,νόμοισι</em></span> <span class='ocrx_word' id='word_1_116' title='bbox 619 1239 732 1278; x_wconf 87' lang='grc' dir='ltr'><em>τοῖσι</em></span> <span class='ocrx_word' id='word_1_117' title='bbox 755 1233 974 1290; x_wconf 86' lang='grc' dir='ltr'><em>Ἑλλήνων</em></span> <span class='ocrx_word' id='word_1_118' title='bbox 1001 1234 1214 1292; x_wconf 81' lang='grc' dir='ltr'><em>χρήσομαι</em></span> <span class='ocrx_word' id='word_1_119' title='bbox 1241 1235 1282 1286; x_wconf 84' lang='grc' dir='ltr'><em>ές</em></span> <span class='ocrx_word' id='word_1_120' title='bbox 1311 1233 1459 1291; x_wconf 78' lang='grc' dir='ltr'><em>ὑμέας.</em></span> <span class='ocrx_word' id='word_1_121' title='bbox 1506 1238 1642 1278; x_wconf 84' lang='grc' dir='ltr'><em>ταῦτα</em></span> 
     </span>
     <span class='ocr_line' id='line_1_18' title="bbox 386 1297 1642 1359; baseline 0.001 -15"><span class='ocrx_word' id='word_1_122' title='bbox 386 1297 477 1354; x_wconf 53' lang='grc' dir='ltr'><em>ῃῶν</em></span> <span class='ocrx_word' id='word_1_123' title='bbox 505 1300 610 1357; x_wconf 77' lang='grc' dir='ltr'><em>ὑμῖν</em></span> <span class='ocrx_word' id='word_1_124' title='bbox 641 1300 938 1358; x_wconf 79' lang='grc' dir='ltr'><em>ἀναβάλλομαι</em></span> <span class='ocrx_word' id='word_1_125' title='bbox 965 1301 1183 1356; x_wconf 79' lang='grc' dir='ltr'><em>κυρώσειν</em></span> <span class='ocrx_word' id='word_1_126' title='bbox 1220 1302 1262 1354; x_wconf 80' lang='grc' dir='ltr'><em>ἐς</em></span> <span class='ocrx_word' id='word_1_127' title='bbox 1293 1301 1498 1357; x_wconf 88' lang='grc' dir='ltr'><em>τέταρτον</em></span> <span class='ocrx_word' id='word_1_128' title='bbox 1527 1306 1642 1359; x_wconf 86' lang='grc' dir='ltr'><em>μῆνα</em></span> 
     </span>
     <span class='ocr_line' id='line_1_19' title="bbox 331 1367 1643 1427; baseline 0.003 -18"><span class='ocrx_word' id='word_1_129' title='bbox 331 1367 497 1420; x_wconf 66' lang='grc' dir='ltr'><em>12,,ἆπὸ</em></span> <span class='ocrx_word' id='word_1_130' title='bbox 527 1371 669 1413; x_wconf 83' lang='grc' dir='ltr'><em>τοῦδε.</em></span> <span class='ocrx_word' id='word_1_131' title='bbox 731 1371 786 1413; x_wconf 84' lang='grc' dir='ltr'><em>Οἱ</em></span> <span class='ocrx_word' id='word_1_132' title='bbox 815 1369 895 1427; x_wconf 79' lang='grc' dir='ltr'><em>μὲν</em></span> <span class='ocrx_word' id='word_1_133' title='bbox 924 1369 977 1427; x_wconf 82' lang='grc' dir='ltr'><em>δὴ</em></span> <span class='ocrx_word' id='word_1_134' title='bbox 1001 1370 1215 1427; x_wconf 84' lang='grc' dir='ltr'><em>Μιλήσιοι</em></span> <span class='ocrx_word' id='word_1_135' title='bbox 1244 1369 1479 1427; x_wconf 78' lang='grc' dir='ltr'><em>συμφορήν</em></span> <span class='ocrx_word' id='word_1_136' title='bbox 1500 1369 1643 1413; x_wconf 79' lang='grc' dir='ltr'><em>ποιεύ·</em></span> 
     </span>
     <span class='ocr_line' id='line_1_20' title="bbox 389 1436 1642 1495; baseline 0.001 -15"><span class='ocrx_word' id='word_1_137' title='bbox 389 1453 571 1492; x_wconf 77' lang='grc' dir='ltr'><em>,,μενοι,-</em></span> <span class='ocrx_word' id='word_1_138' title='bbox 592 1436 940 1491; x_wconf 78' lang='grc' dir='ltr'><em>ἀπαλλάσσοντο,</em></span> <span class='ocrx_word' id='word_1_139' title='bbox 984 1437 1044 1490; x_wconf 73' lang='grc' dir='ltr'><em>ὥς</em></span> <span class='ocrx_word' id='word_1_140' title='bbox 1074 1437 1408 1495; x_wconf 80' lang='grc' dir='ltr'><em>ἀπεστερημένοι</em></span> <span class='ocrx_word' id='word_1_141' title='bbox 1439 1441 1526 1481; x_wconf 79' lang='grc' dir='ltr'><em>τῶν</em></span> <span class='ocrx_word' id='word_1_142' title='bbox 1545 1454 1642 1493; x_wconf 88' lang='grc' dir='ltr'><em>χρη-</em></span> 
     </span>
     <span class='ocr_line' id='line_1_21' title="bbox 385 1504 1643 1562; baseline 0.002 -14"><span class='ocrx_word' id='word_1_143' title='bbox 385 1504 571 1561; x_wconf 80' lang='grc' dir='ltr'><em>,,μάτων.</em></span> <span class='ocrx_word' id='word_1_144' title='bbox 633 1509 832 1557; x_wconf 79' lang='grc' dir='ltr'><em>Γλαῦκος</em></span> <span class='ocrx_word' id='word_1_145' title='bbox 861 1506 907 1550; x_wconf 82' lang='grc' dir='ltr'><em>δὲ</em></span> <span class='ocrx_word' id='word_1_146' title='bbox 936 1506 1168 1562; x_wconf 80' lang='grc' dir='ltr'><em>ἐπορεύετο</em></span> <span class='ocrx_word' id='word_1_147' title='bbox 1208 1506 1251 1558; x_wconf 77' lang='grc' dir='ltr'><em>ἐς</em></span> <span class='ocrx_word' id='word_1_148' title='bbox 1279 1505 1503 1562; x_wconf 79' lang='grc' dir='ltr'><em>Δελφοὺς,</em></span> <span class='ocrx_word' id='word_1_149' title='bbox 1547 1522 1643 1562; x_wconf 84' lang='grc' dir='ltr'><em>χρη-</em></span> 
     </span>
     <span class='ocr_line' id='line_1_22' title="bbox 386 1572 1699 1630; baseline -0.002 -14"><span class='ocrx_word' id='word_1_150' title='bbox 386 1572 602 1627; x_wconf 79' lang='grc' dir='ltr'><em>,,σόμενος</em></span> <span class='ocrx_word' id='word_1_151' title='bbox 630 1575 692 1628; x_wconf 78' lang='grc' dir='ltr'><em>τῷ</em></span> <span class='ocrx_word' id='word_1_152' title='bbox 720 1576 975 1630; x_wconf 82' lang='grc' dir='ltr'><em>χρηστηρίῳ.</em></span> <span class='ocrx_word' id='word_1_153' title='bbox 1022 1573 1319 1629; x_wconf 76' lang='grc' dir='ltr'><em>ἐπειρωτῶντα</em></span> <span class='ocrx_word' id='word_1_154' title='bbox 1356 1575 1402 1618; x_wconf 82' lang='grc' dir='ltr'><em>δὲ</em></span> <span class='ocrx_word' id='word_1_155' title='bbox 1432 1573 1567 1617; x_wconf 84' lang='grc' dir='ltr'><em>αὐτόν</em></span> <span class='ocrx_word' id='word_1_156' title='bbox 1595 1572 1699 1616; x_wconf 76' lang='grc' dir='ltr'><em>τὸὅὸ</em></span> 
     </span>
     <span class='ocr_line' id='line_1_23' title="bbox 385 1638 1641 1699; baseline 0 -17"><span class='ocrx_word' id='word_1_157' title='bbox 385 1639 671 1695; x_wconf 83' lang='grc' dir='ltr'><em>,,χρηστήριον</em></span> <span class='ocrx_word' id='word_1_158' title='bbox 701 1641 738 1683; x_wconf 84' lang='grc' dir='ltr'><em>εἰ</em></span> <span class='ocrx_word' id='word_1_159' title='bbox 767 1638 884 1699; x_wconf 83' lang='grc' dir='ltr'><em>ὅρκῳ</em></span> <span class='ocrx_word' id='word_1_160' title='bbox 921 1640 974 1683; x_wconf 78' lang='grc' dir='ltr'><em>τὰ</em></span> <span class='ocrx_word' id='word_1_161' title='bbox 1002 1641 1197 1697; x_wconf 86' lang='grc' dir='ltr'><em>χρήματα</em></span> <span class='ocrx_word' id='word_1_162' title='bbox 1225 1643 1434 1697; x_wconf 83' lang='grc' dir='ltr'><em>ληΐσεται,</em></span> <span class='ocrx_word' id='word_1_163' title='bbox 1474 1638 1501 1696; x_wconf 85' lang='grc' dir='ltr'><strong><em>ἡ</em></strong></span> <span class='ocrx_word' id='word_1_164' title='bbox 1548 1643 1641 1682; x_wconf 89' lang='grc' dir='ltr'><em>Πυ-</em></span> 
     </span>
     <span class='ocr_line' id='line_1_24' title="bbox 385 1707 1214 1762; baseline 0.005 -13"><span class='ocrx_word' id='word_1_165' title='bbox 385 1708 462 1762; x_wconf 80' lang='grc' dir='ltr'><em>θίη</em></span> <span class='ocrx_word' id='word_1_166' title='bbox 492 1707 733 1762; x_wconf 87' lang='grc' dir='ltr'><em>μετέρχεται</em></span> <span class='ocrx_word' id='word_1_167' title='bbox 761 1709 904 1751; x_wconf 83' lang='grc' dir='ltr'><em>τοῖσδε</em></span> <span class='ocrx_word' id='word_1_168' title='bbox 932 1713 1044 1752; x_wconf 89' lang='grc' dir='ltr'><em>τοῖσι</em></span> <span class='ocrx_word' id='word_1_169' title='bbox 1078 1709 1214 1753; x_wconf 76' lang='grc' dir='ltr'><em>ἔπεσι·</em></span> 
     </span>
    </p>
   </div>
   <div class='ocr_carea' id='block_1_5' title="bbox 332 1880 991 2706">
    <p class='ocr_par' dir='ltr' id='par_1_5' title="bbox 332 1880 991 2378">
     <span class='ocr_line' id='line_1_25' title="bbox 332 1880 989 1934; baseline 0.002 -16"><span class='ocrx_word' id='word_1_170' title='bbox 332 1882 515 1918; x_wconf 75' lang='lat' dir='ltr'>sententia</span> <span class='ocrx_word' id='word_1_171' title='bbox 544 1880 619 1917; x_wconf 88' lang='lat' dir='ltr'><em>huc</em></span> <span class='ocrx_word' id='word_1_172' title='bbox 647 1884 773 1919; x_wconf 76' lang='lat' dir='ltr'>minus</span> <span class='ocrx_word' id='word_1_173' title='bbox 795 1885 989 1934; x_wconf 83' lang='lat' dir='ltr'>pertinen-</span> 
     </span>
     <span class='ocr_line' id='line_1_26' title="bbox 333 1939 989 1990; baseline 0.003 -17"><span class='ocrx_word' id='word_1_174' title='bbox 333 1945 423 1973; x_wconf 80' lang='lat' dir='ltr'>tem.</span> <span class='ocrx_word' id='word_1_175' title='bbox 467 1939 565 1974; x_wconf 86' lang='lat' dir='ltr'>Hinc</span> <span class='ocrx_word' id='word_1_176' title='bbox 585 1939 698 1986; x_wconf 75' lang='lat' dir='ltr'>male,</span> <span class='ocrx_word' id='word_1_177' title='bbox 730 1940 877 1990; x_wconf 86' lang='lat' dir='ltr'>opinor,</span> <span class='ocrx_word' id='word_1_178' title='bbox 909 1941 989 1975; x_wconf 85' lang='lat' dir='ltr'><em>He-</em></span> 
     </span>
     <span class='ocr_line' id='line_1_27' title="bbox 335 1993 988 2033; baseline 0.005 -3"><span class='ocrx_word' id='word_1_179' title='bbox 335 1993 531 2031; x_wconf 77' lang='lat' dir='ltr'>rodoteam</span> <span class='ocrx_word' id='word_1_180' title='bbox 553 1995 784 2032; x_wconf 79' lang='lat' dir='ltr'>locutionem</span> <span class='ocrx_word' id='word_1_181' title='bbox 802 1995 988 2033; x_wconf 84' lang='lat' dir='ltr'>reddunt:</span> 
     </span>
     <span class='ocr_line' id='line_1_28' title="bbox 333 2051 989 2105; baseline 0.003 -19"><span class='ocrx_word' id='word_1_182' title='bbox 333 2051 430 2100; x_wconf 74' lang='lat' dir='ltr'><strong><em>apud</em></strong></span> <span class='ocrx_word' id='word_1_183' title='bbox 452 2054 485 2088; x_wconf 84' lang='lat' dir='ltr'><em>te</em></span> <span class='ocrx_word' id='word_1_184' title='bbox 507 2052 683 2101; x_wconf 81' lang='lat' dir='ltr'><em>deponere.</em></span> <span class='ocrx_word' id='word_1_185' title='bbox 722 2053 856 2089; x_wconf 85' lang='lat' dir='ltr'>Malim</span> <span class='ocrx_word' id='word_1_186' title='bbox 879 2053 989 2105; x_wconf 87' lang='lat' dir='ltr'>equi-</span> 
     </span>
     <span class='ocr_line' id='line_1_29' title="bbox 334 2105 990 2160; baseline 0.003 -18"><span class='ocrx_word' id='word_1_187' title='bbox 334 2105 422 2142; x_wconf 85' lang='lat' dir='ltr'><em>dem</em></span> <span class='ocrx_word' id='word_1_188' title='bbox 444 2120 532 2143; x_wconf 88' lang='lat' dir='ltr'><em>cum</em></span> <span class='ocrx_word' id='word_1_189' title='bbox 559 2107 731 2145; x_wconf 86' lang='lat' dir='ltr'>Boeckh.</span> <span class='ocrx_word' id='word_1_190' title='bbox 771 2109 884 2160; x_wconf 86' lang='lat' dir='ltr'>Corp.</span> <span class='ocrx_word' id='word_1_191' title='bbox 922 2111 990 2145; x_wconf 91' lang='lat' dir='ltr'><em>In-</em></span> 
     </span>
     <span class='ocr_line' id='line_1_30' title="bbox 335 2164 991 2215; baseline -0.002 -13"><span class='ocrx_word' id='word_1_192' title='bbox 335 2176 404 2198; x_wconf 70' lang='grc'>501·-</span> <span class='ocrx_word' id='word_1_193' title='bbox 430 2164 459 2210; x_wconf 91' lang='grc' dir='ltr'><em>Ῑ,</em></span> <span class='ocrx_word' id='word_1_194' title='bbox 482 2166 506 2203; x_wconf 83' lang='lat'><strong>3</strong></span> <span class='ocrx_word' id='word_1_195' title='bbox 523 2177 609 2214; x_wconf 81' lang='lat' dir='ltr'>pag.</span> <span class='ocrx_word' id='word_1_196' title='bbox 624 2165 725 2204; x_wconf 85' lang='lat'>890:</span> <span class='ocrx_word' id='word_1_197' title='bbox 755 2165 991 2215; x_wconf 80' lang='lat' dir='ltr'><em>solvereapud</em></span> 
     </span>
     <span class='ocr_line' id='line_1_31' title="bbox 337 2217 990 2271; baseline 0.009 -17"><span class='ocrx_word' id='word_1_198' title='bbox 337 2223 382 2254; x_wconf 81' lang='lat' dir='ltr'><em>te.</em></span> <span class='ocrx_word' id='word_1_199' title='bbox 413 2240 462 2246; x_wconf 39' lang='lat'><em>‡-—</em></span> <span class='ocrx_word' id='word_1_200' title='bbox 506 2221 550 2255; x_wconf 88' lang='lat' dir='ltr'><em>In</em></span> <span class='ocrx_word' id='word_1_201' title='bbox 593 2233 699 2271; x_wconf 87' lang='lat' dir='ltr'><strong>seqq.</strong></span> <span class='ocrx_word' id='word_1_202' title='bbox 738 2222 878 2258; x_wconf 84' lang='lat' dir='ltr'>retinui</span> <span class='ocrx_word' id='word_1_203' title='bbox 906 2217 990 2269; x_wconf 83' lang='grc' dir='ltr'><em>σόα,</em></span> 
     </span>
     <span class='ocr_line' id='line_1_32' title="bbox 337 2275 989 2315; baseline 0.006 -6"><span class='ocrx_word' id='word_1_204' title='bbox 337 2276 442 2311; x_wconf 86' lang='lat' dir='ltr'><strong>cuius</strong></span> <span class='ocrx_word' id='word_1_205' title='bbox 466 2275 552 2312; x_wconf 90' lang='lat' dir='ltr'>loco</span> <span class='ocrx_word' id='word_1_206' title='bbox 580 2277 642 2312; x_wconf 80' lang='lat' dir='ltr'>alii</span> <span class='ocrx_word' id='word_1_207' title='bbox 676 2279 768 2315; x_wconf 78' lang='grc' dir='ltr'><em>σῶα.</em></span> <span class='ocrx_word' id='word_1_208' title='bbox 828 2278 893 2314; x_wconf 91' lang='lat' dir='ltr'><em>Tu</em></span> <span class='ocrx_word' id='word_1_209' title='bbox 912 2276 989 2314; x_wconf 85' lang='lat' dir='ltr'><strong>vid.</strong></span> 
     </span>
     <span class='ocr_line' id='line_1_33' title="bbox 336 2330 680 2378; baseline 0.009 -12"><span class='ocrx_word' id='word_1_210' title='bbox 336 2337 430 2369; x_wconf 88' lang='lat' dir='ltr'>nott.</span> <span class='ocrx_word' id='word_1_211' title='bbox 452 2330 500 2367; x_wconf 85' lang='lat' dir='ltr'><em>ad</em></span> <span class='ocrx_word' id='word_1_212' title='bbox 519 2333 566 2378; x_wconf 90' lang='lat'><em>11,</em></span> <span class='ocrx_word' id='word_1_213' title='bbox 592 2335 680 2372; x_wconf 77' lang='lat'>181.</span> 
     </span>
    </p>

    <p class='ocr_par' dir='ltr' id='par_1_6' title="bbox 338 2382 990 2706">
     <span class='ocr_line' id='line_1_34' title="bbox 392 2382 990 2441; baseline 0 -15"><span class='ocrx_word' id='word_1_214' title='bbox 392 2383 434 2433; x_wconf 79' lang='grc' dir='ltr'><em>ὃς</em></span> <span class='ocrx_word' id='word_1_215' title='bbox 458 2382 500 2426; x_wconf 83' lang='grc' dir='ltr'><em>δ’</em></span> <span class='ocrx_word' id='word_1_216' title='bbox 525 2384 577 2426; x_wconf 75' lang='grc' dir='ltr'><em>ἂν</em></span> <span class='ocrx_word' id='word_1_217' title='bbox 613 2387 711 2437; x_wconf 76' lang='grc' dir='ltr'><em>ἔχων</em></span> <span class='ocrx_word' id='word_1_218' title='bbox 732 2409 785 2415; x_wconf 91' lang='grc'>-</span> <span class='ocrx_word' id='word_1_219' title='bbox 804 2384 990 2441; x_wconf 71' lang='grc' dir='ltr'><em>ἀπαιτέῃ]</em></span> 
     </span>
     <span class='ocr_line' id='line_1_35' title="bbox 338 2442 988 2481; baseline 0.002 -2"><span class='ocrx_word' id='word_1_220' title='bbox 338 2445 452 2479; x_wconf 69' lang='lat' dir='ltr'>Recte</span> <span class='ocrx_word' id='word_1_221' title='bbox 480 2442 542 2480; x_wconf 83' lang='lat' dir='ltr'><em>hic</em></span> <span class='ocrx_word' id='word_1_222' title='bbox 572 2445 726 2480; x_wconf 76' lang='lat' dir='ltr'>relativo</span> <span class='ocrx_word' id='word_1_223' title='bbox 757 2444 845 2481; x_wconf 80' lang='lat' dir='ltr'>addi</span> <span class='ocrx_word' id='word_1_224' title='bbox 871 2447 920 2480; x_wconf 75' lang='lat' dir='ltr'><em>ait</em></span> <span class='ocrx_word' id='word_1_225' title='bbox 941 2447 988 2481; x_wconf 90' lang='lat' dir='ltr'><em>G.</em></span> 
     </span>
     <span class='ocr_line' id='line_1_36' title="bbox 339 2502 987 2551; baseline 0.006 -16"><span class='ocrx_word' id='word_1_226' title='bbox 339 2502 547 2536; x_wconf 77' lang='lat' dir='ltr'>Hermann.</span> <span class='ocrx_word' id='word_1_227' title='bbox 576 2502 735 2551; x_wconf 84' lang='lat' dir='ltr'><strong>Opuscc.</strong></span> <span class='ocrx_word' id='word_1_228' title='bbox 757 2502 806 2537; x_wconf 86' lang='lat' dir='ltr'><em>lv</em></span> <span class='ocrx_word' id='word_1_229' title='bbox 839 2515 875 2551; x_wconf 86' lang='lat' dir='ltr'><em>p.</em></span> <span class='ocrx_word' id='word_1_230' title='bbox 897 2505 987 2541; x_wconf 51' lang='lat'>1⁴17.</span> 
     </span>
     <span class='ocr_line' id='line_1_37' title="bbox 339 2554 988 2606; baseline 0.003 -15"><span class='ocrx_word' id='word_1_231' title='bbox 339 2557 559 2606; x_wconf 80' lang='lat' dir='ltr'><strong>particulam</strong></span> <span class='ocrx_word' id='word_1_232' title='bbox 579 2554 651 2604; x_wconf 66' lang='grc' dir='ltr'><em>ἔνι,</em></span> <span class='ocrx_word' id='word_1_233' title='bbox 674 2558 873 2594; x_wconf 76' lang='lat' dir='ltr'>vernacule</span> <span class='ocrx_word' id='word_1_234' title='bbox 887 2559 988 2593; x_wconf 87' lang='lat' dir='ltr'>enim</span> 
     </span>
     <span class='ocr_line' id='line_1_38' title="bbox 339 2611 987 2659; baseline 0.006 -12"><span class='ocrx_word' id='word_1_235' title='bbox 339 2611 410 2649; x_wconf 84' lang='grc' dir='ltr'><em>Ιιοο</em></span> <span class='ocrx_word' id='word_1_236' title='bbox 450 2626 528 2650; x_wconf 80' lang='lat' dir='ltr'>esse</span> <span class='ocrx_word' id='word_1_237' title='bbox 575 2627 654 2650; x_wconf 88' lang='lat' dir='ltr'><em>non</em></span> <span class='ocrx_word' id='word_1_238' title='bbox 700 2614 858 2659; x_wconf 72' lang='lat' dir='ltr'><em>welclter,</em></span> <span class='ocrx_word' id='word_1_239' title='bbox 923 2614 987 2651; x_wconf 83' lang='lat' dir='ltr'><em>sed</em></span> 
     </span>
     <span class='ocr_line' id='line_1_39' title="bbox 338 2681 414 2706; baseline 0 -1"><span class='ocrx_word' id='word_1_240' title='bbox 338 2681 414 2706; x_wconf 79' lang='lat' dir='ltr'><em>wer.</em></span> 
     </span>
    </p>
   </div>
   <div class='ocr_carea' id='block_1_6' title="bbox 611 2727 708 2770">
    <p class='ocr_par' dir='ltr' id='par_1_7' title="bbox 611 2727 708 2770">
     <span class='ocr_line' id='line_1_40' title="bbox 611 2727 708 2770; baseline -0.093 0"><span class='ocrx_word' id='word_1_241' title='bbox 611 2727 647 2770; x_wconf 52' lang='grc' dir='ltr'><em>ᾗ.</em></span> <span class='ocrx_word' id='word_1_242' title='bbox 671 2728 708 2765; x_wconf 80' lang='grc'><em>2.</em></span> 
     </span>
    </p>
   </div>
   <div class='ocr_carea' id='block_1_7' title="bbox 334 2779 991 2875">
    <p class='ocr_par' dir='ltr' id='par_1_8' title="bbox 334 2779 991 2875">
     <span class='ocr_line' id='line_1_41' title="bbox 393 2779 990 2833; baseline 0 -13"><span class='ocrx_word' id='word_1_243' title='bbox 393 2779 481 2821; x_wconf 79' lang='grc' dir='ltr'><em>οὕτε</em></span> <span class='ocrx_word' id='word_1_244' title='bbox 507 2780 706 2832; x_wconf 84' lang='grc' dir='ltr'><em>μέμνημαι</em></span> <span class='ocrx_word' id='word_1_245' title='bbox 731 2779 775 2820; x_wconf 61' lang='lat' dir='ltr'><em>ro*</em></span> <span class='ocrx_word' id='word_1_246' title='bbox 808 2784 990 2833; x_wconf 77' lang='grc' dir='ltr'><em>πρῆγμα]</em></span> 
     </span>
     <span class='ocr_line' id='line_1_42' title="bbox 334 2837 991 2875; baseline 0.002 -1"><span class='ocrx_word' id='word_1_247' title='bbox 334 2840 388 2874; x_wconf 84' lang='lat' dir='ltr'><em>De</em></span> <span class='ocrx_word' id='word_1_248' title='bbox 424 2837 496 2875; x_wconf 89' lang='lat' dir='ltr'><em>hoc</em></span> <span class='ocrx_word' id='word_1_249' title='bbox 531 2839 743 2875; x_wconf 74' lang='lat' dir='ltr'>accusativo</span> <span class='ocrx_word' id='word_1_250' title='bbox 775 2839 874 2875; x_wconf 79' lang='lat' dir='ltr'>cons.</span> <span class='ocrx_word' id='word_1_251' title='bbox 897 2846 991 2875; x_wconf 76' lang='lat' dir='ltr'>nou.</span> 
     </span>
    </p>
   </div>
   <div class='ocr_carea' id='block_1_8' title="bbox 1044 1880 1705 2893">
    <p class='ocr_par' dir='ltr' id='par_1_9' title="bbox 1044 1880 1705 2660">
     <span class='ocr_line' id='line_1_43' title="bbox 1046 1880 1700 1933; baseline -0.006 -13"><span class='ocrx_word' id='word_1_252' title='bbox 1046 1881 1095 1920; x_wconf 77' lang='lat' dir='ltr'><em>ad</em></span> <span class='ocrx_word' id='word_1_253' title='bbox 1121 1883 1184 1933; x_wconf 87' lang='lat' dir='ltr'><em>Vl,</em></span> <span class='ocrx_word' id='word_1_254' title='bbox 1222 1885 1313 1924; x_wconf 84' lang='lat'>136.</span> <span class='ocrx_word' id='word_1_255' title='bbox 1381 1880 1492 1928; x_wconf 82' lang='lat' dir='ltr'>Quod</span> <span class='ocrx_word' id='word_1_256' title='bbox 1531 1881 1700 1933; x_wconf 83' lang='lat' dir='ltr'>sequitur</span> 
     </span>
     <span class='ocr_line' id='line_1_44' title="bbox 1046 1936 1705 1991; baseline -0.006 -13"><span class='ocrx_word' id='word_1_257' title='bbox 1046 1936 1137 1979; x_wconf 78' lang='grc' dir='ltr'><em>οὕτε</em></span> <span class='ocrx_word' id='word_1_258' title='bbox 1159 1954 1206 1991; x_wconf 89' lang='grc' dir='ltr'><em>με</em></span> <span class='ocrx_word' id='word_1_259' title='bbox 1226 1936 1430 1991; x_wconf 85' lang='grc' dir='ltr'><em>περιφέρει</em></span> <span class='ocrx_word' id='word_1_260' title='bbox 1449 1939 1475 1975; x_wconf 90' lang='lat' dir='ltr'><em>i.</em></span> <span class='ocrx_word' id='word_1_261' title='bbox 1497 1951 1529 1977; x_wconf 88' lang='lat' dir='ltr'><em>e.</em></span> <span class='ocrx_word' id='word_1_262' title='bbox 1550 1937 1705 1975; x_wconf 77' lang='lat' dir='ltr'><em>necmiln‘</em></span> 
     </span>
     <span class='ocr_line' id='line_1_45' title="bbox 1045 1994 1702 2042; baseline -0.003 -10"><span class='ocrx_word' id='word_1_263' title='bbox 1045 2009 1082 2034; x_wconf 79' lang='lat' dir='ltr'><em>m</em></span> <span class='ocrx_word' id='word_1_264' title='bbox 1100 1999 1243 2033; x_wconf 77' lang='lat' dir='ltr'><strong><em>mentem</em></strong></span> <span class='ocrx_word' id='word_1_265' title='bbox 1270 1995 1384 2042; x_wconf 81' lang='lat' dir='ltr'><em>redit,</em></span> <span class='ocrx_word' id='word_1_266' title='bbox 1411 1998 1582 2032; x_wconf 72' lang='lat' dir='ltr'><strong><em>succurrit</em></strong></span> <span class='ocrx_word' id='word_1_267' title='bbox 1612 1994 1702 2030; x_wconf 84' lang='lat' dir='ltr'>illu-</span> 
     </span>
     <span class='ocr_line' id='line_1_46' title="bbox 1045 2051 1700 2090; baseline -0.005 -1"><span class='ocrx_word' id='word_1_268' title='bbox 1045 2059 1136 2089; x_wconf 81' lang='lat' dir='ltr'><strong>strat</strong></span> <span class='ocrx_word' id='word_1_269' title='bbox 1154 2052 1320 2090; x_wconf 83' lang='lat' dir='ltr'>Wessel.</span> <span class='ocrx_word' id='word_1_270' title='bbox 1347 2052 1515 2088; x_wconf 76' lang='lat' dir='ltr'>Platonis</span> <span class='ocrx_word' id='word_1_271' title='bbox 1544 2051 1630 2087; x_wconf 86' lang='lat' dir='ltr'>loco</span> <span class='ocrx_word' id='word_1_272' title='bbox 1661 2051 1700 2086; x_wconf 79' lang='lat' dir='ltr'><em>in</em></span> 
     </span>
     <span class='ocr_line' id='line_1_47' title="bbox 1045 2106 1702 2158; baseline -0.005 -13"><span class='ocrx_word' id='word_1_273' title='bbox 1045 2106 1200 2147; x_wconf 84' lang='lat' dir='ltr'>Lachet.</span> <span class='ocrx_word' id='word_1_274' title='bbox 1231 2122 1268 2158; x_wconf 89' lang='lat' dir='ltr'><em>p.</em></span> <span class='ocrx_word' id='word_1_275' title='bbox 1297 2110 1378 2149; x_wconf 83' lang='lat'><em>280</em></span> <span class='ocrx_word' id='word_1_276' title='bbox 1408 2109 1454 2145; x_wconf 86' lang='lat' dir='ltr'><em>E.</em></span> <span class='ocrx_word' id='word_1_277' title='bbox 1487 2108 1702 2144; x_wconf 86' lang='lat' dir='ltr'>simillimo:</span> 
     </span>
     <span class='ocr_line' id='line_1_48' title="bbox 1047 2161 1703 2215; baseline -0.005 -11"><span class='ocrx_word' id='word_1_278' title='bbox 1047 2163 1320 2215; x_wconf 84' lang='grc' dir='ltr'><em>περιφέρει</em></span> <span class='ocrx_word' id='word_1_279' title='bbox 1377 2162 1419 2204; x_wconf 86' lang='grc' dir='ltr'><em>δέ</em></span> <span class='ocrx_word' id='word_1_280' title='bbox 1449 2179 1506 2210; x_wconf 86' lang='grc' dir='ltr'><em>τις</em></span> <span class='ocrx_word' id='word_1_281' title='bbox 1546 2177 1593 2214; x_wconf 89' lang='grc' dir='ltr'><em>με</em></span> <span class='ocrx_word' id='word_1_282' title='bbox 1636 2161 1703 2201; x_wconf 82' lang='grc' dir='ltr'><em>καὶ</em></span> 
     </span>
     <span class='ocr_line' id='line_1_49' title="bbox 1047 2215 1702 2272; baseline -0.003 -13"><span class='ocrx_word' id='word_1_283' title='bbox 1047 2216 1183 2272; x_wconf 87' lang='grc' dir='ltr'><em>μνήμη</em></span> <span class='ocrx_word' id='word_1_284' title='bbox 1218 2217 1305 2271; x_wconf 77' lang='grc' dir='ltr'><em>ι’ίρτι</em></span> <span class='ocrx_word' id='word_1_285' title='bbox 1343 2220 1466 2258; x_wconf 77' lang='grc' dir='ltr'><em>τῶνδε</em></span> <span class='ocrx_word' id='word_1_286' title='bbox 1498 2215 1702 2271; x_wconf 81' lang='grc' dir='ltr'><em>λεγόντων,</em></span> 
     </span>
     <span class='ocr_line' id='line_1_50' title="bbox 1047 2277 1702 2327; baseline -0.005 -14"><span class='ocrx_word' id='word_1_287' title='bbox 1047 2277 1113 2313; x_wconf 85' lang='lat' dir='ltr'><em>ubi</em></span> <span class='ocrx_word' id='word_1_288' title='bbox 1132 2277 1344 2313; x_wconf 83' lang='lat' dir='ltr'>Iacobsium</span> <span class='ocrx_word' id='word_1_289' title='bbox 1359 2278 1603 2327; x_wconf 79' lang='lat' dir='ltr'>interpretem</span> <span class='ocrx_word' id='word_1_290' title='bbox 1623 2287 1702 2311; x_wconf 85' lang='lat' dir='ltr'><em>nou</em></span> 
     </span>
     <span class='ocr_line' id='line_1_51' title="bbox 1046 2331 1702 2383; baseline -0.003 -14"><span class='ocrx_word' id='word_1_291' title='bbox 1046 2333 1143 2383; x_wconf 82' lang='lat' dir='ltr'>fugit</span> <span class='ocrx_word' id='word_1_292' title='bbox 1170 2331 1353 2370; x_wconf 85' lang='lat' dir='ltr'>Herodoti</span> <span class='ocrx_word' id='word_1_293' title='bbox 1381 2333 1498 2370; x_wconf 88' lang='lat' dir='ltr'>locus.</span> <span class='ocrx_word' id='word_1_294' title='bbox 1521 2353 1571 2360; x_wconf 80' lang='lat'><em>-—-</em></span> <span class='ocrx_word' id='word_1_295' title='bbox 1610 2332 1702 2368; x_wconf 87' lang='lat' dir='ltr'><em>Mox</em></span> 
     </span>
     <span class='ocr_line' id='line_1_52' title="bbox 1048 2384 1702 2439; baseline -0.003 -12"><span class='ocrx_word' id='word_1_296' title='bbox 1048 2384 1198 2427; x_wconf 76' lang='grc' dir='ltr'><em>τούτων</em></span> <span class='ocrx_word' id='word_1_297' title='bbox 1229 2387 1317 2426; x_wconf 84' lang='lat' dir='ltr'>dedi</span> <span class='ocrx_word' id='word_1_298' title='bbox 1345 2401 1414 2439; x_wconf 89' lang='lat' dir='ltr'><em>pro</em></span> <span class='ocrx_word' id='word_1_299' title='bbox 1445 2386 1627 2428; x_wconf 80' lang='grc' dir='ltr'><em>τουτέων.</em></span> <span class='ocrx_word' id='word_1_300' title='bbox 1646 2408 1702 2415; x_wconf 95' lang='grc'>-</span> 
     </span>
     <span class='ocr_line' id='line_1_53' title="bbox 1048 2441 1701 2497; baseline 0.003 -16"><span class='ocrx_word' id='word_1_301' title='bbox 1048 2444 1109 2481; x_wconf 93' lang='lat' dir='ltr'><em>Ad</em></span> <span class='ocrx_word' id='word_1_302' title='bbox 1151 2446 1312 2482; x_wconf 82' lang='lat' dir='ltr'>verbum</span> <span class='ocrx_word' id='word_1_303' title='bbox 1348 2441 1623 2497; x_wconf 68' lang='grc' dir='ltr'><em>ἀναβάλλομαι</em></span> <span class='ocrx_word' id='word_1_304' title='bbox 1664 2445 1701 2480; x_wconf 78' lang='lat' dir='ltr'><em>iu</em></span> 
     </span>
     <span class='ocr_line' id='line_1_54' title="bbox 1044 2502 1703 2553; baseline 0.005 -17"><span class='ocrx_word' id='word_1_305' title='bbox 1044 2515 1148 2553; x_wconf 77' lang='lat' dir='ltr'>seqq.</span> <span class='ocrx_word' id='word_1_306' title='bbox 1171 2502 1272 2539; x_wconf 87' lang='lat' dir='ltr'>conf.</span> <span class='ocrx_word' id='word_1_307' title='bbox 1292 2508 1387 2539; x_wconf 86' lang='lat' dir='ltr'>nott.</span> <span class='ocrx_word' id='word_1_308' title='bbox 1409 2502 1456 2539; x_wconf 85' lang='lat' dir='ltr'><em>ad</em></span> <span class='ocrx_word' id='word_1_309' title='bbox 1476 2503 1521 2550; x_wconf 89' lang='lat' dir='ltr'><em>V,</em></span> <span class='ocrx_word' id='word_1_310' title='bbox 1541 2502 1608 2542; x_wconf 84' lang='lat'><em>49.</em></span> <span class='ocrx_word' id='word_1_311' title='bbox 1629 2515 1703 2539; x_wconf 78' lang='grc' dir='ltr'><em>κν·-</em></span> 
     </span>
     <span class='ocr_line' id='line_1_55' title="bbox 1046 2558 1700 2609; baseline -0.003 -13"><span class='ocrx_word' id='word_1_312' title='bbox 1046 2560 1121 2608; x_wconf 84' lang='grc' dir='ltr'><em>ροῦ</em></span> <span class='ocrx_word' id='word_1_313' title='bbox 1125 2572 1145 2596; x_wconf 88' lang='grc' dir='ltr'><em>ν</em></span> <span class='ocrx_word' id='word_1_314' title='bbox 1156 2565 1209 2595; x_wconf 85' lang='lat' dir='ltr'><em>est</em></span> <span class='ocrx_word' id='word_1_315' title='bbox 1220 2572 1279 2595; x_wconf 87' lang='lat' dir='ltr'><em>con</em></span> <span class='ocrx_word' id='word_1_316' title='bbox 1273 2560 1433 2609; x_wconf 80' lang='lat' dir='ltr'><em>firmare,</em></span> <span class='ocrx_word' id='word_1_317' title='bbox 1444 2563 1562 2596; x_wconf 78' lang='lat' dir='ltr'><strong><em>ratum</em></strong></span> <span class='ocrx_word' id='word_1_318' title='bbox 1568 2558 1700 2608; x_wconf 84' lang='lat' dir='ltr'>facere,</span> 
     </span>
     <span class='ocr_line' id='line_1_56' title="bbox 1046 2615 1488 2660; baseline 0.005 -10"><span class='ocrx_word' id='word_1_319' title='bbox 1046 2621 1085 2651; x_wconf 79' lang='lat' dir='ltr'><em>ut</em></span> <span class='ocrx_word' id='word_1_320' title='bbox 1108 2615 1168 2660; x_wconf 82' lang='lat' dir='ltr'><em>vl,</em></span> <span class='ocrx_word' id='word_1_321' title='bbox 1192 2618 1282 2656; x_wconf 80' lang='lat'><em>126.</em></span> <span class='ocrx_word' id='word_1_322' title='bbox 1301 2616 1399 2659; x_wconf 83' lang='lat' dir='ltr'>vlu,</span> <span class='ocrx_word' id='word_1_323' title='bbox 1422 2615 1488 2656; x_wconf 85' lang='lat'><em>56.</em></span> 
     </span>
    </p>

    <p class='ocr_par' dir='ltr' id='par_1_10' title="bbox 1049 2725 1699 2831">
     <span class='ocr_line' id='line_1_57' title="bbox 1104 2725 1699 2778; baseline 0 -13"><span class='ocrx_word' id='word_1_324' title='bbox 1104 2725 1314 2778; x_wconf 73' lang='grc' dir='ltr'><em>συμφορήν</em></span> <span class='ocrx_word' id='word_1_325' title='bbox 1357 2725 1610 2778; x_wconf 79' lang='grc' dir='ltr'><em>ποιεύμενοι]</em></span> <span class='ocrx_word' id='word_1_326' title='bbox 1643 2728 1699 2765; x_wconf 83' lang='lat' dir='ltr'><em>Cf.</em></span> 
     </span>
     <span class='ocr_line' id='line_1_58' title="bbox 1049 2782 1337 2831; baseline 0.007 -13"><span class='ocrx_word' id='word_1_327' title='bbox 1049 2790 1143 2820; x_wconf 76' lang='lat' dir='ltr'>nott.</span> <span class='ocrx_word' id='word_1_328' title='bbox 1165 2782 1212 2820; x_wconf 80' lang='lat' dir='ltr'><em>ad</em></span> <span class='ocrx_word' id='word_1_329' title='bbox 1233 2784 1278 2831; x_wconf 92' lang='lat' dir='ltr'><em>V,</em></span> <span class='ocrx_word' id='word_1_330' title='bbox 1300 2784 1337 2824; x_wconf 87' lang='grc'><em>5.</em></span> 
     </span>
    </p>

    <p class='ocr_par' dir='ltr' id='par_1_11' title="bbox 1107 2837 1702 2893">
     <span class='ocr_line' id='line_1_59' title="bbox 1107 2837 1702 2893; baseline 0 -15"><span class='ocrx_word' id='word_1_331' title='bbox 1107 2840 1140 2878; x_wconf 80' lang='grc' dir='ltr'><em>εἰ</em></span> <span class='ocrx_word' id='word_1_332' title='bbox 1157 2837 1259 2893; x_wconf 71' lang='grc' dir='ltr'><em>’ὅρκῳ</em></span> <span class='ocrx_word' id='word_1_333' title='bbox 1289 2838 1336 2878; x_wconf 73' lang='grc' dir='ltr'><em>τα</em></span> <span class='ocrx_word' id='word_1_334' title='bbox 1371 2837 1547 2891; x_wconf 82' lang='grc' dir='ltr'><em>χρήματα</em></span> <span class='ocrx_word' id='word_1_335' title='bbox 1577 2840 1702 2891; x_wconf 78' lang='grc' dir='ltr'><em>ληΐσε-</em></span> 
     </span>
    </p>
   </div>
   <div class='ocr_carea' id='block_1_9' title="bbox 1822 0 1885 983">
    <p class='ocr_par' dir='ltr' id='par_1_12' title="bbox 1822 0 1885 983">
     <span class='ocr_line' id='line_1_60' title="bbox 1822 0 1885 983; baseline 0 0"><span class='ocrx_word' id='word_1_336' title='bbox 1822 0 1885 983; x_wconf 95' lang='lat' dir='ltr'><em> </em></span> 
     </span>
    </p>
   </div>
  </div>
 </body>
</html>
