1897 3340
282 768 381 812 118

111 832 299 859 Graecorum
324 832 366 858 ci—

110 866 267 899 vitatibus,
288 873 361 900 quas

109 899 224 926 Xerxes
243 907 310 925 cum
330 907 381 926 ex-

110 932 205 960 ercitu
224 936 323 959 trans-

108 965 181 997 iret,
201 974 315 1004 coena-e

108 1003 366 1026 sumtuostsslmae

107 1032 272 1067 imperatae
294 1034 335 1065 [c.

107 1065 179 1100 32.]‚
196 1065 301 1099 hisque
311 1072 384 1099 opes

107 1099 230 1127 illarum
244 1100 380 1126 attritae.

143 1244 162 1260 δ

443 184 528 224 608

443 289 571 334 ἐόντα
600 291 825 344 Περσέων·

836 185 1300 223 HERODOTI

885 292 969 337 α’πό
997 293 1081 348 γὰρ
1111 292 1235 337 πέντε
1263 294 1434 349 πηχέων
1458 296 1697 350 βασιληΐων

444 356 620 402 ἀπέλιπε
648 362 848 415 τέσσερας
868 362 1123 412 δακτύλους·
1168 361 1396 417 φωνέοντά
1425 379 1468 406 τε
1497 362 1698 417 μέγιστον

415 431 437 465 2
448 423 559 478 ἆνθρ
565 425 599 468 ω’
603 442 709 469 πων.

788 428 892 471 ὥστε
933 429 1110 482 Ξέρξεα,
1142 430 1376 486 συμφορήν
1402 429 1697 486 ποιησάμενον

442 493 650 549 μεγάλην,
689 495 892 547 ἐξενεῖκαί
928 511 971 538 τε
1009 494 1143 539 αὐτὸν
1182 497 1387 541 κάλλιστα
1430 499 1503 541 καὶ
1531 496 1725 548 θάψαι·5

411 560 695 616 Βέτνμβοχόεε
725 562 770 604 δὲ
800 566 916 605 πᾶσα
943 561 970 618 ἡ
995 563 1181 619 στρατιή.
1239 566 1376 622 τούτῳ
1408 567 1452 609 δὲ
1469 569 1529 621 τῷ
1557 563 1697 618 Ἀρτα-

441 629 539 683 χαίῃ
569 629 731 671 θύουσι
754 627 978 673 Ἀκάνθιοι
1008 632 1053 674 ἐκ
1082 635 1353 686 θεοπροπίου
1372 631 1429 682 ὠς
1450 633 1572 687 ἥρωϊ,
1602 633 1697 675 ἐπο-

439 695 700 749 νομάζοντες
741 695 789 739 τό
829 696 1009 753 οὕνομα.

441 761 719 817 ἀπολομένου
765 763 1044 820 Ἀρταχαίεω,

1069 701 1270 755 βασιλεύς
1310 701 1388 755 μὲν
1429 701 1480 756 δὴ
1522 700 1696 755 Ξέρξης,

1107 764 1294 810 ἐποιὲεὗο
1343 768 1586 824 συμφορήν.
1645 769 1698 810 Οἱ

441 830 486 873 δὲ
506 830 823 886 ὑποδεκόμενοι
863 831 1091 889 οΕλλήνων
1130 834 1209 890 τήν
1249 835 1472 890 στρατιὴν,
1513 836 1585 878 καὶ
1616 837 1696 878 δει-

438 900 656 950 πνίζοντες
709 900 891 954 Ξέρξεα,
951 902 993 951 ἐς
1032 905 1118 943 πᾶν
1159 905 1299 944 κακοῦ
1330 899 1549 954 ἀπικέατο,
1582 901 1751 945 οὕτωιῡ

440 964 549 1008 ὥστε
588 965 824 1009 ἀνάστατοι
872 968 920 1010 ἐκ
955 972 1040 1010 τῶν

1070 970 1218 1011 οἰκίων
1249 969 1469 1024 ἐγίνοντο·
1511 970 1619 1014 ὅκου
1648 985 1696 1024 γε

446 1035 647 1077 Θασίοισι
675 1034 785 1090 ’ὑπὲρ
815 1039 904 1079 τῶν
933 1034 980 1078 ἐν
1007 1039 1061 1092 τῇ
1089 1034 1250 1096 ἠπείρῳ
1288 1038 1450 1080 πολίων
1479 1041 1567 1080 τῶν
1594 1049 1695 1093 σφε-

442 1239 653 1291 φωνέοντά
662 1258 703 1282 τε
722 1241 924 1295 μέγιστον]
955 1244 1038 1280 Ηοο

341 1329 344 1332 .
384 1297 432 1336 de
447 1299 526 1336 alta
545 1313 574 1336 s.
596 1300 691 1337 elata
708 1313 802 1336 voce
823 1300 1039 1349 intelligen-

385 1354 491 1403 dum,
513 1357 566 1393 uti
586 1357 615 1402 Ι,
639 1359 688 1397 8;
707 1354 730 1395 ὅ
751 1354 794 1395 δὲ
815 1356 939 1407 μέγα
965 1352 1037 1406 άμ-

380 1409 513 1462 βῶσας
550 1413 636 1449 coll.
664 1414 711 1460 ΙΙ,
744 1413 835 1459 141,
867 1411 907 1452 4.
964 1414 1037 1449 Ev.

380 1467 517 1506 Matth.
556 1472 623 1517 27,
646 1469 721 1510 50:
752 1466 899 1520 κράξας
918 1471 1039 1522 φωνῇ

382 1541 409 1576 μ
423 1539 438 1563 ε
451 1540 472 1577 γ
486 1520 510 1575 ά
524 1528 593 1579 λῃ.
625 1526 711 1564 Act.
742 1527 873 1576 Apost.
899 1528 965 1572 23,
987 1528 1035 1565 9:

380 1578 534 1633 κραυγή
556 1597 582 1631 μ
596 1596 644 1632 εγ
657 1579 770 1632 άλη,
792 1596 841 1618 ne
858 1583 1034 1632 plura.—

379 1636 443 1674 Ad
516 1639 752 1675 locutionem
822 1635 1036 1688 συμφορήν

379 1697 587 1733 ποιεῖσθαι
608 1695 708 1731 conf.
726 1693 774 1731 ad
800 1696 844 1741 V,
863 1695 887 1736 5
912 1695 1034 1731 allata.

377 1749 600 1788 Artachaeis
614 1752 804 1788 tumulum
813 1750 861 1787 ad
872 1749 1037 1788 Acanthi

378 1804 563 1843 isthmum
584 1809 743 1845 collocat
758 1809 906 1844 AeIian.
929 1809 974 1845 N.
989 1807 1036 1844 A.

377 1864 484 1911 XIII,
523 1866 576 1904 20
622 1865 843 1901 observante
876 1865 1037 1901 wesse-

378 1919 513 1970 lingio.
533 1942 589 1948 —
627 1920 813 1958 Voculam
836 1915 1034 1968 κάλλιστα,

378 1988 495 2028 quam
525 1977 714 2014 Saucrofti
751 1978 846 2014 liber
882 1977 1034 2022 omittit,

377 2032 558 2084 equidem
588 2035 727 2071 retinui
747 2047 836 2071 cum
861 2031 1033 2072 Eustath.

376 2088 424 2126 ad
444 2090 482 2128 It
507 2103 546 2140 p·
570 2092 689 2140 1183,
709 2089 762 2131 42
787 2104 818 2132 s,
842 2091 960 2138 1250,
981 2092 1034 2131 38

377 2145 548 2198 aliisque.

560 2257 651 2308 Cap.
675 2258 843 2296 CXVIII.

432 2332 533 2374 οἶδὲ
552 2331 839 2385 ὗποδεκόμενοι
868 2350 904 2375 κ.
925 2349 958 2373 τ.
977 2336 1030 2384 λ.]

375 2392 580 2442 Exscripsit
615 2391 833 2428 Athenaeus
866 2390 917 2427 lv
945 2404 1031 2442 pag.

379 2448 455 2488 146
473 2449 518 2485 A.
578 2447 638 2484 Ad
654 2449 886 2484 locutionem
903 2447 1031 2494 ἑςπᾶν

374 2506 503 2544 κακοῦ
522 2504 588 2553 (ad
617 2509 803 2541 extremum
821 2517 928 2554 usqne
950 2517 1026 2542 ma-

373 2560 443 2598 lum
473 2575 500 2597 s.
521 2562 720 2610 miseriam)
753 2562 852 2599 conf.
893 2559 1028 2598 Matth.

373 2618 440 2654 Gr.
461 2618 527 2654 Gr.
549 2618 585 2662 §.
608 2615 700 2664 442,
725 2621 747 2657 3
771 2620 911 2667 p.827.
935 2618 1029 2653 Plu-

375 2686 415 2711 ra
432 2672 478 2710 de
499 2673 688 2710 locutione
711 2687 813 2709 nunc
833 2675 918 2711 satis
938 2681 1027 2710 nota

375 2731 527 2780 collegit
547 2729 593 2766 ad
611 2728 646 2766 h.
667 2730 690 2769 l.
710 2729 894 2767 Valcken.
952 2732 1026 2766 Pro

373 2782 561 2827 α’πικέατο
580 2787 834 2840 quatuorlibri
846 2781 1028 2835 άπίκατο,

1095 1255 1193 1294 quae
1210 1241 1578 1294 Plusqllamperfecti
1600 1246 1653 1279 est
1672 1241 1751 1278 for-

1093 1311 1157 1335 ma
1185 1297 1277 1347 (IV,
1302 1297 1392 1339 140.
1412 1299 1497 1347 vll,
1522 1299 1613 1340 153.
1637 1297 1751 1347 157).

1093 1354 1193 1392 Illud
1222 1356 1362 1391 Ionum
1382 1368 1488 1392 more
1517 1354 1659 1392 dictum
1679 1366 1749 1404 pro

1095 1407 1298 1451 άπίκοντο.
1356 1411 1443 1448 Vid.
1483 1413 1513 1459 Ι,
1547 1411 1640 1452 152.
1668 1411 1749 1458 V11,

1096 1470 1187 1508 131.
1228 1467 1289 1504 Ad
1309 1481 1444 1505 vocem
1466 1464 1682 1515 ἀνάστατος
1695 1467 1744 1504 cf.

1093 1526 1123 1572 Ι,
1153 1527 1204 1565 76
1226 1525 1355 1576 ibique
1376 1531 1473 1564 nott.

1149 1598 1247 1642 ’ὅκου
1281 1618 1323 1655 γε
1355 1603 1537 1643 Θασίοισι
1563 1617 1600 1641 κ.
1621 1616 1655 1640 τ.
1692 1600 1748 1649 λ.]

1091 1660 1191 1695 Mate
1207 1674 1249 1710 γε
1271 1672 1291 1695 a
1313 1659 1540 1711 quibusdam
1562 1659 1664 1695 libris
1679 1658 1749 1694 ab-

1093 1723 1159 1754 est.
1192 1715 1300 1752 Valet
1321 1724 1449 1753 autem
1471 1712 1567 1755 ὅκου
1581 1729 1621 1766 γε
1638 1727 1749 1764 quan-

1094 1772 1296 1822 doquidem3
1339 1772 1441 1810 conf.
1470 1773 1499 1820 1,
1532 1773 1584 1812 68
1620 1772 1749 1822 ibique

1092 1836 1187 1867 nott.
1219 1830 1417 1879 Antipater
1447 1842 1468 1865 a
1500 1828 1644 1865 civibus
1674 1827 1748 1864 suis

1093 1884 1258 1922 delectus
1289 1886 1409 1922 suits.
1439 1885 1590 1936 publice
1611 1884 1749 1921 cousti-

1091 1949 1205 1988 tutus,
1238 1949 1291 1989 ut,
1313 1954 1564 1994 quaecunque
1583 1939 1631 1976 ad
1646 1941 1748 1976 Xer-

1093 2000 1150 2035 xis
1168 1999 1377 2035 exercitum
1398 1999 1466 2035 rite
1479 1995 1747 2047 excipiendum

1089 2056 1333 2105 pertinerent,
1347 2055 1502 2091 civitatis
1514 2051 1746 2089 Thasiorum

1088 2112 1246 2147 nomine
1271 2116 1509 2161 procuraret,
1539 2115 1652 2159 atque
1674 2121 1745 2158 pe-

1089 2168 1343 2204 cuuiaridrum
1357 2168 1615 2216 impensarum
1627 2166 1743 2201 ratio-

1087 2235 1179 2258 nem
1217 2229 1346 2273 postea
1385 2222 1526 2258 civibus
1556 2220 1743 2258 redderet.

1088 2278 1148 2314 Ad
1161 2291 1275 2330 quam
1286 2280 1544 2329 impensarum
1556 2278 1743 2315 rationem

1087 2334 1352 2385 praestandam
1390 2335 1552 2386 pertinet
1582 2335 1743 2372 verbum

1088 2387 1267 2439 ἀπέδειξε
1287 2393 1311 2428 i.
1326 2405 1358 2430 e.
1381 2392 1691 2428 commonstravit
1701 2392 1742 2427 in

1088 2460 1340 2497 expensarum
1361 2448 1496 2485 tabulis
1512 2448 1651 2485 civitati
1672 2460 1742 2484 ex-

1086 2502 1210 2541 hibitis
1266 2505 1431 2541 insumta
1477 2517 1556 2541 esse
1603 2504 1742 2540 talenta

1085 2560 1361 2611 quadringenta
1402 2567 1599 2611 argentea,
1629 2572 1740 2611 qnae,

1085 2618 1310 2654 Wurmium
1330 2619 1360 2654 si
1379 2629 1595 2668 sequamur,
1617 2617 1739 2653 confi-

1084 2675 1187 2710 ciunt
1198 2687 1388 2710 summam
1405 2674 1579 2721 579‚O72
1590 2671 1739 2712 thalerr.

1082 2732 1252 2767 Saxonn.
1261 2729 1307 2770 14
1317 2731 1511 2780 gross.sive
1523 2730 1740 2777 2‚224,36O

1083 2787 1224 2825 france.
1259 2787 1415 2824 Gallice.
1430 2786 1738 2834 sive1‚042‚330

1753 719 1832 761 557
