1897 3340
12 0 18 88 l

12 113 17 151 t

12 164 17 345 Ξ

12 384 16 437 ἰ

57 1150 121 1195 93

590 225 890 264 ERATO.
951 225 1027 261 VI.

1361 227 1443 267 357

186 340 330 393 ζημίη,
373 338 487 392 χίλια
528 334 718 377 τάλαντα
759 333 948 384 ἐκτίσαι,
993 331 1256 376 πεντακόσια
1296 332 1446 375 ἑκατέ-

158 411 179 445 4
192 423 309 458 ρους.

379 401 618 447 Σικυώνιοι
664 402 742 456 μέν
792 418 877 444 νυν
923 400 1181 456 συγγνόντες
1227 398 1446 456 ἀδικῆσαι,

184 471 487 528 ὡμολόγησαν,
536 467 693 512 ἑκατὸν
729 467 920 511 τάλαντα
959 470 1221 518 ἐκτίσαντες,
1268 466 1440 523 ἀζήμιοι
1456 474 1528 513 4ο,

182 539 314 584 εἶναι·

373 539 600 593 Αἰγινῆται
631 536 676 580 δὲ
708 535 807 580 οὔτε
830 535 1226 592 συνεγινώσκοντο,
1256 537 1372 591 ἦσάν
1400 552 1444 580 τε

155 605 508 660 5αὐθαδέστεροι.
554 604 626 647 διὰ
653 603 705 660 δή
739 599 802 647 ὧν
824 617 902 659 σφι
925 608 1061 647 ταῦτα
1091 605 1335 659 δεομένοισι
1358 602 1444 648 ἀπὸ

179 675 258 730 μὲν
285 675 364 717 τοῦ
393 674 606 728 δημοσίου
636 670 781 724 οὐδεὶς
806 671 1005 729 Ἀργείων
1035 672 1094 715 ἔτι
1124 669 1324 728 ἐβοήθεε,
1356 671 1444 715 ἐθε-

178 740 393 800 λονταὶγδὲ
425 741 465 792 ἐς
494 743 679 796 χιλίους·
711 735 786 798 ἦγε
815 740 860 784 δὲ
880 738 1043 790 αὐτούς
1067 739 1305 795 στρατηγὸς
1335 739 1445 796 ἀνὴρ

151 805 219 869 695
247 809 420 865 οὔνομα
450 808 728 866 Εὐρυβάτης,
758 807 1031 851 πεντάεθλον
1051 806 1308 864 ἐπασκήσας.
1338 809 1501 851 τού-45

177 893 265 921 των
295 879 338 920 οἱ
365 880 546 928 πλεῦνες
575 874 656 921 οὐκ
686 875 988 930 ἀπενόστησαν
1019 874 1178 927 ὀπίσω,
1222 873 1320 918 ἀλλ’
1352 875 1446 918 ἐτε-

178 944 388 1001 λεύτησαν
403 943 485 988 ὑπ’
510 943 752 1002 Ἀθηναίων
777 944 823 987 ἐν
843 945 1017 1000 Αἰγίνῃ·
1051 941 1182 994 αὐτὸς
1203 943 1248 986 δὲ
1267 941 1290 986 ὁ
1315 955 1444 997 στρα-

176 1013 303 1069 τηγὸς
355 1012 637 1069 Εὐρυβάτης,
693 1013 995 1069 μουνομαχίην
1040 1011 1281 1063 ἐπασκέων,
1333 1015 1446 1065 τρεῖς

178 1081 257 1137 μὲν
289 1080 453 1136 ἄνδρας
482 1082 625 1141 τρόπῳ
654 1081 839 1137 τοιούτῳ
870 1082 1047 1131 κτείνει,
1076 1079 1165 1122 ὑπὸ
1199 1078 1244 1122 δὲ
1269 1083 1350 1122 τοῦ
1379 1096 1446 1122 τε·

178 1149 341 1204 τάρτου
379 1150 624 1207 Σωφάνεος
661 1153 740 1193 τοῦ
778 1148 983 1198 Δεκελέος
1022 1146 1307 1202 ἀποθνήσκει.

1366 1150 1445 1190 Αἰ-
1455 1154 1496 1188 50

177 1222 350 1273 γινῆται
383 1219 452 1271 δὲ,
494 1219 615 1262 ἐοῦσι
655 1218 878 1261 ἀτάκτοισι
904 1215 1173 1270 Ἀθηναίοισι
1203 1215 1447 1271 συμβαλόν-

178 1302 245 1337 τες
274 1291 373 1343 τῇσι
403 1288 546 1342 νηυσὶ,
584 1288 814 1342 ἐνίκησαν·
845 1287 919 1328 καί
946 1295 1092 1340 σφεων
1114 1284 1213 1334 νέας
1244 1284 1446 1338 τέσσερας

181 1353 286 1397 αὐτο
293 1359 352 1398 ῐσι
382 1354 568 1409 ἀνδράσι
599 1352 727 1397 εἷλον.

257 1431 529 1489 Ἀθηναίοισι
560 1434 637 1486 μὲν
674 1432 726 1487 δὴ
755 1432 943 1484 πόλεμος
972 1433 1163 1485 συνῆπτο
1185 1431 1293 1483 πρὸς
1322 1432 1446 1486 Αἰγι-

180 1500 324 1557 νήτας.
377 1501 426 1543 Ὁ
457 1501 502 1543 δὲ
533 1502 704 1556 Πέρσης
732 1500 780 1543 τὸ
813 1499 981 1542 ἑωυτοῦ
1011 1497 1166 1551 ἐποίεε,
1199 1499 1307 1542 ὥστε
1339 1498 1445 1542 ἀνα-

175 1568 489 1624 μιμνήσκοντός
530 1584 574 1610 τε
612 1569 695 1611 αιέὶ
731 1571 810 1610 τοῦ
838 1565 1141 1620 θεράποντος,
1194 1569 1497 1622 μεμνῆσθαί55

176 1653 252 1692 μιν
278 1640 367 1679 τῶν
395 1635 655 1692 Ἀθηναίων,
686 1636 758 1679 καὶ
790 1635 1178 1688 Πεισιστρατιδέων
1199 1648 1446 1692 προσκατη-

176 1705 339 1759 μένων,
373 1705 446 1748 καὶ
477 1702 802 1760 διαβαλλόντων
830 1703 1111 1758 Ἀθηναίους·
1143 1702 1232 1757 ἅμα
1263 1703 1308 1746 δὲ
1338 1707 1445 1760 βου-

177 1771 360 1827 λόμενος
399 1771 422 1816 ὁ
461 1777 674 1824 Δαρεῖος,
719 1772 880 1827 ταύτης
922 1771 1123 1825 ἐχόμενος
1158 1774 1234 1826 τῆς
1270 1771 1445 1827 προφά-

178 1852 294 1892 σιος,
325 1842 704 1896 καταστρέφεσθαι
733 1844 808 1896 τῆς
830 1838 1035 1889 Ἑλλάδος
1064 1838 1168 1889 τοὺς
1196 1839 1254 1894 μή
1288 1837 1445 1890 δόντας

149 1908 302 1965 Ξαύτςό
330 1914 412 1965 γῆν
432 1926 475 1953 τε
506 1909 578 1952 καὶ
605 1907 739 1963 ὕδωρ.
798 1907 1065 1960 Μαρδόνιον
1094 1906 1174 1962 μὲν
1207 1905 1444 1962 δη,’φλαύ-

123 2101 170 2139 ad
194 2104 237 2140 Il.
257 2105 275 2139 Ι
300 2117 389 2155 pag.
415 2107 506 2151 110,
532 2107 577 2144 11
601 2118 629 2142 ⁵.
653 2107 719 2152 83,
742 2104 781 2146 5·

124 2160 234 2197 Couf.
254 2162 310 2197 IX
324 2191 333 2209 ,
355 2161 423 2202 75.
482 2161 555 2205 Qui
575 2161 781 2211 Eurybates

124 2216 170 2252 ab
198 2217 390 2255 Herodoto
412 2224 570 2254 vocatur
584 2248 593 2266 ‚
625 2219 704 2254 aliis
727 2224 782 2260 est

123 2272 359 2324 EuryMtus,
388 2273 596 2311 fluctuante
616 2276 781 2325 scriptu-

126 2342 165 2365 ra
183 2361 191 2377 ‚
222 2338 264 2367 ut
285 2332 456 2367 observat
476 2332 598 2368 Marx.
635 2332 651 2381 (
668 2345 688 2367 a
713 2331 780 2369 Cr.

126 2387 325 2436 excitatus)
359 2385 407 2423 ad
425 2386 569 2437 Ephori
598 2389 777 2439 fragmm.

125 2455 212 2493 pag.
231 2445 324 2483 207.

329 2531 421 2583 Cap.
439 2532 574 2569 XCIV.

184 2608 206 2649 ὁ
249 2608 290 2649 δὲ
339 2609 497 2661 Πέρσης
536 2607 579 2650 τὸ
632 2609 781 2650 ἑωυτοῦ

128 2664 283 2714 ἐποίεε]
316 2667 439 2704 Simili
455 2674 564 2718 pacto
586 2667 781 2717 aliquoties

128 2721 319 2770 Aelianus,
362 2730 518 2760 notante
556 2723 700 2759 Jacobs.
733 2722 782 2760 ad

129 2775 309 2814 Eiusdem
337 2780 383 2815 N.
412 2780 460 2818 A.
491 2781 520 2827 1,
543 2782 581 2826 9,
607 2779 674 2815 ubi
694 2779 782 2816 citat

130 2833 170 2871 C.
193 2834 234 2869 F.
251 2835 459 2872 Hermann.
479 2835 527 2872 ad
547 2836 704 2875 Lucian.
725 2837 781 2871 De

838 2104 933 2140 Hist.
957 2103 1151 2141 Conscrib.
1172 2105 1365 2153 pag.330.
1396 2101 1498 2140 Add.

838 2161 986 2199 Aelian.
1009 2162 1054 2198 N.
1078 2161 1125 2197 A.
1147 2161 1221 2205 XI,
1243 2160 1309 2199 33.

895 2213 993 2256 ὥστε
1039 2210 1415 2268 ἀναμιμνήσκοντός
1458 2230 1497 2255 τε

837 2272 913 2312 αἰεὶ
943 2290 979 2312 κ.
1011 2289 1043 2313 τ.
1077 2275 1132 2322 λ.]
1181 2275 1238 2309 De
1266 2271 1337 2309 hac
1358 2285 1399 2308 re
1419 2271 1496 2309 vid.

835 2330 880 2376 V,
909 2330 983 2370 105
1016 2337 1052 2366 et
1088 2330 1134 2367 de
1172 2329 1309 2367 vocula
1331 2325 1426 2367 ὥστε
1446 2330 1495 2366 cf.

837 2393 930 2425 nott.
954 2386 1003 2424 ad
1023 2388 1067 2434 V,
1091 2386 1168 2435 353
1205 2385 1252 2423 de
1273 2386 1389 2422 verbo
1412 2386 1494 2424 δια-

837 2440 999 2494 βάλλειν
1039 2444 1140 2480 conf.
1167 2450 1262 2480 nott.
1294 2441 1342 2479 ad
1362 2443 1406 2490 V,
1429 2443 1495 2489 35,

837 2507 874 2536 et
895 2499 942 2536 de
970 2501 1135 2537 formula
1167 2500 1311 2539 δοῦναι
1345 2501 1423 2550 γῆν
1457 2513 1496 2538 τε

837 2555 903 2594 καὶ
952 2553 1063 2608 ’ὕδωρ
1104 2563 1202 2593 nott.
1246 2555 1295 2592 ad
1335 2556 1388 2602 V,
1430 2558 1494 2594 17.

1501 1146 1570 1185 ppst
1593 1144 1759 1180 Aeginetae

1500 1183 1635 1206 vincunt.

1503 1425 1632 1455 Suffecti
1647 1426 1677 1454 in
1692 1427 1776 1454 Mar-

1503 1461 1586 1489 donii
1601 1462 1698 1488 locum
1714 1462 1775 1488 Da-

1501 1495 1539 1522 tis
1559 1499 1590 1522 et
1616 1494 1771 1530 Artapher-

1503 1537 1557 1555 nes
1571 1529 1608 1556 ad
1619 1528 1774 1556 Eretriam

1503 1563 1695 1598 Athenasque
1712 1571 1763 1590 ex-

1502 1597 1692 1632 pugnandas,

837 2612 1142 2650 Adlocutiouem
1158 2609 1348 2663 φλαύρως
1366 2609 1496 2661 πρήσ-
1522 2617 1538 2622 “

838 2680 921 2706 σειν
965 2669 1083 2719 (male
1106 2683 1176 2706 rem
1203 2681 1333 2718 gerere,
1364 2667 1493 2715 agere.)

837 2725 976 2762 similes
1015 2727 1223 2763 locutiones
1252 2723 1495 2761 conferantur

836 2781 902 2828 111,
924 2783 976 2822 27
998 2783 1085 2819 coll.
1104 2783 1149 2828 V,
1163 2780 1229 2820 34.
1250 2780 1316 2820 35.
1338 2778 1401 2825 VI,
1419 2776 1495 2818 135

839 2837 967 2888 ibique
999 2844 1094 2874 nott.
1153 2838 1251 2872 Hinc
1278 2836 1359 2881 VII,
1385 2837 1435 2874 10
1457 2834 1494 2877 ξ.
