1897 3340
583 158 889 200 ERATO.
949 159 1021 196 VI.
1353 162 1436 202 813

177 276 246 326 δὲ,
278 269 556 328 ἐπιστάμενός
584 285 628 313 τε
657 267 736 312 τόν
764 267 924 322 χρόνον
951 269 1011 323 τῷ
1039 263 1222 322 ἠγάγετο
1253 266 1335 322 τήν
1361 284 1434 321 γυ-

176 347 328 393 ναῖκα,
368 340 439 383 καὶ
459 339 526 382 ἐπὶ
557 334 784 379 δακτύλων
813 333 1186 390 συμβαλλεόμενος
1215 334 1320 385 τοὺς
1351 338 1433 390 μῆ-

148 415 284 460 8νας,
325 406 413 452 εἷπε
452 403 692 459 ἀπομόσας,
731 402 856 455 ,,Οὐκ
887 403 942 445 ἂν
982 401 1084 456 ἐμὸς
1121 403 1225 456 ε’ίη.“
1290 406 1431 445 Τοῦτο

174 475 371 532 ἤκουσαν
394 473 472 529 μὲν
502 474 544 515 οἱ
565 471 742 526 ἔφοροι·
772 474 950 526 πρῆγμα
972 469 1116 523 μέντοι
1141 467 1274 513 οὐδὲν
1291 469 1434 525 imon]-
1446 478 1492 511 70

176 555 307 587 σαντο
346 541 394 584 τὸ
434 541 695 594 παραυτίκα.
758 537 782 583 ὁ
821 538 866 581 δὲ
905 543 1007 588 παῖς
1043 536 1219 594 ηὔξετο,
1259 539 1333 581 καὶ,
1373 542 1433 597 τῷ

169 609 393 665 Ἀρίστωνι
421 607 470 652 τὸ
506 607 734 664 εἰρημένον
781 606 1000 663 μετέμελε·
1043 606 1180 648 παῖδα
1227 605 1312 662 γὰρ
1356 606 1435 650 τὸν

117 807 224 841 mur,
258 795 321 830 ille
349 785 441 831 sedit
469 794 506 829 in
528 805 682 830 consessu
695 804 772 829 cum
829 792 939 828 rebus
988 789 1254 842 computandis
1294 793 1492 827 uterentur

117 851 271 901 ephoris3
293 864 384 887 nam
404 852 545 888 θῶκον
566 850 628 885 ille
650 851 774 899 posuit

117 909 332 944 Homerum
364 908 538 953 imitans,
579 908 618 942 iu
641 905 774 957 Odyss-

119 964 164 1011 V,
185 967 231 1004 3:
274 964 315 1003 οἱ
343 961 386 1003 δὲ
420 961 512 1002 θεοὶ
545 960 776 1001 θῶκόνδε

119 1021 339 1067 καθίζανον
354 1048 368 1065 ,
405 1021 471 1056 ubi
497 1018 716 1056 Eustathius
737 1033 776 1070 p.

123 1077 241 1123 1520,
273 1080 325 1117 37
353 1078 620 1127 interpretatur
639 1073 681 1115 τὸ
714 1075 779 1115 ε’κ-

120 1129 356 1183 κλησιοὲζειν,
379 1134 591 1182 refragante
610 1130 777 1170 Nitzsch.

120 1202 208 1240 pag.
230 1190 268 1237 4,
292 1192 443 1241 quinon
463 1197 541 1226 tam
552 1189 597 1226 de
618 1190 780 1226 solemni

122 1245 282 1283 deorum
304 1253 494 1283 conventu
515 1259 631 1298 quam
653 1246 698 1283 de
719 1246 780 1281 fa-

121 1303 259 1340 miliari
278 1304 464 1355 solitoque
495 1301 655 1339 deorum
685 1316 780 1339 con-

121 1366 240 1397 ventu
278 1372 308 1396 s.
348 1372 523 1397 consessu
562 1358 636 1396 hoc
678 1360 780 1395 acci-

121 1417 161 1468 pi
180 1409 274 1453 vult.
335 1416 496 1453 Creuzer.
518 1415 566 1452 de
586 1429 679 1453 voce
704 1416 780 1454 &5-

122 1487 191 1518 κος
202 1474 347 1509 consuli
358 1474 476 1509 voluit
487 1473 666 1523 Apollon.
682 1474 778 1509 Lex.

122 1530 278 1566 Homer.
311 1542 349 1579 p.
379 1528 460 1570 354
487 1530 615 1581 ibique
635 1529 779 1565 Villois.

124 1592 161 1622 et
180 1586 296 1632 Tou„
323 1585 389 1621 ubi
409 1587 548 1624 θῶκον
574 1587 781 1622 Gramma-

122 1642 217 1679 ticus
238 1643 394 1691 exponit
406 1639 448 1680 τὸ
462 1641 680 1692 συνέδριον.
701 1643 781 1678 Ita—

123 1711 199 1750 que
228 1697 378 1736 videtur
402 1696 442 1734 h.
469 1699 495 1735 l.
533 1697 781 1749 intelligenda

121 1753 366 1806 Ephororum
387 1755 490 1791 curia
516 1752 559 1794 τὸ
579 1757 659 1793 τῶν
688 1750 782 1803 ἐφό-

125 1826 206 1861 ρων
218 1806 388 1861 οἷρχεῑον,
409 1808 453 1849 vd
476 1806 698 1861 Ἐφορεῖον,
718 1811 782 1847 ubi

123 1866 268 1919 Ephori
284 1867 530 1904 considebant
542 1875 654 1919 atque
667 1869 782 1904 etiam

125 1926 380 1962 communiter
401 1925 662 1975 epulabantur,
679 1931 783 1960 exte-

124 1994 184 2018 ros
195 1982 337 2031 legatos
348 1982 665 2032 recipieba11t‚alia
676 1993 783 2018 cura-

124 2038 216 2075 bant
231 2039 374 2074 munia.
398 2037 483 2074 Vid.
503 2040 604 2075 Xen.
625 2039 782 2088 Ages.I,

126 2096 192 2135 36.
206 2095 317 2131 Paus.
338 2095 403 2141 ΙΙΙ,
418 2097 465 2134 11
483 2096 519 2140 ξ.
532 2097 611 2136 2.8.
631 2096 782 2132 Aelian-

124 2152 172 2187 N.
183 2151 230 2189 A.
251 2152 320 2198 XI,
339 2153 388 2191 19
405 2151 470 2189 fin.
493 2158 530 2188 et
550 2152 592 2188 G.
615 2153 663 2189 ΟΔ
680 2152 784 2188 Mul-

126 2207 193 2244 ler.
221 2209 312 2244 Dor.
333 2209 367 2243 ΙΙ
387 2221 425 2258 p.
449 2207 540 2256 125,
568 2210 635 2260 qui
663 2209 782 2251 hocce

128 2259 286 2313 ἀρχεῖον
307 2261 538 2314 ephororum
558 2279 647 2302 cum
659 2264 783 2302 Athe-

129 2320 319 2356 niensiiun
360 2327 544 2372 prytaneo
575 2328 783 2374 comparat.

188 2428 255 2468 καὶ
281 2429 344 2469 ἐπὶ
376 2430 578 2473 δακτύλων
607 2434 784 2485 συμβαλ-

99 2509 111 2530 1
136 2482 340 2536 λεόμενος]
362 2487 423 2524 Ad
436 2490 594 2526 verbum
609 2491 786 2540 συμβαλ-

137 2537 321 2592 λεόμενος
350 2545 451 2581 conf.
480 2546 510 2592 Ι,
542 2548 607 2586 66.
638 2548 702 2593 111,
734 2549 789 2587 68

138 2597 265 2648 ibique
291 2606 386 2636 nott.
408 2607 445 2637 et
473 2599 520 2637 ad
555 2599 619 2639 ἐπὶ
637 2598 790 2651 {docuni-

139 2655 218 2691 λων
247 2654 412 2694 Gronov.
441 2658 563 2693 Lectt.
591 2657 731 2694 Plauti.
750 2671 791 2708 p.

142 2711 237 2749 222.
265 2710 379 2761 Apud
398 2720 541 2750 veteres
563 2714 665 2749 enim
683 2726 791 2750 more

143 2771 339 2816 receptum
357 2775 447 2817 erat,
477 2776 521 2807 ut
538 2770 580 2806 in
600 2770 794 2822 quibusvis

832 848 978 899 digitis,
1026 849 1125 885 bene
1174 855 1356 884 monente
1394 849 1493 884 Lar-

832 904 945 943 chero
959 935 968 952 ‚
1008 907 1074 956 qui
1104 906 1194 942 citat
1230 905 1401 941 Iuvenal.
1440 906 1492 952 X,

833 960 928 1009 248,
953 960 1046 1012 (ubi
1076 962 1222 998 consul.
1261 961 1493 1012 interpreu.)

835 1026 871 1055 et
890 1019 1034 1055 Iacobs.
1057 1018 1104 1055 ad
1125 1017 1282 1055 Anthol.
1312 1020 1377 1056 Gr.
1393 1020 1427 1054 ΙΙ
1447 1019 1494 1055 Ρ.

835 1078 860 1115 3
891 1075 1037 1124 (Tom.
1056 1077 1135 1122 X.)
1165 1090 1202 1126 p.
1234 1074 1328 1116 242.
1394 1076 1493 1111 Hinc

835 1132 964 1168 Bedae
1006 1139 1184 1169 tractatus
1221 1131 1267 1168 de
1300 1133 1494 1182 Computu

835 1190 896 1226 vel
916 1190 1085 1240 Loquela
1110 1203 1178 1240 per
1209 1196 1360 1239 gestum
1393 1189 1495 1239 digi-

835 1252 982 1292 torum,
1015 1246 1106 1296 Opp.
1136 1247 1154 1281 I
1182 1259 1269 1296 pag.
1299 1246 1393 1286 572.
1442 1246 1494 1282 At

836 1301 883 1338 de
916 1301 1127 1339 istiusmodi
1159 1309 1342 1353 computu
1377 1302 1497 1339 artifi-

836 1360 936 1396 cioso
960 1357 1019 1395 hic
1040 1360 1165 1395 nullus
1185 1373 1331 1406 sermo,
1354 1360 1419 1395 ubi
1447 1358 1496 1395 de

835 1417 995 1466 simplici
1017 1429 1114 1467 quae
1134 1429 1202 1466 per
1222 1415 1356 1466 digitos
1368 1416 1495 1464 fiebat,

836 1472 1084 1522 computandi
1105 1474 1251 1508 ratione
1272 1474 1407 1522 agitur.

895 1524 980 1566 Οὔκ
1002 1525 1051 1567 ἂν
1069 1526 1155 1578 ε’μὸς
1177 1528 1264 1578 εἴη]
1297 1531 1354 1564 De
1385 1535 1498 1579 opta-

835 1585 904 1622 tivi
918 1587 1062 1621 ratione
1081 1585 1158 1622 vid.
1181 1584 1316 1622 Matth.
1340 1587 1404 1622 Gr.
1428 1587 1496 1625 Gr.

835 1645 1015 1692 pag-977
1039 1649 1074 1679 et
1095 1641 1142 1679 de
1154 1643 1234 1692 ipso
1251 1655 1429 1692 responso
1447 1642 1497 1680 cf.

837 1700 1000 1737 Pausan.
1022 1699 1047 1737 l.
1070 1699 1095 1736 l.
1147 1700 1250 1735 Haec
1272 1701 1375 1735 enim
1396 1699 1499 1736 diiu-

839 1754 1000 1792 dicanda
1021 1768 1041 1791 e
1053 1768 1203 1791 summa
1220 1756 1498 1806 Spartanorum

839 1824 929 1847 cura
942 1839 952 1858 ,
981 1813 1120 1848 iustam
1140 1825 1183 1848 ac
1202 1813 1414 1862 legitimam
1434 1826 1497 1848 re-

838 1880 933 1918 gum
970 1869 1119 1918 prolem
1158 1875 1200 1904 ut
1243 1871 1496 1920 susciperent3

840 1924 915 1977 quit
937 1923 983 1960 de
1004 1939 1044 1961 re
1064 1925 1230 1962 diximus
1250 1925 1298 1961 ad
1319 1927 1362 1973 V,
1385 1929 1452 1967 39.

894 1983 1057 2032 πρῆγμα
1070 1981 1202 2032 μέντοι
1222 1977 1342 2021 ου’ὃὲν
1361 1978 1498 2033 ἐποιή-

841 2049 958 2076 σαντο
979 2035 1024 2077 τό
1042 2039 1295 2089 παραυτίκα]
1335 2039 1501 2087 „Tamen

840 2094 879 2131 id
899 2095 953 2131 m‘l
983 2097 1194 2134 curarunt.“
1253 2096 1309 2132 Ita
1342 2097 1500 2145 Hooge-

839 2164 949 2188 veen.
964 2151 1011 2188 ad
1022 2153 1149 2201 Viger.
1171 2165 1258 2202 pag.
1283 2155 1375 2193 139.
1396 2151 1502 2190 Add.

838 2207 983 2245 Herod.
1021 2209 1102 2256 VII,
1140 2210 1232 2249 150.
1299 2211 1393 2246 Mox
1430 2222 1500 2260 pro

838 2266 943 2315 vulg.
959 2262 1110 2313 αὔξετο,
1133 2264 1237 2317 quod
1247 2264 1415 2303 Bekker.
1436 2279 1501 2301 re-

839 2323 964 2369 tinuit,
996 2321 1176 2374 equidem
1201 2335 1290 2359 cum
1311 2321 1500 2360 Gaisford.

841 2378 943 2415 edidi
972 2376 1134 2429 ηὔξετο,
1178 2378 1282 2430 quod
1310 2380 1502 2418 Sancrofti

840 2436 936 2472 liber
953 2435 1230 2486 suppeditabat.

899 2489 944 2531 τό
966 2491 1176 2542 εἰρημένον
1196 2491 1398 2543 μετέμελε]
1429 2492 1504 2528 Ata

843 2548 928 2597 figit
955 2547 1091 2585 Matth.
1121 2550 1187 2585 Gr.
1209 2550 1275 2585 Gr.
1297 2561 1386 2599 pag.
1407 2547 1503 2587 658.

844 2603 960 2654 Apud
987 2606 1218 2642 PausanIam
1245 2606 1272 2642 1.
1292 2605 1318 2641 l.
1338 2605 1502 2653 legitur:

846 2662 987 2698 τοῦτον
1007 2658 1078 2712 μὲν
1105 2658 1154 2708 δή
1181 2663 1261 2699 τῶν
1286 2657 1502 2711 εἰρημένων

847 2712 1034 2765 μετάνοια
1051 2716 1189 2767 ἔλαβεν
1211 2714 1391 2764 ὕστερον.
1440 2711 1501 2748 Ad

847 2771 1019 2811 dativum
1046 2773 1088 2813 οἱ
1108 2774 1151 2813 in
1171 2773 1353 2823 proximis
1380 2769 1505 2808 verbis
