1897 3340
60 572 215 611 Spmnium
226 508 330 607 ἷξε-τ

60 614 186 667 Ψέξ.’..ἓ“

61 681 131 708 puin
144 673 302 700 Maratho-

62 706 146 734 nium
168 706 303 735 duceret.

189 609 319 644 [tequam

192 648 221 665 ιιι
239 648 320 666 cam-

389 198 474 239 376
790 190 1252 234 HERODOTI

391 305 467 356 νὸς
485 302 651 361 εἰνάτη·
687 304 836 362 εἰνάτῃ
867 306 913 349 δὲ
942 303 1024 349 οὐκ
1054 302 1350 356 ἐξελεύσεσθαι
1380 304 1560 359 ἔφασαν,
1590 303 1648 358 μὴ
1663 309 1708 342 40

391 370 446 416 οὐ
477 372 664 427 πλήρεος
695 372 845 424 ἐόντος
873 377 955 417 τοῦ
984 372 1161 417 κύκλου.
1203 366 1326 416 οὗτοι
1354 371 1434 429 μέν
1461 386 1547 414 νυν
1574 370 1654 426 τὴν

389 440 661 495 πανσέληνον
690 441 858 496 ἔμενον.

476 512 601 551 Τοῖσι
630 507 675 552 δὲ
704 507 967 564 βαρβάροισι
1007 507 1235 564 κατηγέετο
1258 507 1423 563 Ἱππίης
1453 506 1477 550 ὁ
1511 509 1653 550 Πεισι-

395 575 583 629 στράτου
613 575 656 626 ἐς
683 575 762 618 τόν
790 577 1081 629 Μαραθῶνα,
1120 579 1195 631 τῆς
1232 573 1549 630 παροιχομένης
1576 589 1655 617 νυ-

364 643 497 696 Ξκτὸς
527 641 632 694 ὄψιν
662 642 769 686 ἰδών
798 642 847 686 ἐν
873 645 935 699 τῷ
962 640 1089 699 ὕπνῳ
1117 643 1304 698 τοιήνδε.
1351 641 1493 687 ἐδόκεε
1525 642 1547 685 ὁ
1575 641 1710 685 ‘In-44

338 836 419 865 etus
448 827 560 864 fuerit
576 856 586 873 ,
627 827 743 877 pluris
784 824 999 862 faciendam

340 897 431 921 esse.
480 885 537 919 Ac
558 883 618 918 vel
638 884 668 919 si
688 884 894 932 largiamur
903 882 999 918 Plu-

339 938 491 987 tarcho‚
530 940 671 976 festum
699 951 853 989 pugnae
873 940 1000 975 Mara-

338 996 494 1034 thoniae
513 1002 619 1033 sexto
639 994 929 1032 Boedromionis
940 993 1001 1031 die

338 1051 500 1090 Athenis
536 1052 738 1104 quotannis
765 1051 879 1089 fuisse
900 1051 1002 1088 cele-

340 1110 492 1146 bratum
508 1137 518 1155 ‚
548 1109 671 1158 potuit
698 1121 809 1156 sane,
839 1114 882 1144 ut
898 1107 1002 1144 idem

341 1171 474 1202 monet
500 1166 687 1213 Wessel.,
716 1165 896 1202 victoriae
916 1177 1003 1200 me-

347 1223 469 1258 moria
488 1222 674 1259 anteverti
693 1228 730 1258 et
744 1228 852 1258 sexto
874 1220 935 1258 die
946 1233 1004 1257 sa-

340 1280 436 1315 crari
464 1278 526 1316 vel
546 1279 594 1315 ob
625 1279 805 1329 mysteria
831 1284 1003 1314 extremo

337 1332 476 1372 ⁴mense
496 1333 784 1371 Boedromioni
823 1334 1004 1371 celebrari

343 1392 472 1439 solita,
508 1391 569 1429 vel
600 1391 716 1427 aliam
754 1391 803 1428 ob
838 1403 1004 1439 causam,

345 1446 659 1499 quandoquidem
713 1446 1006 1485 Boedromionis

347 1504 408 1541 die
429 1503 578 1541 decimo
597 1510 704 1541 sexto
735 1503 784 1541 ad
809 1502 1006 1540 Maratho-

348 1573 440 1596 nem
471 1567 688 1610 pugnatum
718 1573 796 1597 esse
826 1559 1005 1597 credibile

348 1623 424 1663 est,
455 1629 545 1653 cum
566 1617 743 1667 Spartani
770 1629 874 1653 nono
893 1629 1007 1652 men-

348 1674 396 1710 sis
427 1672 488 1709 die
525 1672 573 1709 ad
605 1673 695 1710 belli
727 1674 1007 1710 consortionem

351 1729 520 1776 invitati,
542 1736 627 1780 post
638 1730 892 1780 plenilunium
913 1742 1008 1766 con-

348 1783 584 1822 secto'tridui
603 1787 757 1833 itinere,
779 1787 901 1822 Persis
922 1798 1008 1822 mo-

349 1842 398 1878 do
420 1841 644 1893 profligatis,
681 1840 850 1879 Athenas
872 1840 1010 1878 adcur-

351 1905 489 1936 rerent.
555 1900 690 1951 Neque
733 1897 805 1936 hoc
843 1899 1008 1936 insolens

351 1956 486 2003 fuisse,
525 1962 567 1992 ut
595 1955 774 1993 victoriae
800 1955 940 1992 festum
969 1956 1009 1992 in

352 2012 470 2047 alium
500 2011 603 2048 diem
629 2012 742 2048 suerit
774 2012 1010 2060 translatum,

354 2067 492 2104 docent
531 2066 773 2115 Eleutheria,
811 2069 850 2104 in
890 2069 1013 2105 victo-

355 2125 431 2159 riae
451 2124 681 2162 Plataeensis
700 2125 928 2160 memoriam
952 2123 1013 2161 die

356 2180 445 2216 XIV
502 2182 640 2217 mensis
687 2181 1016 2217 Maemacterionis

359 2242 528 2286 peracta,
550 2249 639 2273 cum
656 2237 734 2286 ipsa
755 2248 883 2286 pugna
906 2249 1015 2273 com-

357 2293 470 2328 missa
509 2292 555 2329 sit
582 2299 715 2344 quarto
755 2291 816 2328 die
843 2291 1016 2329 Boedro—

359 2349 516 2395 mionis,
546 2355 640 2385 teste
668 2349 770 2385 Plut.
794 2348 909 2385 Arist.
932 2361 1015 2399 cap.

361 2407 427 2444 21.
484 2403 634 2442 Eadem
667 2405 852 2442 sententia
872 2405 1017 2442 Corsini

364 2461 462 2497 Fast.
487 2462 566 2498 Att.
585 2462 635 2498 lV
657 2474 694 2511 p.
720 2459 811 2501 184.

420 2513 472 2567 μή
505 2512 554 2556 οὔ
581 2513 752 2568 πλήρεος
781 2513 915 2562 ἐόντος
945 2518 1015 2556 τοῦ

364 2569 540 2621 κύκλου]
594 2575 619 2610 i.
650 2587 683 2610 e.
705 2575 776 2610 nisi
797 2572 903 2623 plena
932 2578 1017 2610 esset

365 2629 452 2666 luna
470 2643 498 2666 s.
529 2630 758 2667 novilunium.
816 2628 878 2665 Ad
899 2629 1017 2679 parti-

364 2686 466 2722 culas
486 2682 539 2736 μή
569 2681 619 2725 ου’
651 2686 752 2723 conf.
782 2684 917 2722 Matth.
950 2687 1015 2724 Gr.

365 2744 431 2778 Gr.
462 2754 548 2793 pag.
582 2745 703 2782 1230.
741 2742 1016 2792 Spartanorum

365 2800 401 2833 in
437 2799 570 2837 talibus
599 2799 901 2849 superstitionem
929 2797 1016 2836 inde

1057 827 1278 876 repetimus,
1329 825 1433 878 quod
1459 826 1618 877 Spartae
1651 826 1712 862 lu-

1057 883 1162 918 naria
1183 883 1342 918 numina
1352 883 1522 932 inprimis
1533 883 1713 919 coleban-

1056 945 1138 975 tur:
1181 938 1228 975 de
1260 952 1335 991 quo
1356 939 1464 989 plura
1484 940 1524 975 iu
1539 940 1714 975 Excursu

1056 995 1108 1032 1V
1128 992 1176 1031 ad
1190 995 1253 1043 VI,
1275 996 1328 1034 69
1353 1008 1432 1046 seq.
1488 995 1607 1045 Ipsius
1628 1008 1716 1031 mo-

1058 1052 1131 1100 ris,
1162 1064 1238 1103 quo
1267 1052 1481 1088 Laconibus
1513 1064 1592 1088 nou
1611 1051 1716 1088 licuit

1060 1114 1148 1144 ante
1186 1108 1439 1158 plenilmiium
1487 1106 1536 1145 ad
1573 1108 1717 1144 bellum

1059 1163 1265 1215 proficisci,
1293 1165 1419 1214 plures
1443 1170 1554 1201 testes
1579 1164 1718 1201 excitat

1060 1219 1109 1257 ad
1138 1219 1178 1257 h.
1203 1221 1229 1260 l.
1264 1219 1475 1258 Larcherus
1502 1222 1668 1257 Pausan.
1687 1221 1718 1267 Ι,

1060 1278 1112 1318 28
1144 1278 1182 1322 ξ.
1212 1276 1253 1318 4.
1272 1278 1430 1314 Luciau.
1463 1278 1522 1314 De
1542 1278 1718 1327 astrolog.
1769 1261 1785 1277 ”

1061 1332 1114 1374 25
1146 1334 1196 1370 T.
1233 1334 1269 1369 Π
1308 1347 1347 1384 Ρ.
1378 1336 1453 1374 371
1488 1334 1624 1381 Reitz.,
1655 1334 1720 1385 qui

1060 1391 1239 1441 Lycurgo
1258 1391 1334 1427 tale
1352 1391 1567 1427 institutum
1578 1389 1720 1427 adscri-

1062 1447 1129 1494 bit,
1159 1445 1353 1485 Plutarch.
1371 1448 1405 1482 11
1423 1453 1463 1497 Ρ.
1479 1447 1598 1488 1157.
1619 1448 1722 1483 Her-

1061 1515 1218 1554 mogen.
1238 1505 1296 1539 De
1328 1504 1473 1541 invent.
1493 1504 1529 1539 Il
1543 1515 1630 1554 pag.
1653 1501 1721 1544 45.

1063 1558 1246 1596 Herodoti
1265 1560 1395 1596 locum
1415 1558 1464 1596 ad
1493 1557 1722 1610 Hyacinthia

1063 1622 1100 1652 et
1122 1616 1267 1652 Carnea
1286 1622 1437 1653 tantum
1455 1616 1584 1652 referri
1599 1628 1726 1666 posse,

1063 1671 1253 1724 siquidem
1293 1685 1370 1709 uno
1408 1685 1541 1709 mense
1578 1672 1725 1709 Carneo

1065 1728 1243 1779 Spartani
1262 1741 1341 1765 non
1362 1735 1450 1765 aute
1470 1729 1528 1779 ple
1537 1729 1726 1765 nilunimn

1065 1783 1114 1821 ad
1152 1786 1298 1821 bellum
1327 1787 1466 1835 egressi
1493 1784 1654 1832 fuerint,
1682 1785 1728 1823 C.

1068 1842 1112 1880 Ο.
1142 1842 1303 1878 Mallem
1335 1842 1558 1879 observante
1588 1841 1728 1891 (Dorr.

1067 1899 1102 1934 Π
1121 1911 1161 1949 p.
1181 1898 1283 1948 248)
1300 1927 1310 1947 ‚
1333 1897 1462 1936 docuit
1491 1897 1665 1936 Boeckh.
1685 1900 1727 1935 in

1065 1954 1150 1992 Ind.
1170 1955 1291 1992 Lectt.
1312 1955 1441 1996 aestiv.
1461 1955 1584 1993 Berol.
1609 1956 1728 1994 1816.

1066 2013 1124 2047 De
1154 2011 1307 2048 Carneis
1327 2010 1404 2050 vid.
1426 2011 1508 2060 VII,
1530 2013 1612 2052 206
1631 2011 1724 2063 ibiq.

1069 2074 1166 2104 nott.

1291 2123 1381 2174 Cap.
1395 2123 1507 2160 CVII.

1129 2177 1362 2231 κατηγέετο]
1404 2180 1523 2216 Plane
1561 2184 1602 2214 ut
1630 2178 1730 2226 Vm,

1073 2236 1176 2283 215,
1210 2236 1274 2272 ubi
1304 2235 1379 2274 vid.
1404 2235 1473 2274 Cr.
1496 2234 1597 2272 cous.
1623 2236 1728 2272 Titt-

1071 2305 1204 2329 mann.
1233 2291 1281 2328 ad
1311 2294 1453 2329 Zonar.
1476 2293 1608 2328 Lexic.
1639 2303 1727 2343 pag.

1078 2351 1194 2389 1168.
1254 2347 1315 2385 Ad
1335 2349 1450 2386 verba
1467 2347 1507 2394 ἐς
1526 2344 1730 2396 τόνζΜα-

1076 2406 1247 2454 ραθῶνα
1286 2405 1386 2444 conf.
1425 2411 1520 2442 nott.
1570 2403 1619 2441 ad
1666 2405 1730 2452 VI,

1081 2463 1170 2501 102.

1130 2516 1173 2556 ἐν
1188 2520 1243 2571 τῷ
1261 2514 1396 2570 ὕπνῳ]
1420 2518 1566 2554 Desunt
1574 2514 1646 2553 hae
1660 2528 1731 2553 vo-

1073 2586 1134 2609 ces
1163 2575 1203 2610 in
1234 2575 1402 2624 pluribus
1430 2572 1542 2611 codd.
1564 2580 1599 2609 et
1618 2573 1730 2610 simili

1074 2631 1113 2665 in
1143 2644 1182 2666 re
1213 2631 1349 2668 absunt
1376 2631 1457 2678 wl,
1481 2633 1549 2673 12,
1581 2628 1732 2666 additae

1075 2687 1137 2733 w,
1164 2689 1253 2726 118.
1278 2689 1369 2727 131.
1390 2687 1455 2733 ΙΙΙ,
1478 2688 1543 2726 30.
1567 2686 1632 2732 (55,
1660 2686 1731 2722 ob-

1074 2750 1245 2779 servante
1254 2744 1496 2791 VVe-sseling„
1512 2742 1637 2794 quide
1656 2740 1732 2778 hu-

1075 2799 1236 2837 iusmodi
1257 2813 1324 2851 per
1345 2801 1510 2851 quietem
1531 2799 1617 2837 visis
1637 2810 1732 2836 con-

1855 1462 1867 1572 ——L
