1897 3340
449 192 533 234 752

857 190 1319 229 HERODOTI

445 311 533 344 σιοι
563 298 761 351 ὁπλῖται,
791 299 865 342 καὶ
898 298 1136 356 Τεγεητέων
1164 299 1237 343 καὶ
1268 297 1532 342 Μαντινέων
1559 299 1701 355 χίλιοι,

445 365 614 423 ἡμίσεες
642 366 878 422 ἑκατέρων*
919 368 962 420 ἐξ
997 368 1259 423 Ὀρχομενοῦ
1286 383 1331 411 τε
1361 370 1437 422 τῆς
1461 365 1701 424 Ἀρκαδίης,
1713 374 1758 408 90

445 436 581 478 εἴκοσι
609 434 678 477 καὶ
714 434 882 478 ἑκατόν·
913 435 986 479 καὶ
1019 435 1065 478 ἐκ
1094 440 1167 491 τῆς
1195 437 1348 490 λοιπῆς
1374 431 1613 490 Ἀρκαδίης,
1643 435 1702 490 χί-

443 506 550 546 λιοι·
582 505 787 545 τοσοῦτοι
817 503 894 558 μὲν
919 501 1163 556 Ἀρκάδων·
1195 502 1281 546 ἀπὸ
1311 503 1356 545 δὲ
1371 503 1617 555 Κορίνθου,
1641 516 1704 544 τε-

445 567 694 622 τρακόσιοι·
725 570 798 612 καὶ
831 569 916 613 ἀπὸ
944 573 1200 622 Φλιοῦντος,
1233 569 1473 625 διηκόσιον
1505 569 1578 612 καὶ
1605 571 1702 611 Μυ-

417 637 644 691 Ξκηναίων
673 634 933 692 ὀγδώκοντα.
980 633 1104 681 οὗτοι
1132 640 1211 694 μὲν
1241 637 1325 680 ἀπὸ
1358 633 1703 691 Πελοποννήσου

444 706 659 759 παρῆσαν.
718 701 802 746 οἷπό
841 704 886 747 δὲ
925 708 1155 758 Βοιωτῶν,
1204 706 1421 748 Θεσπιέων
1450 720 1492 747 τε
1522 700 1701 746 ἕπτακά

290 762 387 808 203
445 781 544 823 σιοι,
574 771 645 814 καὶ
679 772 882 826 Θηβαίων
911 773 1193 826 τετρακόσιοι.
1254 771 1375 825 Πρός
1395 771 1589 815 τούτοισι
1619 770 1757 814 ἐπί-95

444 842 591 894 κλητοι
620 838 820 893 ἐγένοντο
849 841 1016 893 Λοκροί
1044 855 1089 883 τε
1126 841 1169 882 οἱ
1203 835 1452 881 Ὀπούντιοι
1489 849 1702 893 πανστρα-

417 909 541 961 Ξτιῇτ
587 905 661 948 καὶ
707 906 896 948 Φωκέων
925 907 1066 961 χίλιοι.
1126 903 1252 948 αὐτοὶ
1280 905 1362 959 γάρ
1392 915 1527 960 σφεας
1557 906 1702 949 ἐπεκα-

442 972 624 1016 λέσαντο
645 973 688 1015 οἱ
714 972 929 1028 “”Έλληνες,
959 972 1153 1028 λέγοντες
1182 970 1241 1015 δι’
1272 971 1478 1028 ἀγγέλων,
1510 971 1569 1023 ὥς
1597 971 1700 1025 ,,αύ-

444 1040 538 1091 ,,το“ι
568 1039 647 1094 μὲν
675 1038 824 1094 ἥκοιεν
851 1037 1098 1094 πρόδρομοι
1125 1043 1213 1083 τῶν
1242 1038 1395 1090 ἄλλων,
1427 1039 1471 1082 οἱ
1498 1038 1543 1081 δὲ
1560 1038 1703 1082 λοιποὶ

446 1108 564 1156 ,πῶν
593 1106 827 1163 συμμάχων
857 1105 1148 1162 προσδόκιμοι
1166 1105 1310 1150 πᾶσάν
1341 1108 1423 1150 εἰσι
1450 1103 1635 1162 ἡμέρην·
1673 1104 1701 1161 ἡ

445 1171 673 1224 ,,θοὲλασσά
707 1173 751 1218 τέ
780 1185 861 1230 σφι
889 1177 953 1232 εἴη
981 1176 1028 1220 έν
1058 1178 1257 1232 φυλακῇ,
1284 1172 1356 1219 ὑπ’
1385 1172 1628 1230 Ἀθηναίων
1654 1179 1730 1216 τε1

391 1335 444 1377 25
458 1337 572 1385 §.90,
595 1337 660 1374 ubi
681 1336 781 1376 conf.
803 1337 945 1374 Morus.
965 1338 1044 1374 Nec

391 1394 499 1429 aliter
517 1392 595 1429 fere
616 1394 752 1431 Strabo
772 1395 828 1429 IX
849 1407 886 1444 p.
907 1395 987 1434 656
999 1395 1043 1432 Β.

389 1462 420 1486 s.
447 1462 534 1499 pag.
555 1451 648 1493 429.
678 1449 889 1487 Leonidam
917 1451 1045 1486 asserit

390 1502 469 1556 μετ’
498 1501 643 1557 ὀλίγων
673 1508 755 1545 τῶν
788 1502 944 1557 ὁμόρων
960 1509 1044 1552 τοῖς

387 1558 434 1601 τό
437 1561 807 1613 :tothhermopylas
819 1561 1043 1599 defendisse.

387 1619 634 1656 Diversorum
655 1626 853 1655 auctorum
873 1620 1046 1655 testimo-

388 1676 453 1711 nia
473 1673 520 1711 de
539 1674 733 1711 Leonidae
750 1676 864 1725 copiis
884 1676 923 1711 in
934 1675 1046 1711 tabu-

387 1732 426 1768 la
456 1729 628 1768 exhibuit
656 1732 789 1768 Manso
811 1732 937 1781 Spart.
965 1732 984 1767 I
1004 1744 1044 1781 p.

390 1790 471 1828 308
500 1788 596 1824 bene
625 1786 720 1824 illud
742 1787 941 1835 adficiens,
972 1786 1045 1824 hoc

388 1856 563 1892 numero,
593 1845 748 1896 qualem
777 1843 990 1881 Herodotus
1011 1850 1048 1881 et

389 1899 578 1937 Diodorus
608 1900 795 1951 produnt,
824 1914 903 1938 non
924 1901 1048 1938 conti-

389 1957 472 1993 neri
490 1969 637 2004 servos,
667 1956 909 2009 pedissequos
929 1964 966 1994 et
985 1970 1048 1994 re-

389 2013 536 2065 liquam
549 2014 712 2062 turbam,
734 2026 832 2065 quae
851 2014 962 2051 fuerit
981 2027 1046 2050 se-

389 2077 489 2108 cuta.
547 2070 674 2121 Atque
707 2071 930 2107 Helotarum
967 2070 1047 2120 ipse

390 2127 564 2163 meminit
592 2128 726 2163 Noster
744 2127 824 2173 VII,
845 2128 926 2167 229
960 2126 1046 2163 coll.

390 2183 489 2229 VIII,
519 2182 573 2223 25
604 2189 640 2219 et
670 2183 766 2219 infra
790 2184 858 2229 IX,
893 2185 956 2222 10.
977 2184 1045 2223 28.

389 2239 563 2288 Namque
602 2239 727 2288 plures
765 2240 923 2275 Helotae
962 2238 1046 2286 ple-

388 2305 550 2344 rumque
579 2295 784 2343 Spartanos
815 2292 863 2330 ad
901 2293 1043 2329 bellum

389 2348 666 2399 proficiscentes
701 2349 975 2399 sequebantur,
1008 2354 1044 2384 et

389 2405 460 2456 ipsi
479 2405 611 2441 armati
632 2405 705 2442 levi
730 2406 953 2455 plerumque
981 2416 1043 2440 ar-

390 2468 558 2510 matura3
576 2462 625 2497 ita
644 2467 773 2497 tamen
788 2469 830 2497 ut
845 2474 941 2497 unus
954 2472 1043 2510 prae

394 2517 524 2555 ceteris
563 2516 707 2554 domini
738 2524 831 2555 esset
875 2516 1043 2568 pedisse-

394 2587 489 2626 quus
518 2580 553 2610 et
581 2574 761 2622 minister,
802 2572 826 2613 ό
852 2569 1043 2622 θεράπων

394 2632 458 2682 qui
493 2631 708 2668 vocabatur.
768 2629 852 2668 vid.
902 2630 944 2668 C.
996 2630 1041 2668 Ο.

392 2687 541 2723 Mijjler.
562 2688 651 2723 Dor.
671 2688 705 2723 11
725 2700 763 2737 p.
785 2689 837 2727 38
868 2687 953 2722 coll.
974 2684 1041 2733 46,

392 2744 458 2780 ubi
479 2742 554 2780 duo
584 2743 687 2779 mille
717 2750 870 2779 centum
900 2741 1043 2779 helotas

392 2798 480 2837 huic
500 2799 731 2852 expeditioni
758 2798 919 2836 adfuisse
948 2811 1042 2836 con-

1099 1337 1190 1374 iicit.
1208 1356 1265 1363 —
1305 1333 1368 1372 Ad
1397 1347 1508 1374 voces
1539 1328 1758 1386 τριηκόσιοι

1101 1392 1258 1433 ὁπλῖται
1295 1392 1398 1430 conf.
1436 1397 1532 1431 nott.
1580 1389 1629 1427 ad
1675 1391 1757 1437 VII,

1099 1450 1196 1493 205.

1317 1537 1409 1588 cap.
1426 1536 1555 1574 CCIII.

1155 1616 1356 1667 ἐπίκλητοι
1381 1614 1560 1668 ἐγένοντο
1583 1614 1756 1666 Λοκροί]

1101 1672 1411 1724 Schweighaeus.
1467 1673 1756 1722 interpretatur:

1101 1733 1237 1768 evocati
1256 1731 1419 1767 aderant.
1459 1726 1653 1780 Equidem
1673 1726 1759 1767 ἐπί-

1100 1790 1236 1838 κλητοι
1247 1785 1351 1823 haud
1362 1786 1438 1823 scio
1449 1797 1498 1821 an
1512 1784 1650 1821 fuerint
1660 1783 1759 1835 βοη-

1101 1842 1187 1891 θοὶ,
1217 1840 1426 1894 σύμμαχοι.
1484 1840 1594 1878 Conf.
1623 1841 1668 1888 V,
1690 1838 1759 1881 75.

1100 1899 1195 1937 Mo'x
1215 1913 1304 1937 cum
1334 1895 1553 1947 SchweIgh.
1584 1903 1620 1933 et
1641 1895 1759 1934 Gaisf.

1102 1956 1190 1994 dedi
1210 1953 1491 1995 ἐπεκαλέσαντο
1513 1949 1757 2003 οἱἝλληνες,

1101 2014 1168 2050 ubi
1182 2013 1298 2063 vulgo
1311 2010 1607 2063 postponebatur
1616 2008 1758 2048 ἐπεκα-

1101 2068 1278 2108 λέσαντο.
1339 2066 1402 2104 Ad
1435 2078 1546 2103 voces
1584 2063 1757 2115 λέγοντες

1103 2121 1159 2164 δι’
1180 2121 1353 2176 α’γγέλων
1380 2122 1428 2159 cf.
1449 2118 1583 2157 Matth.
1606 2121 1642 2165 §.
1673 2119 1756 2160 580

1101 2183 1147 2218 D.
1175 2193 1263 2230 pag.
1301 2177 1407 2218 1150
1443 2175 1557 2225 (add.
1596 2177 1757 2225 Krfiger.

1101 2236 1149 2272 ad
1169 2232 1349 2284 Xenoph.
1376 2233 1497 2269 Anah.
1514 2234 1561 2271 ΙΙ.
1585 2234 1608 2272 3
1626 2233 1664 2278 §.
1683 2231 1754 2281 17)

1100 2299 1138 2328 et
1157 2290 1205 2327 ad
1224 2302 1358 2328 vocem
1379 2284 1645 2340 προσδόκιμος
1657 2294 1754 2325 nott.

1100 2347 1148 2384 ad
1169 2348 1214 2395 V,
1238 2349 1327 2387 108.
1357 2346 1510 2382 Retinui
1530 2351 1657 2381 autem
1677 2341 1754 2383 εἰσὶ

1099 2417 1187 2441 cum
1216 2399 1434 2452 Schweigh.
1466 2408 1502 2438 et
1525 2400 1641 2438 Gaisf.
1657 2428 1668 2447 ,
1687 2399 1754 2436 ubi

1099 2461 1173 2507 alii,
1189 2460 1228 2496 in
1249 2458 1385 2509 quibus
1407 2458 1521 2494 etiam
1540 2455 1753 2504 Bekkerus,

1099 2513 1192 2556 εἷεν.
1239 2517 1370 2566 Neque
1389 2515 1558 2551 insolitus
1578 2514 1646 2550 iste
1664 2524 1754 2550 mo-

1099 2572 1235 2610 dorum
1254 2571 1442 2608 transitus.
1471 2570 1527 2607 Cf.
1549 2569 1628 2617 Vll,
1658 2569 1753 2610 208.

1098 2631 1178 2670 233
1202 2635 1238 2665 et
1257 2634 1352 2666 nott.
1374 2626 1422 2664 ad
1440 2627 1506 2675 111,
1528 2629 1596 2667 61.

1153 2683 1182 2735 ἦ
1213 2679 1398 2723 θάλασσά
1438 2697 1478 2722 τε
1511 2694 1582 2732 σφι
1619 2679 1679 2730 εἰή
1709 2678 1752 2720 ἐν

1098 2741 1280 2794 φυλακῇ]
1311 2740 1337 2777 i.
1357 2753 1390 2777 e.
1411 2751 1505 2777 mare
1524 2738 1568 2775 ab
1586 2739 1671 2788 ipsis
1690 2749 1752 2773 cu·

1096 2798 1262 2836 studitum
1288 2797 1395 2836 teneri
1423 2809 1455 2835 s.
1478 2796 1588 2834 maris
1606 2792 1753 2831 tutelam

1762 310 1843 350 600
