1897 3340
633 197 934 236 ERATO.
997 197 1069 233 VI.

1407 200 1491 239 219

223 307 517 365 ἀνδραπόδων
554 307 667 362 λόγῳ
709 305 930 359 ἐγίνοντο·
972 304 1074 359 ἱρόν
1105 303 1152 347 δὲ
1193 303 1241 347 to*
1275 302 1324 346 ἐν
1353 303 1491 348 Λιδύ-
1564 361 1567 370 Δ

223 388 367 432 μοισι,
409 374 432 419 ὁ
463 373 568 431 νηός
607 389 651 415 τε
698 372 772 416 καὶ
812 371 862 415 τό
901 371 1189 428 χρηστήριον,
1242 372 1491 427 συληθέντα

195 445 529 498 5ἐνεπίμπρατο.
569 438 672 483 ’τῶν
708 438 751 483 δ’
788 438 837 482 ἐν
869 443 929 497 τῷ
975 440 1057 496 ἱρῷ
1086 438 1227 497 τούτῳ
1255 438 1514 495 χρημάτων
1560 495 1564 498 q

222 508 425 560 πολλάκις
463 507 638 565 μνήμην
676 505 859 562 ἑτέρωθι
895 510 977 551 τοῦ
1025 505 1164 562 λόγου
1207 506 1492 564 ἐποιησάμην.

98 584 163 631 20
216 576 444 621 Ἐνθεῦτεν
474 578 519 619 οἱ
547 575 838 631 ζωγρηθέντες
865 577 956 618 τῶν
988 577 1221 632 Μιλησίων
1247 574 1410 632 ἤγοντο
1448 575 1493 628 ἐς
1548 579 1668 607 ¹⁰0⁰¹⁴¹0
1694 583 1806 609 ueAm-

1574 622 1630 649 en,
1655 623 1673 641 a

220 648 389 688 Σοῦσα.
430 641 633 699 βασιλεὺς
663 641 711 686 δέ
751 654 890 700 σφεας
927 647 1140 697 Δαρεῖος,
1181 642 1322 687 κακὸν
1357 621 1571 688 οὗδὲν5ὀῖ

221 879 311 936 ἷρὸν
332 881 375 924 δὲ
394 880 437 925 τὸ
456 883 499 925 ἐν
516 880 747 936 Διδύμοις]
767 885 826 921 De

162 937 236 978 hoc
257 942 414 992 templo,
435 942 502 979 ubi
521 940 826 978 Branchidarum

162 998 380 1047 oraculum,
410 997 488 1037 vid.
508 1005 604 1036 nott.
619 997 686 1036 *ad
705 999 734 1046 Ι,
758 999 826 1038 92.

162 1054 417 1106 Distinguitur
448 1054 488 1093 h.
517 1056 544 1094 Ι.
577 1056 677 1094 inter
715 1052 825 1106 ἱερόν

163 1118 278 1164 atque
295 1109 402 1163 νηὸς,
424 1125 523 1165 quae
537 1114 618 1164 ipsa
638 1118 693 1150 est
713 1110 825 1149 aedes

164 1167 237 1206 deo
259 1177 499 1218 consecrata,
530 1170 638 1222 quasi
656 1181 741 1220 pars
761 1175 825 1206 to-

164 1226 237 1263 tius
262 1227 445 1277 templis.
474 1228 548 1266 τοῦ
576 1226 708 1278 ἱεροῦ,
749 1238 825 1278 quo

165 1284 290 1321 omnis
321 1295 408 1319 area
444 1282 516 1321 deo
539 1282 711 1320 dedicata
748 1295 826 1319 una

165 1352 256 1376 cum
296 1339 451 1377 aedibus
487 1341 529 1376 in
563 1353 607 1376 ea
628 1340 826 1377 exstructis

166 1396 349 1448 omnique
363 1397 508 1434 ambitu
519 1395 722 1434 indicatur.
737 1395 825 1433 Vid.

166 1451 348 1505 Thucyd.
368 1454 414 1501 V,
438 1455 503 1495 18.
523 1455 587 1502 IV,
604 1455 657 1493 90
678 1454 826 1504 (ibique

165 1508 344 1560 Dukmz),
374 1511 458 1558 alia,
474 1523 573 1563 quae
588 1510 712 1547 attulit
732 1509 826 1547 Val-

164 1565 279 1605 ckeu.
300 1566 349 1603 ad
367 1566 407 1606 h.
428 1567 454 1604 l.
471 1596 481 1615 ,
501 1568 588 1615 ubi,
620 1565 726 1619 quod
747 1565 825 1603 dis-

163 1623 350 1674 tinguitur
378 1620 471 1675 νηός
501 1631 615 1677 atque
656 1617 827 1676 χρηστή-

162 1694 252 1732 ριον
265 1709 275 1728 ,
297 1679 385 1728 hoc,
416 1682 565 1732 opinor,
587 1679 635 1717 de
654 1681 826 1717 interiori

161 1738 278 1788 ipsius
292 1737 395 1775 aedis
420 1736 521 1787 (τοῦ
554 1740 687 1789 νηοῦ)
717 1743 825 1787 parte

164 1800 279 1846 atque
313 1795 409 1831 cella
422 1823 432 1842 ‚
467 1795 534 1831 ubi
567 1793 660 1832 deus
689 1793 827 1831 edebat

165 1851 340 1900 oracula,
387 1850 693 1901 intelligendum.
768 1851 827 1888 Ita

166 1920 321 1959 quoque
342 1909 442 1959 cepit
469 1907 826 1959 Schweighaeuser.

163 1966 222 2002 De
242 1964 457 2003 discrimine
476 1966 576 2002 inter
596 1963 701 2017 ἱερὸν
712 1971 826 2016 atque

164 2018 262 2072 νηὸν
282 2021 360 2060 vid.
382 2029 511 2059 notata
532 2023 562 2070 Ι,
585 2024 678 2063 199.
698 2023 745 2069 II,
758 2023 825 2062 63.

164 2077 219 2120 64
250 2079 337 2116 coll.
370 2081 437 2120 91.
482 2078 572 2121 155.
631 2080 689 2116 Ac
727 2079 825 2116 bene

164 2134 384 2173 Herodoteo
419 2134 493 2173 hoc
524 2137 609 2173 loco
651 2136 771 2173 utitur
803 2148 825 2172 a

165 2191 233 2231 Cr.
252 2191 426 2230 laudatus
447 2190 650 2230 Thiersch.
675 2190 826 2244 Epoch.

164 2247 203 2286 d.
233 2248 323 2287 bild.
354 2251 490 2287 Kuust.
519 2263 607 2301 pag.
645 2248 722 2291 145
763 2248 824 2288 ed·

164 2306 271 2343 alter.
303 2307 403 2343 bene
435 2319 599 2344 monens
645 2305 827 2356 distingui

165 2362 264 2399 inter
274 2359 383 2415 ἱερὸν
404 2362 420 2413 (
432 2364 498 2401 den
509 2364 662 2412 heiligen
671 2362 825 2412 Bezirlc)

170 2425 208 2455 et
223 2416 320 2470 νηὸν
340 2419 437 2469 (den
470 2419 609 2470 Tempel
620 2418 638 2469 )
650 2447 666 2465 ,
701 2421 754 2456 ita
782 2427 826 2456 ut

164 2487 259 2513 voce
285 2473 394 2527 ἱερὸν
412 2475 602 2514 iudicetur
620 2477 725 2514 locus
746 2489 825 2513 am-

166 2532 250 2582 plus
278 2545 405 2580 sacer,
428 2533 628 2580 aedificiis,
668 2534 826 2584 portici-

167 2588 257 2635 bus,
288 2588 396 2637 fanis,
417 2590 524 2638 lucis,
545 2590 640 2626 areis
661 2591 825 2641 repletus

167 2643 325 2696 ipsoque
354 2647 508 2683 oraculo
542 2653 579 2683 et
598 2644 705 2694 aede,
727 2659 826 2699 quae

170 2707 328 2737 vocatur
341 2699 454 2752 νηός.

226 2756 449 2806 συληθέντα
515 2758 825 2810 ἐνεπίμπρατο]

172 2811 316 2860 „Variis
332 2813 423 2851 locis
442 2815 579 2853 Strabo
596 2816 756 2852 axerxe
765 2815 828 2852 iu-

882 897 1042 922 censum
1053 884 1345 937 spoliatumque,
1356 882 1547 922 Branchi-

883 940 939 978 dis
960 940 1194 979 adiutoribus
1207 971 1217 990 ‚
1239 941 1438 978 oraculum
1457 955 1548 993 per-

882 995 1010 1048 hibet3
1041 997 1326 1047 Callisthenem,
1336 1000 1484 1050 opinor,
1505 999 1547 1035 in

883 1056 1005 1092 Gestis
1025 1054 1236 1093 Alexandri
1266 1056 1377 1093 rebus
1397 1062 1548 1093 secutus

882 1113 992 1149 XVII
1011 1125 1098 1164 pag.
1124 1114 1231 1153 1168
1252 1125 1282 1149 s.
1305 1111 1387 1154 814
1409 1119 1445 1149 et
1456 1113 1547 1149 XIV

881 1182 920 1221 p.
942 1168 1022 1210 941
1053 1183 1083 1207 s.
1105 1168 1201 1209 634.
1260 1169 1381 1206 Curtii
1410 1168 1548 1206 eodem

882 1225 1005 1263 tendit
1025 1227 1191 1262 narratio
1213 1226 1345 1272 V11‚*5
1368 1232 1404 1262 et
1414 1227 1545 1262 Aelia-

883 1283 923 1319 ni
952 1280 1054 1333 apud
1090 1281 1251 1320 Suidam
1269 1283 1339 1330 [T.
1359 1283 1377 1318 I
1392 1296 1429 1333 p.
1442 1282 1545 1331 453]

882 1339 923 1376 in
955 1339 1184 1392 Βραγχίδαι.
1242 1338 1344 1385 Quid
1371 1339 1442 1376 illis
1469 1338 1548 1387 fiet,

882 1408 1000 1434 verax
1033 1397 1065 1434 si
1102 1402 1234 1433 auctor
1263 1392 1547 1434 Herodotus?“

888 1451 1167 1501 Wesseling.

938 1507 1107 1560 ἑτέρωθι
1125 1510 1198 1547 τοῦ
1219 1503 1370 1561 λόγου]
1404 1507 1491 1546 Vid.
1517 1510 1547 1557 1,

882 1567 951 1607 92.
971 1567 1018 1613 ΙΙ,
1044 1566 1137 1606 159.
1156 1565 1202 1613 V,
1226 1567 1293 1605 36.
1321 1566 1546 1611 Pausanias,

883 1623 990 1659 cuius
1025 1622 1157 1659 locum
1182 1622 1307 1658 attulit
1344 1621 1545 1669 Valcken.,

882 1680 935 1717 X.
955 1681 1007 1719 33
1025 1679 1062 1724 ξ.
1087 1681 1105 1718 1
1137 1679 1375 1715 Milesiorum
1405 1678 1545 1716 excidii

882 1748 1038 1774 causam
1057 1736 1128 1774 soli
1147 1737 1316 1774 Histiaeo
1345 1738 1525 1788 imputat.

1112 1838 1205 1889 Cap.
1226 1839 1319 1876 XX.

939 1901 1066 1945 κακὸν
1086 1900 1208 1945 οὐδὲν
1234 1902 1331 1945 ἄλλο
1354 1900 1546 1955 ποιήσας]

883 1962 1069 2014 Spectant
1089 1961 1183 1999 haec
1205 1961 1254 1999 ad
1275 1975 1337 2010 ea,
1365 1975 1463 2014 quae
1483 1963 1547 1999 Io-

881 2020 994 2056 nibus
1013 2019 1215 2056 rebellibus
1227 2020 1326 2070 regis
1343 2018 1457 2056 duces
1470 2020 1548 2055 lni-

881 2077 990 2114 nitati
1012 2083 1118 2113 erant
1134 2076 1196 2125 VI,
1219 2078 1257 2116 9.
1296 2077 1469 2121 Quorum
1486 2077 1548 2112 ni-

881 2132 936 2170 hil
966 2146 1035 2170 rex
1064 2133 1174 2182 fecit,
1204 2131 1245 2169 id
1275 2134 1361 2171 satis
1389 2131 1546 2181 habens,

883 2197 926 2228 ut
945 2191 1110 2228 Milesios
1130 2202 1199 2241 pro
1213 2191 1418 2227 Persarum
1437 2203 1546 2226 more

881 2248 923 2284 in
944 2248 1157 2298 aliaslonge
1169 2254 1332 2284 remotas
1353 2245 1546 2284 discedere

882 2305 1030 2341 iuberet
1062 2305 1250 2355 regiones,
1271 2305 1392 2356 patrio
1422 2302 1546 2341 abdu-

884 2368 963 2399 ctos
992 2362 1095 2409 solo,
1146 2363 1274 2412 prouti
1321 2360 1436 2398 duces
1474 2361 1546 2398 illis

883 2425 991 2456 erant
1009 2418 1146 2455 minati
1164 2419 1227 2466 Vl,
1249 2419 1288 2457 9.

939 2475 1140 2514 κατοίκισε
1176 2490 1212 2515 κ.
1245 2488 1278 2513 τ.
1307 2474 1370 2523 λ.]
1401 2474 1551 2511 Vocem·

882 2530 1102 2585 καλεομένῃ
1126 2544 1244 2583 quam
1263 2531 1442 2581 ignorant
1460 2532 1546 2566 Me-

884 2588 1013 2626 diceus
1026 2620 1037 2638 ,
1071 2588 1312 2625 Florentinus
1325 2617 1335 2636 ‚
1374 2588 1459 2634 alii,
1499 2599 1546 2621 ex

883 2644 1026 2682 Aldina
1102 2646 1260 2697 aliisque
1320 2648 1547 2681 revocarunt

885 2700 1198 2753 Schweighaeus.
1221 2708 1258 2738 et
1270 2701 1401 2747 Gaisf.,
1423 2698 1547 2735 omisit

883 2757 1021 2795 Matth.
1067 2759 1192 2796 Rubro
1219 2759 1313 2795 mari
1332 2755 1394 2793 hio
1414 2754 1546 2805 procul

886 2814 1003 2853 dubio
1035 2814 1198 2853 Persicus
1228 2816 1325 2850 sinus
1346 2810 1545 2857 indicatur,

1713 615 1792 643 ostia

1614 648 1705 684 ridie,
1726 652 1823 678 tranu-

1549 682 1614 709 lan.
1733 694 1739 701 ι

219 711 322 755 ἄλλο
352 709 561 769 ποιήσας,
599 712 818 755 κατοίκισε
848 710 917 756 ἐπὶ
945 714 999 768 τῇ
1024 709 1221 769 Ἐρυθρῇ
1250 710 1488 768 καλεομένῃ
1546 719 1627 761 447

1877 2965 1897 3182 Q'so·-
1880 2878 1897 2905 Ar
1883 2724 1897 2846 ι.
