1897 3340
403 224 488 264 686

351 356 354 360 ›
404 346 484 383 „w
523 327 715 382 ἀκούσας
753 330 856 376 οὔτε
890 331 1090 388 ἠνέσχετο
1127 330 1152 376 ὁ
1191 331 1419 388 Σύαγρος,

401 397 504 442 τάδε
515 413 524 424 ·

797 224 1257 263 HERODOTI

1476 331 1567 378 εἶπέ
1611 350 1656 379 τε

582 392 670 450 ,,Ἦ
691 416 737 443 κε
767 399 855 456 μέγ’
886 402 1107 456 οἰμώξειεν
1133 399 1156 444 ὁ
1200 402 1444 457 Πελοπίδης
1482 400 1656 458 Ἀγαμέ-

404 481 565 522 „uvam
586 466 840 523 πυθόμενος
869 468 1146 523 Σπαρτιήτας
1174 468 1253 525 τὴν
1281 468 1516 525 ἡγεμονίην
1545 468 1655 513 ἀπα-

373 538 672 591 2,,ραιρῆσθαι
699 533 784 578 ὑπὸ
817 535 1015 587 Γέλωνός
1044 552 1088 579 τε
1116 536 1188 579 καὶ
1219 539 1551 592 Συρηκουσὶων.
1585 535 1711 580 ‹ia-40
1774 551 1778 556 ’
1834 537 1842 581 ζ’

402 602 482 655 „Aa
517 601 678 645 τούτου
717 602 798 656 μὲν
825 606 906 646 τοῦ
935 603 1071 659 λόγου
1101 602 1250 660 μηκέτι
1279 608 1507 661 μνησθῇς,
1543 604 1657 656 ’ὅκως

375 669 515 726 3,,τὴν
543 667 776 725 ἡγεμονίην
805 686 872 713 τοι
889 670 1218 728 παραδώσομεν.
1245 669 1351 724 ἀλλ’,
1382 674 1417 715 εἰ
1437 672 1516 727 μὲν
1548 671 1655 727 βού-

399 742 519 790 ,,λεαι
549 736 753 791 βοηθέειν
780 741 833 794 τῇ
857 737 1042 787 Ἑλλάδι,
1071 741 1166 781 ἰ’σθι
1198 736 1431 794 ἀρξόμενος
1459 739 1546 783 ὑπὸ
1566 743 1656 784 Λα·
1679 772 1681 774 -

400 804 738 859 ,,κεδαιμονι’ων·
779 805 815 846 εἰ
854 803 889 848 δ’
921 802 1005 857 ἄρα
1034 803 1092 860 μή
1125 806 1310 857 δικαιοῖς
1339 806 1568 862 ἄρχεσθαι,
1598 807 1654 851 σύ

341 1149 387 1194 (ἰ.
409 1161 443 1186 e.
463 1160 506 1186 ea
525 1147 732 1194 conditione,
753 1145 823 1195 ut)
843 1144 894 1182 cf.
904 1151 1001 1183 nott.

341 1204 390 1242 ad
410 1205 491 1254 vn,
516 1204 610 1246 153.

555 1314 645 1369 cap.
669 1315 803 1353 CLIX.

393 1415 511 1459 οὔτε
540 1413 724 1469 ἠνέσχετο
743 1438 800 1444 -
825 1411 909 1455 εἶπέ
927 1415 995 1464 τε]

330 1476 390 1512 De
410 1476 602 1527 particulis
619 1472 709 1514 οὔτε
723 1496 778 1502 —
794 1487 834 1512 τε
853 1471 931 1509 vid.
944 1473 998 1508 al-

337 1533 414 1569 lata
446 1530 494 1568 ad
515 1532 577 1578 Vr,
603 1534 640 1571 1.
693 1532 799 1576 Quae
826 1542 998 1581 sequun-

338 1596 399 1625 tur
417 1589 532 1625 verba
552 1583 580 1638 ἦ
599 1601 644 1626 κε
674 1583 755 1638 μέγ’
791 1584 998 1636 οἰμώξειεν

343 1643 366 1684 o‘
392 1644 617 1694 Πελοπίδης
634 1639 888 1695 Ἀγαμέμνων
902 1642 990 1690 (i.e.

340 1703 503 1750 ingentia
539 1698 694 1750 profecto
729 1699 885 1735 lamenta
925 1697 995 1734 tol—

339 1757 424 1794 leret
442 1755 624 1806 Pelopiae.-
641 1755 904 1805 Agamemnon)
938 1753 996 1790 ef-

339 1814 428 1851 ficta
454 1819 541 1850 sunt
570 1811 618 1848 ad
653 1814 810 1848 Homer.
836 1812 880 1848 ΙΙ.
914 1811 994 1857 VII,

344 1869 450 1916 125,
483 1869 550 1906 ubi
568 1867 645 1905 vid.
665 1866 836 1906 Eustath.
859 1881 897 1918 p.
919 1869 1000 1908 670

341 1925 394 1966 57
414 1938 444 1963 s.
466 1924 547 1966 540
561 1932 654 1962 extr.
675 1926 761 1962 coll.
778 1925 822 1962 Il.
842 1926 872 1961 I.
893 1923 999 1965 255:

339 1997 365 2031 η
396 1996 463 2020 κεν
493 1978 675 2033 γηθήσαι
699 1982 895 2033 Πρίαμος.
926 1980 999 2018 Cr.

341 2038 505 2074 conferri
514 2039 595 2075 vult
608 2039 729 2075 Vales.
744 2037 791 2074 ad
804 2038 1000 2073 Ammian.

338 2094 508 2132 Marcell.
538 2095 666 2140 XXX,
692 2098 709 2134 1
735 2096 771 2140 ξ.
793 2097 841 2133 21
877 2095 927 2130 T.
949 2094 1003 2129 111

339 2163 428 2200 pag·
449 2153 529 2191 319
549 2164 628 2202 seq.
650 2150 710 2187 ed.
739 2152 925 2200 Wagner.
962 2156 999 2186 et

337 2207 418 2244 Ers.
431 2208 539 2243 —In
558 2221 665 2258 seqq.
677 2207 813 2258 reliqui
825 2202 999 2256 οἷπαραι-

339 2264 515 2312 ρῆσθαι,
559 2262 663 2315 quod
688 2264 728 2299 iu
760 2264 929 2298 maxima
951 2262 998 2296 li—

338 2318 495 2354 brorum
519 2319 764 2355 fluctuatione
795 2329 916 2354 uuum
936 2317 997 2353 vi-

339 2372 499 2411 debatur
519 2375 760 2411 conveniens.
818 2371 880 2409 Ad
907 2385 997 2422 par-

337 2431 510 2481 ticipium
537 2431 652 2467 futuri
683 2425 899 2481 οἷρξόμενος
919 2427 997 2466 vid.

338 2494 432 2525 nott.
456 2485 504 2522 ad
524 2488 568 2534 V,
591 2486 657 2527 35.

397 2542 432 2582 εἰ
458 2538 492 2582 δ’
524 2540 602 2594 ἄρα
630 2537 685 2593 μή
721 2541 891 2587 δικαιοῖς
908 2556 994 2579 κ.τ.

339 2600 392 2648 λ.]
424 2598 509 2636 Vid.
529 2606 623 2636 nott.
645 2597 692 2635 ad
713 2599 775 2644 lv,
800 2600 896 2643 126,
926 2598 992 2634 ubi

339 2657 454 2693 etiam
476 2654 523 2692 de
542 2656 675 2693 vocula
697 2653 738 2693 δὲ
756 2657 793 2690 ἰιι
814 2653 990 2705 apodosi:

341 2726 418 2764 qua
439 2711 484 2749 de
503 2726 541 2750 re
564 2711 624 2749 hic
637 2712 796 2750 conferri
817 2713 994 2748 volumus

339 2770 510 2806 Werser.
548 2770 588 2806 in
616 2770 717 2806 Aett.
758 2766 866 2819 phin.
908 2768 993 2805 Mo-

339 2838 447 2864 nocc.
477 2828 494 2862 1
516 2840 554 2878 p.
586 2827 651 2867 92.
698 2823 800 2862 Add.
829 2831 924 2863 nott.
946 2824 993 2862 ad

1057 1143 1201 1183 Herod.
1220 1145 1268 1196 V,
1290 1144 1356 1186 40.
1415 1145 1526 1193 Quod
1544 1159 1635 1186 vero
1644 1161 1714 1199 pro

1058 1201 1248 1253 βοηθέειν
1282 1201 1395 1240 codd.
1426 1203 1583 1256 quidam
1617 1201 1717 1256 βοή-

1057 1262 1137 1305 θει,
1178 1258 1218 1295 id
1246 1261 1521 1297 correctionem
1555 1260 1714 1298 redolet.

1059 1315 1170 1352 Conf.
1191 1315 1372 1353 Herodot.
1393 1317 1423 1364 1,
1445 1319 1511 1358 63.
1534 1317 1598 1366 IV,
1622 1319 1714 1365 123,

1052 1384 1102 1408 ne
1143 1373 1263 1422 plura.
1321 1373 1446 1409 Verba
1475 1372 1566 1412 ἴσθι
1592 1369 1714 1423 ἅρξό*

1054 1443 1170 1478 μενος
1186 1425 1268 1468 ὑπό
1277 1429 1713 1479 Λακεδαιμονίωνεαω

1051 1486 1092 1520 iu
1122 1483 1284 1522 modum
1324 1484 1519 1523 reddenda
1566 1487 1714 1524 censuit

1054 1541 1248 1578 Schaefer.
1271 1543 1312 1577 in
1337 1543 1482 1580 Melett.
1502 1544 1519 1579 I
1548 1557 1588 1594 p.
1616 1542 1656 1591 4,
1686 1555 1709 1580 a

1054 1597 1124 1634 Cr.
1147 1600 1351 1635 excitatus:
1383 1601 1470 1636 scito
1501 1602 1534 1636 te
1551 1598 1713 1649 fores-ub

1052 1655 1195 1705 imperio
1218 1654 1586 1692 Lacedaemoniorum.

1269 1732 1360 1784 Cap.
1379 1733 1494 1771 CLX.

1111 1805 1460 1862 ἀπεστραμμένους
1509 1807 1605 1859 τούς
1645 1807 1714 1851 λό-

1055 1870 1173 1918 γους]
1227 1869 1460 1919 VVesseliug.
1505 1869 1713 1919 suspicatus

1057 1931 1136 1960 erat
1156 1923 1335 1975 ἐπε-στρ
1352 1922 1619 1975 αμμὲνους,
1650 1923 1712 1961 di-

1057 1983 1114 2017 cta
1145 1993 1270 2031 aspera
1290 1982 1502 2031 intelligens
1523 1987 1560 2017 et
1579 1979 1713 2018 confe-

1055 2050 1140 2074 rens
1151 2038 1312 2074 similem
1322 2038 1450 2074 locum
1461 2035 1602 2074 Herod.
1612 2035 1713 2084 vm,

1057 2095 1110 2133 62
1148 2094 1268 2142 (ubiz
1307 2092 1431 2146 λέγων
1451 2095 1599 2143 μᾶλλον
1620 2091 1713 2132 ἐπε·-

1057 2147 1310 2200 στραμμένα)
1354 2156 1393 2185 et
1417 2147 1630 2186 Philostrat.
1663 2147 1711 2185 V.

1054 2204 1222 2255 Sophist.
1245 2206 1262 2240 I
1282 2218 1319 2254 p.
1335 2203 1414 2244 504
1436 2205 1563 2256 ibique
1585 2204 1708 2243 oleat.

1052 2262 1186 2311 Neque
1226 2268 1353 2296 tamen
1392 2261 1589 2310 vulgatam
1632 2261 1711 2297 im-

1052 2323 1212 2363 mutem,
1235 2330 1331 2368 quae
1358 2316 1499 2354 indicat
1526 2328 1711 2354 sermonem

1053 2377 1289 2421 aversantem,
1351 2387 1427 2411 cum
1466 2373 1711 2422 indignatione

1052 2433 1260 2479 respuentem
1296 2432 1509 2481 propositam
1540 2429 1710 2467 conditio-

1050 2500 1140 2523 nem.
1170 2487 1262 2523 Mox
1282 2500 1349 2537 pro
1370 2483 1451 2526 τὸν
1484 2489 1709 2526 τελευταῖον

1052 2544 1217 2580 Koenius
1235 2545 1421 2580 maluerat
1439 2539 1494 2583 ‘co'
1511 2544 1707 2582 τελευταῖ-

1050 2615 1108 2639 ον.
1130 2599 1318 2650 Equidem
1339 2613 1406 2650 pro
1427 2597 1593 2654 ἕξέφῃνε
1618 2610 1708 2635 cum

1049 2663 1206 2694 recentt.
1223 2656 1311 2694 dedi
1321 2655 1501 2704 ἐξέφαινε
1513 2669 1533 2692 e
1547 2657 1706 2693 Floren-

1049 2715 1128 2749 tino
1150 2714 1322 2764 alioque3
1344 2711 1542 2750 Bekkerus
1555 2712 1708 2762 reliquit

1049 2768 1230 2823 ἐξέφηνε.
1251 2769 1313 2807 Ad
1333 2771 1454 2821 ipsam
1472 2769 1709 2808 locutionem

1051 2827 1154 2865 conf.
1174 2827 1220 2876 V,
1242 2829 1309 2868 36.

1861 29 1863 43 l

1826 82 1829 91 ι

1826 93 1828 102 v

1824 0 1838 223 Ὶ

1827 167 1830 181 l

1828 189 1830 206 l

1828 242 1832 289 ἰ
1862 284 1863 289 ,

1834 226 1839 366 ¹

1839 558 1844 678 l

397 871 472 924 „622
507 870 564 926 μὴ
603 871 855 927 βοηθέειν.“
915 871 1038 926 Πρὸς
1078 876 1214 915 ταῦτα
1243 871 1267 915 ὁ
1307 877 1472 928 Γέλων,
1512 876 1655 932 ἐπειδὴ
1713 875 1795 917 579

401 939 494 994 ὥρα
531 937 915 996 ἀπεστραμμένους
951 940 1055 992 τούς
1101 940 1262 996 λόγους
1304 944 1386 985 τοῦ
1427 942 1713 999 Συάγρου,46
1838 949 1841 955 “
