1897 3340
80 775 162 808 Quot
181 781 274 800 naves
300 772 352 800 ho-

79 807 234 841 minesque
253 807 307 833 illa

78 845 242 874 tempestae
259 840 311 867 ab·

78 873 228 901 sumserit.
274 873 353 900 Ami-

79 908 190 938 noclesz,
212 907 249 934 ad
268 907 322 933 Se-

80 941 198 976 piam-111
218 940 323 967 fundos

100 974 244 1007 assidens,
266 982 290 999 e.

101 1016 135 1034 oc
153 1008 321 1045 naufragio·

80 1041 240 1068 immenaas
260 1040 336 1068 (Ιίνι-

78 1075 138 1102 tias
155 1078 270 1103 nactus.

402 206 486 247 738

794 203 1258 242 HERODOTI

407 316 587 368 φθεῖραι
615 315 703 355 τῶν
731 311 968 368 βαρβάρων
1007 311 1083 362 τοὶς
1113 310 1226 362 νέας,
1257 308 1317 361 ὥς
1344 310 1416 353 καὶ
1443 309 1658 366 πρότερον

375 381 505 436 [ιπερὶ
532 378 692 423 Ἄθων.
750 381 805 422 Εἰ
843 380 922 435 μέν
960 395 1043 422 νυν
1079 378 1150 422 διοὶ
1188 382 1322 422 ταῦτα
1349 382 1461 421 τοῖσι
1492 376 1714 433 βαρβά-25

405 459 520 503 ροισι
549 445 756 502 ὁρμέουσι
784 447 808 491 ὁ
839 450 975 503 βορῆς
1005 446 1189 496 ἐπέπεσε,
1221 443 1302 489 οὐκ
1332 446 1588 501 ἔχωἐἰπεῖν·
1616 446 1661 489 οἱ

405 515 442 560 δ’
480 512 542 559 ὧν
570 516 793 570 Ἀθηναῖοί
830 525 909 570 σφι
937 512 1111 569 λέγουσι
1141 511 1425 570 βοηθήσαντα
1469 512 1548 557 τόν
1576 517 1660 557 Βο-

406 586 488 638 ρῆν
515 581 743 636 πρότερον,
772 581 844 624 καὶ
875 579 973 624 τότε
1003 580 1146 624 ἐκεῖνα
1174 579 1544 636 κατεργάσασθαι·
1585 580 1660 624 καὶ

404 650 503 705 ἱρὸν
543 648 806 699 ἀπελθόντες
847 647 997 703 Βορέω
1037 648 1269 702 ἱδρύσαντο
1300 648 1420 702 παρα
1459 647 1655 704 ποταμὸν
1669 654 1716 688 30

248 709 347 754 190
399 715 594 760 Ἰλισσόν.
651 715 722 759 Ἐν
750 714 891 772 τούτῳ
921 717 980 770 τῷ
1009 714 1132 771 πόνῳ
1153 714 1253 766 νέας
1285 718 1328 759 οἳ
1352 716 1570 771 ἐλαχίστας
1597 715 1688 759 λέ-’

409 794 539 840 γουσι
584 784 911 838 διαφθαρῆναι,
949 783 1260 838 τετρακοσιέων
1301 782 1382 827 οὐκ
1411 783 1661 833 ἐλάσσονας,

408 850 570 904 ἄνδρας
589 866 634 894 τε
654 848 994 905 ἀναριθμήτους,
1022 849 1252 905 χρημάτων
1268 866 1311 893 τε
1329 854 1495 906 πλῆθος
1513 849 1663 905 ἄφθο-

406 932 512 962 νον·
547 917 654 960 ὥστε
681 916 942 972 Ἀμεινοκλέι·
960 920 1020 973 τῷ
1033 918 1270 971 Κρητίνεω,
1300 915 1428 970 ἀνδρὶ
1447 915 1662 971 Μάγνητι,

408 984 633 1041 γηοχέοντι
667 981 991 1039 περὶΣηπιοὲδα,
1021 982 1215 1038 μεγάλως
1243 981 1270 1038 ἡ
1298 984 1481 1037 ναυηγίη
1499 983 1718 1037 έγένετοὸὄ

408 1051 588 1108 χρηστή·
619 1049 668 1102 ὃς
696 1049 834 1094 πολλοὶ
863 1050 942 1107 μὲν
967 1050 1127 1107 χρύσεα
1155 1049 1343 1106 ποτήρια
1372 1049 1538 1107 ὑστέρῳ
1567 1048 1664 1105 χρό-

406 1130 470 1176 νῳ
500 1117 825 1176 ἐκβρασσόμενα
855 1116 1056 1169 ἀνείλετο,
1087 1117 1228 1161 πολλὰ
1259 1119 1305 1161 δὲ
1335 1115 1553 1172 ἀργύρεα·
1583 1121 1667 1172 θη-

408 1185 602 1241 σαυρούς
642 1202 687 1229 τε
717 1189 806 1228 τῶν
835 1185 1041 1239 Περσέων
1070 1179 1190 1239 εὗρε,
1223 1184 1332 1228 ἄλλα
1360 1199 1404 1227 τε
1431 1183 1593 1239 χρύσεα
1621 1182 1667 1227 ἅ-

378 1260 530 1310 Ξφατα
553 1246 754 1310 χρήματα
784 1251 1075 1308 περιεβάλετο.
1133 1249 1220 1296 ἀλλ’
1248 1252 1272 1296 ὁ
1304 1250 1393 1307 μὲν,
1422 1250 1555 1295 τᾶλλα
1583 1249 1666 1296 οὐκ

410 1388 444 1429 m‘
447 1406 466 1438 ς
473 1389 540 1430 καὶ
554 1386 750 1443 πρότερον
762 1387 1010 1441 περῖἈθων]

352 1446 439 1484 Vid.
460 1449 522 1494 VI,
544 1446 611 1490 44.
632 1448 700 1489 95.
721 1449 803 1495 VII,
819 1450 886 1487 21.
915 1447 1013 1484 Ver-

354 1504 449 1540 bum
486 1502 623 1553 ὁρμεῖν
654 1505 845 1541 invenitur
876 1502 1013 1540 eodem

352 1572 465 1595 sensu
491 1561 573 1606 Vll,
607 1562 700 1602 188.
731 1582 787 1587 -——
836 1561 879 1596 In
900 1572 1007 1611 seqq.

355 1616 491 1667 reliqui
525 1615 672 1661 εἰπεῖν,
712 1617 778 1653 ubi
797 1616 901 1652 libris
921 1616 1014 1652 scri-

354 1673 426 1723 ptis
446 1672 572 1709 invitis
593 1671 803 1720 Schaefer„
824 1684 940 1722 quem
952 1685 1013 1709 se-

355 1729 485 1780 qui-tur
528 1726 748 1775 Bekkerus,
790 1727 945 1765 dederat
965 1727 1013 1764 de

359 1797 428 1822 suo
462 1779 582 1823 εἶπαι.
650 1784 712 1821 Ad
742 1785 869 1835 ipsum
899 1797 1015 1835 argu-

355 1847 532 1877 mentum
554 1840 656 1892 quod
673 1841 816 1888 attinet,
837 1840 1015 1878 Herodo-

356 1903 440 1933 tum
460 1898 546 1934 satis
566 1904 674 1934 caute
694 1899 734 1933 in
763 1898 900 1935 talibus
923 1910 1016 1949 pro-

356 1954 550 1990 nuntiasse
570 1966 685 1990 nemo
720 1955 928 2001 mirabitur,
951 1955 1015 2006 qui

357 2009 542 2046 Herodoti
571 2011 743 2046 animum
774 2023 796 2047 a
826 2012 931 2060 vulgi
951 2024 1017 2047 su-

359 2062 578 2115 pers‘titione
598 2067 763 2103 alienum
785 2074 821 2103 et
841 2068 937 2104 veris
956 2080 1019 2103 re-

361 2134 448 2157 rum
460 2124 578 2158 causis
590 2122 814 2173 indagandis
828 2124 1018 2160 intentum

360 2179 529 2224 noverit,
560 2179 610 2214 ita
631 2185 684 2225 ut,
715 2191 813 2230 quae
833 2181 872 2214 in
892 2192 1018 2216 rerum

360 2238 496 2268 natura
526 2233 719 2280 accidant,
760 2247 780 2269 e
809 2236 926 2270 causis
948 2248 1018 2270 ex·-

362 2288 542 2325 trinsecus
603 2290 773 2325 assumtis
829 2291 1018 2339 explicare

363 2349 440 2389 aut,
472 2356 546 2393 quo
568 2345 654 2380 talia
677 2345 947 2393 intelligantur,
970 2344 1018 2381 ad

363 2398 523 2435 deorum
540 2398 730 2451 quandam
752 2401 848 2447 vim,
881 2401 1019 2437 obscu-

362 2467 445 2491 ram
478 2456 583 2492 illam
612 2454 779 2506 quidem,
814 2458 1018 2507 confugere

363 2512 540 2548 noluerit.
597 2512 656 2549 Cf.
686 2513 765 2559 vll,
797 2515 888 2553 191.
919 2515 1016 2562 vlu,

363 2570 402 2609 8.
423 2568 491 2615 IX,
514 2566 581 2608 65.

420 2622 487 2662 καὶ
525 2619 612 2674 ἱρὸν
647 2618 888 2670 ἀπελθόντες
917 2639 955 2663 κ.
983 2640 1015 2664 τ.

364 2680 418 2727 λ.]
450 2678 535 2719 vid.
564 2680 660 2715 Plat.
688 2677 849 2718 Pliaedr.
872 2694 909 2730 p.
935 2684 1015 2722 229

366 2737 409 2772 C.
432 2737 487 2771 De
517 2737 597 2786 ipso
626 2736 755 2785 templi
776 2737 859 2772 loco
881 2750 923 2772 ac
942 2738 1015 2773 situ

365 2794 465 2830 cons.
480 2793 599 2829 Kruse
619 2792 746 2829 Hellas
762 2793 807 2840 11,
833 2796 903 2842 1p.
923 2795 1014 2833 131.

1286 1390 1379 1442 Cap.
1392 1390 1506 1429 CXC.

1118 1441 1188 1484 'Ev
1199 1441 1326 1499 τούτῳ
1345 1449 1402 1501 τῷ
1421 1443 1553 1501 πόνῳ]
1571 1446 1597 1483 i.
1609 1459 1640 1485 e.
1656 1445 1723 1484 hac

1067 1504 1105 1540 in
1125 1502 1329 1540 calamitate
1349 1517 1379 1540 s.
1399 1506 1609 1554 tempestate,
1625 1515 1723 1554 quae

1068 1559 1225 1595 classem
1248 1559 1408 1597 adflixit.
1464 1559 1584 1596 Paulo
1617 1560 1725 1596 aliter

1068 1611 1194 1661 πόνος
1223 1615 1286 1663 Vl,
1318 1614 1410 1655 114.
1467 1616 1513 1651 ῙιΔ
1537 1616 1619 1666 ipso
1649 1628 1726 1652 nu-

1068 1683 1174 1707 mero
1194 1672 1351 1708 navium
1375 1670 1609 1721 perditarum
1629 1672 1725 1708 Dio-

1071 1727 1183 1764 dorus
1217 1729 1285 1776 XI,
1318 1730 1369 1768 12
1410 1741 1499 1764 cum
1529 1727 1724 1765 Herodoto

1071 1786 1258 1834 congruit.
1277 1803 1333 1812 —
1345 1784 1390 1819 In
1409 1797 1515 1836 seqq.
1533 1796 1603 1834 pro
1614 1786 1727 1835 Κρη-

1070 1840 1185 1879 τίνεω
1207 1838 1310 1891 apud
1330 1839 1522 1879 Plutarch.
1541 1841 1577 1876 H
1589 1854 1627 1891 p.
1643 1838 1726 1881 864

1073 1903 1193 1933 exstat
1238 1896 1528 1948 Κρησίνεω.-
1547 1894 1726 1949 γηοχέειν

1072 1952 1134 1990 hic
1153 1953 1252 1990 valet
1281 1952 1437 2003 fundo-5,
1465 1965 1572 2002 agros
1606 1953 1726 2003 possi-

1072 2010 1163 2047 dere.
1191 2010 1335 2046 Vocem
1356 2022 1480 2046 raram
1508 2007 1617 2045 affert
1635 2008 1725 2045 Ste-

1072 2065 1221 2116 phanus
1249 2067 1288 2101 in
1317 2064 1436 2102 Thes.
1464 2066 1511 2101 L.
1540 2065 1607 2101 Gr.
1635 2076 1724 2114 pag.

1072 2124 1181 2162 2877
1211 2120 1271 2158 ed.
1298 2122 1432 2170 Valpy.
1496 2120 1590 2156 Mox
1616 2119 1725 2170 posui

1073 2190 1163 2214 cum
1193 2174 1410 2225 Sohweigh.
1439 2181 1476 2212 et
1503 2173 1725 2229 Gaisf.1}ys'—

1073 2246 1160 2271 νετο
1198 2229 1357 2283 χρηστή,
1405 2238 1448 2267 ut
1484 2232 1725 2269 Florentinus

1075 2287 1238 2335 iubebat,
1262 2300 1327 2338 pro
1347 2288 1451 2337 vulg.
1481 2285 1629 2339 χρηστή
1641 2286 1725 2340 ἐγέ-

1074 2358 1175 2382 νετο.
1249 2345 1307 2380 De
1353 2345 1469 2382 verbo
1511 2339 1725 2395 ἐκβράσσε-

1075 2403 1173 2438 σθαι
1198 2400 1299 2437 conf.
1329 2407 1427 2437 nott.
1460 2398 1507 2436 ad
1527 2401 1607 2448 VII,
1631 2401 1724 2442 188.

1074 2457 1150 2492 Ρι·ο
1173 2450 1345 2495 ἀνείλετο
1374 2455 1450 2493 duo
1479 2455 1591 2495 codd.
1613 2449 1724 2495 ἇνεί-

1074 2515 1188 2559 λαως
1219 2511 1266 2548 de
1295 2525 1371 2564 quo
1400 2512 1562 2549 conferri
1590 2512 1723 2551 volunt

1072 2570 1242 2607 Pierson.
1265 2568 1313 2605 ad
1324 2568 1528 2608 Herodian.
1551 2567 1619 2620 (ad
1629 2568 1721 2606 calo.

1071 2612 1250 2673 Moeria.)
1272 2639 1310 2675 p.
1331 2624 1425 2665 451.

1128 2678 1264 2729 ἄφατα
1312 2677 1493 2732 χρήματα
1535 2675 1722 2731 περιεβά-

1071 2739 1188 2786 λετο]
1242 2736 1387 2774 Vocem
1427 2734 1560 2787 ὃίφατα
1596 2736 1722 2787 plures

1071 2792 1184 2832 codd.
1218 2794 1410 2831 omittunt.
1479 2790 1594 2844 Apud
1627 2792 1723 2829 Plu-
