1897 3340
414 198 497 237 4⁰4

812 197 1275 236 HERODOTI

412 302 693 360 λοποννήσου
708 337 720 357 ,
753 306 973 357 Φείδωνος
999 310 1083 349 τοῦ
1102 305 1306 362 Ἀργείων
1325 307 1547 363 τυράννου
1576 308 1677 360 πάϊς

358 489 560 535 Quomodo
581 492 690 529 scrib.
723 489 807 528 hist.
842 488 895 531 24
929 489 1011 537 [ubi

355 545 432 584 vid.
455 546 498 582 C.
522 548 564 583 F.
586 548 796 583 Hermann.
816 545 1009 596 pag.215.

355 603 486 651 216];
521 615 619 654 quae
649 604 772 640 attulit
793 600 961 638 Schultz.
984 601 1010 637 l.

354 658 382 695 l.
402 672 440 709 p.
465 661 514 698 10
536 666 614 695 not.
635 662 702 699 20.
761 659 858 694 Cum
887 658 1010 694 verbis

355 714 602 751 Herodoteis:
651 717 723 753 τοῦ
755 710 1011 765 ’ὑπερφύντος

354 786 394 810 τε
405 767 599 820 ΓΈλληνας
624 767 734 821 ἰσχύϊ
761 771 804 819 (i.
826 784 859 807 e.
882 772 944 820 qui
954 783 1008 806 ro-

354 828 431 864 bore
457 828 547 863 inter
569 828 721 864 Graecos
747 827 914 878 enu'nuit)
938 839 1008 877 ap-

351 884 474 932 prime
495 884 897 920 conveniuntPausan.
920 896 1009 918 ver-

352 940 399 975 ba
420 939 480 986 VI,
503 942 526 979 3
544 940 607 975 fin.
632 940 673 978 οἷ
689 935 833 985 πάντες
846 936 1009 990 ἅνθρω-

352 1010 421 1033 ποι
460 992 735 1046 θεραπεύουσι
778 1011 826 1034 τα
868 993 1009 1043 ὑπερέ-

351 1065 471 1101 χοντα
495 1054 544 1105 τῇ
566 1048 683 1102 ἰσχύϊ
714 1052 818 1096 Quae
840 1064 1009 1102 sequun-

351 1113 437 1143 tur:
454 1107 519 1146 καὶ
541 1105 738 1160 φυγόιτος
753 1104 1009 1157 ἀνθρώπους,

352 1164 602 1213 explicantur,
631 1172 813 1201 monente
828 1165 1008 1210 Wessel.⁷

351 1221 534 1257 similibus
562 1222 684 1258 verbis
721 1222 784 1269 IV,
824 1224 874 1262 17
879 1220 928 1261 4:
973 1219 1014 1259 οἷ

340 1271 482 1328 ,πάντα
500 1274 722 1330 ἄνθρωπον
734 1273 928 1329 φεύγουσι
945 1275 1012 1315 καὶ

349 1330 494 1380 παντὸς
525 1332 711 1385 ὁμιλίην,
750 1336 815 1387 qui
848 1335 1007 1384 fugiunt

349 1402 580 1440 quemcunque
622 1392 786 1428 hominem
819 1395 852 1428 et
885 1393 1009 1428 cuius-

349 1459 481 1496 cunque
501 1450 746 1485 commercium.

409 1503 612 1550 Φείδωνος
632 1525 686 1531 -
703 1499 800 1550 πάϊς
838 1499 1008 1554 Λεωκή-

352 1558 441 1608 δης]
465 1560 568 1596 Haec
591 1561 671 1610 ipsa
692 1567 728 1596 et
749 1573 804 1608 ea,
827 1573 923 1611 quae
943 1573 1005 1597 se-

350 1621 519 1665 quuntur
537 1645 546 1663 ,
587 1617 723 1652 merito
755 1617 852 1653 viros
874 1615 1005 1652 doctos

349 1683 566 1708 exercuere.
624 1674 723 1708 Nam
749 1671 873 1708 Phido
889 1673 1005 1722 Argi-

348 1739 485 1763 vorum
500 1735 700 1779 tyrannus,
731 1727 778 1765 de
799 1741 874 1780 quo
896 1729 1004 1778 plura

346 1784 506 1832 Noster,
551 1783 599 1821 ad
629 1785 750 1821 multo
792 1786 1004 1836 antiquiora

347 1845 519 1890 tempora
572 1842 735 1891 pertinet
787 1839 1004 1891 Olympiad.

347 1902 502 1932 octavae
517 1897 753 1949 minimeque
773 1897 862 1934 inde
882 1898 1004 1934 tilium

346 1950 486 1988 habere
510 1954 634 2003 potuit
663 1953 906 2002 Leocedem‚
939 1955 1004 2005 qui

344 2008 443 2044 inter
473 2010 670 2059 Agaristae
697 2023 831 2061 procos
860 2023 1003 2047 nomeu

344 2065 533 2113 professus
562 2067 687 2103 fuerit.
759 2067 882 2112 Quare
910 2067 1003 2103 Pal-

343 2121 466 2157 merio
498 2123 548 2158 ita
581 2121 824 2158 scribendum
843 2122 1002 2159 videba-

344 2182 406 2211 tur
424 2184 507 2226 post
527 2174 773 2228 Λεωκήδηςτ
797 2173 877 2217 ἄπο
905 2179 1001 2216 Φεί-

345 2231 471 2278 δωνος
498 2230 540 2271 δὲ
556 2235 627 2272 τοῦ
642 2229 834 2285 Ἀργείων
852 2249 1000 2285 τυραν-

344 2301 431 2334 νον,
484 2291 557 2327 τοῦ
587 2285 635 2326 ‘ca'
666 2288 783 2339 μέτρα
820 2304 854 2327 κ.
888 2304 921 2328 τ.
949 2291 997 2336 λ.,

344 2343 561 2381 Gronovio·
607 2340 806 2395 τυράννου
834 2342 877 2383 δὲ
905 2345 997 2384 Φεί-

343 2399 471 2446 δωνος
498 2395 719 2451 α’πόγονος,
761 2403 831 2439 τοῦ
857 2416 904 2438 τα
939 2399 1002 2451 μὲ-

342 2470 467 2504 τρακ.
487 2471 519 2494 τ.
532 2459 578 2502 λ.,
601 2457 765 2493 Reitzio:
801 2457 1002 2504 Φείδωνος

343 2509 385 2549 δὲ
431 2514 503 2551 τοῦ
561 2507 745 2564 Ἀργείων
801 2510 1001 2563 ,τυράννου

341 2562 556 2618 ἀπόγονος,
572 2571 643 2607 τοῦ
661 2584 706 2607 τα
723 2566 887 2619 μέτρακ.
903 2584 934 2608 τ.
952 2573 999 2616 λ..

343 2622 447 2675 quod
479 2626 604 2675 ipsum
635 2624 773 2661 arridet
802 2625 998 2663 Schultzio

341 2693 430 2730 pag.
464 2684 514 2721 10
534 2688 613 2718 not.
636 2684 683 2721 21
710 2682 793 2718 coll.
808 2683 930 2723 Marx,
949 2682 998 2719 ad

339 2735 686 2787 Ephor.Frag1n1n.
710 2751 795 2788 pag.
821 2741 911 2785 108,
933 2740 998 2790 qui

339 2799 425 2844 post
450 2794 653 2841 Φείδωνος
678 2791 721 2834 δὲ
752 2794 996 2833 inserendum

1068 490 1277 539 suspicatur
1320 487 1548 543 ἆπογόνου,
1609 503 1729 543 quum

1068 546 1139 581 nisi
1161 545 1253 582 liaeo
1276 548 1334 584 vel
1355 549 1486 584 similis
1511 546 1728 585 emendatio

1068 603 1290 652 recipiatur,
1332 606 1504 640 maxima
1535 605 1727 640 exoriatur

1066 664 1285 708 temporum
1324 662 1500 697 turbatio.
1574 661 1727 697 Grono-

1066 715 1173 750 vium
1193 716 1363 766 sequitur
1382 715 1593 753 Lare-herus
1622 718 1725 767 ipse-

1064 783 1138 821 que
1160 771 1414 820 Gaist'ordius,
1458 775 1520 824 qui
1568 773 1723 820 ‚,Recte‚

1064 828 1127 873 ait,
1157 828 1369 864 Gronovius
1396 828 1556 876 iudicat,
1590 842 1725 865 vocem

1064 878 1267 933 ἅπογόνου
1289 885 1482 922 excidisse.
1519 883 1725 922 vid.Mus--

1063 940 1185 988 gravii
1215 940 1310 977 Diss.
1341 954 1377 990 p.
1407 944 1485 981 178
1515 954 1594 991 seq.
1625 943 1723 978 Por-

1065 1007 1146 1031 son.
1180 996 1310 1032 Tiact.
1344 1010 1380 1046 p.
1412 996 1504 1036 325.
1509 998 1534 1016 ‘⁶
1564 998 1725 1034 Wesse-

1065 1051 1204 1101 lingius
1225 1052 1407 1088 Palmerii
1428 1060 1541 1103 atque
1571 1053 1725 1090 Grono—

1066 1108 1116 1144 vii
1120 1081 1447 1144 Demendationem
1475 1108 1622 1145 laudari
1643 1111 1725 1161 qui-

1067 1163 1169 1211 dem,
1190 1163 1256 1200 sed
1266 1172 1407 1201 certam
1430 1167 1609 1214 praestari
1620 1164 1724 1203 haud

1066 1233 1174 1270 posse
1195 1220 1348 1258 iudicat.
1405 1220 1501 1257 Mihi
1528 1223 1652 1272 placet
1683 1222 1723 1260 C.

1068 1277 1109 1314 O.
1138 1278 1288 1313 Miilleri
1315 1279 1501 1314 sententia
1529 1280 1724 1328 Aeginett.

1064 1345 1152 1384 pag.
1175 1336 1228 1374 60
1250 1346 1354 1385 seqq.
1374 1333 1440 1370 has
1462 1335 1631 1371 virorum
1652 1334 1724 1372 do-

1065 1397 1214 1426 ctorum
1236 1390 1522 1428 emendationes
1541 1393 1667 1428 statim
1677 1404 1722 1428 eo

1064 1447 1185 1482 refelli
1213 1448 1430 1495 scribentis,
1462 1447 1566 1499 quod
1597 1449 1723 1484 conti-

1064 1516 1141 1539 nuo
1165 1504 1323 1553 legitur:
1367 1501 1511 1543 τούτου
1541 1501 1592 1555 δή
1609 1500 1720 1552 πάϊς,

1063 1572 1298 1610 omnemque
1334 1561 1448 1596 etiam
1466 1573 1627 1596 manum
1646 1561 1722 1597 cri-

1061 1616 1176 1652 ticam
1204 1616 1279 1652 loci
1310 1617 1436 1652 colore
1466 1618 1633 1666 ingenuo
1676 1629 1720 1653 ac

1059 1673 1189 1708 nativo
1210 1674 1410 1710 removeri.
1478 1674 1611 1724 Itaque
1639 1674 1720 1708 He-

1060 1727 1238 1764 rodotum
1259 1727 1454 1765 contendit
1469 1742 1546 1766 110'1
1557 1728 1719 1765 mendo·

1059 1797 1167 1832 suin,
1196 1784 1262 1821 sed
1292 1785 1449 1831 falsum,
1479 1783 1719 1822 historiarum

1060 1842 1317 1892 Peloponnesi
1371 1842 1498 1878 minus
1553 1853 1719 1892 gnarum

1060 1897 1244 1934 Leocedis
1271 1903 1419 1948 patrem
1449 1911 1470 1934 e
1500 1897 1601 1934 samse
1622 1910 1720 1949 qua-

1061 1952 1152 1990 dam
1192 1954 1350 1990 obscura
1389 1967 1479 1990 cum
1511 1954 1718 2005 antiquiori

1061 2016 1176 2061 atque
1207 2011 1398 2046 illustriori
1436 2010 1501 2046 illo
1540 2008 1718 2047 Phidone

1058 2072 1302 2116 permutasse.
1371 2067 1484 2102 Hunc
1514 2066 1591 2102 fere
1621 2065 1718 2102 Phi-

1059 2121 1201 2157 donem
1229 2121 1333 2157 idem
1363 2134 1451 2171 pag.
1483 2123 1534 2162 63
1574 2124 1715 2171 statuit,

1058 2179 1156 2213 circa
1190 2178 1344 2228 Olymp.
1382 2179 1434 2213 111
1475 2177 1714 2228 Corinthum,

1057 2246 1099 2269 ac
1131 2240 1258 2283 postea
1293 2235 1478 2270 maiorem
1521 2235 1715 2285 Pelopon—

1056 2291 1137 2325 nesi
1185 2297 1332 2340 partem
1383 2291 1452 2326 sibi
1510 2291 1714 2341 subegisse,

1059 2346 1212 2396 Olymp.
1233 2347 1317 2382 Vlll
1339 2344 1586 2395 agonothetas
1601 2348 1715 2385 Eleos

1058 2403 1257 2452 pepulisse,
1290 2401 1468 2454 denique,
1492 2404 1636 2454 legibus
1654 2404 1714 2440 la-

1058 2459 1125 2505 tis,
1155 2460 1339 2496 mensuris
1359 2460 1558 2507 institutis,
1586 2460 1714 2498 numis

1059 2515 1175 2561 cusis,
1221 2516 1318 2552 circa
1348 2516 1500 2567 Olymp.
1520 2517 1576 2552 XI
1595 2528 1616 2552 a
1634 2517 1713 2553 La-

1059 2570 1313 2609 cedaemoniis
1334 2585 1412 2609 esse
1432 2585 1617 2608 eversum.
1639 2573 1712 2617 Qui

1055 2626 1227 2664 Leocedes
1256 2626 1293 2665 h.
1314 2628 1341 2665 l.
1363 2634 1535 2676 vocatur,
1565 2641 1587 2664 a
1606 2629 1711 2664 Pau-

1055 2685 1159 2720 sania
1179 2691 1337 2721 vocatur
1364 2683 1539 2731 Lacides,
1570 2697 1592 2720 a
1615 2685 1710 2721 Plu-

1054 2739 1184 2777 tarcho
1197 2741 1248 2788 (11
1261 2753 1348 2790 pag.
1360 2742 1412 2782 89
1424 2740 1488 2788 Ε.)
1502 2736 1707 2791 Λακύδης,

1053 2804 1095 2834 ut
1120 2797 1363 2848 probabiliter
1389 2797 1496 2848 ponit
1522 2797 1708 2850 Wytten-
