1897 3340
593 199 890 238 ERATO.
948 198 1022 234 VI.

58 318 121 362 91
184 327 236 352 τα
264 311 344 365 μὲν
373 310 425 366 δή
463 309 647 362 ὕστερον
687 308 860 363 ἐγίνετο.

1363 203 1446 241 3ῦό

183 377 298 432 χέες,
328 376 650 426 ἐπαναστάντος
689 378 767 418 τοῦ
808 372 950 429 δήμου
991 385 1069 429 σφι
1101 372 1189 429 ἅμα
1219 375 1445 429 Νικοδρό-

180 461 272 501 μῳ,
329 443 644 498 ἐπεκράτησαν·
675 442 748 485 καὶ
779 439 923 485 ἔπειτά
954 452 1091 496 σφεας
1120 442 1445 498 χειρωσάμενοι,

152 512 338 567 ἓέξῆγον
380 511 644 560 ἀπολέοντες.
696 508 782 552 ἀπὸ
826 507 990 551 τούτου
1030 508 1074 551 δὲ
1115 510 1187 551 καὶ
1233 509 1337 565 ἄγος
1366 523 1445 567 σφι

179 579 366 634 ἐγένετο,
395 575 444 620 τό
464 574 739 620 ἐκθύσασθαι
770 574 853 620 οὐκ
884 573 970 619 οἷοί
996 591 1041 618 τε
1070 575 1267 630 ἐγίνοντο
1298 579 1444 636 ἐπιμη·

180 646 440 701 χανώμενοι,
484 643 578 687 ἀλλ’
612 645 812 700 ἔφθησαν
856 641 1108 695 ἐκπεσόντες
1150 641 1363 700 πρότερον
1399 647 1446 690 ἐκ

151 717 258 768 3τῆς
285 712 447 768 νήσου,
477 712 505 768 ἤ
536 726 616 769 σφι
646 715 773 756 ἵλεων
802 713 1006 768 γενέσθαι
1035 710 1114 766 τὴν
1143 713 1266 756 θεόν.
1314 714 1445 757 ἐπτα-
1459 725 1502 756 2¹0

175 782 352 830 κοσίους
380 779 464 835 γὰρ
497 781 548 836 δὴ
578 784 658 824 τοῦ
690 779 832 837 δήμου
864 776 1171 835 ζωγρήσαντες,
1204 781 1356 836 ἐξῆγον
1385 781 1443 833 ὠς

177 846 443 898 ἀπολέοντες.
483 845 543 898 εἷς
574 848 619 891 δέ
649 864 714 899 τις
743 846 912 891 τούτων
956 846 1164 903 ἐκφυγών
1202 849 1255 892 τα
1295 850 1442 906 δεσμοὶ,

175 912 437 970 καταφεύγει
469 915 579 970 πρὸς
623 915 830 971 πρόθυρα
860 913 1094 971 Δήμητρος
1133 916 1441 974 θεσμοφόρου·

147 982 579 1038 4ἐπιλαμβανόμενος
609 984 656 1027 δὲ
686 988 772 1027 τῶν
802 983 1158 1039 ἐπισπαστήρων,
1197 986 1343 1041 εὔχετο.
1396 988 1439 1030 οἱ
1495 1002 1566 1042 431

175 1051 244 1102 δὲ,
283 1050 374 1094 ἐπεί
402 1067 447 1095 τε
474 1068 550 1107 μιν
589 1049 844 1097 dstOGnocfioch
876 1068 959 1095 Ουκ
989 1048 1078 1095 ΟἶΟί
1108 1068 1152 1096 τε
1174 1050 1440 1107 απέλκθνΐὲς

336 1236 428 1288 Cap.
457 1237 560 1273 XCI.

173 1293 215 1333 οἱ
231 1291 388 1344 παχέες]
420 1293 506 1331 vid.
536 1299 632 1331 nott.
663 1291 713 1329 ad
732 1292 777 1341 V,

116 1353 181 1398 30,
203 1351 269 1386 ubi
300 1352 413 1387 etiam
442 1349 490 1387 de
517 1363 611 1388 voce
633 1347 776 1401 δήμου.

169 1403 213 1446 τὸ
239 1403 523 1456 ἐκθύσασθαι]
563 1408 590 1444 i.
619 1420 652 1444 e.
686 1406 778 1457 quod

115 1464 298 1514 (impium
326 1464 477 1514 scelus)
535 1466 679 1514 expiare
709 1476 778 1500 non

110 1523 308 1570 potuerunt.
356 1522 456 1556 Nam
505 1516 773 1567 ἐκθύσασθαι,

114 1583 156 1613 ut
189 1577 362 1614 observat
391 1575 496 1616 adh.
517 1578 545 1613 l.
574 1575 772 1624 Valcken„

112 1634 299 1683 significat
336 1635 426 1670 iram
454 1633 594 1671 deorum
618 1633 773 1684 piaculis

111 1703 142 1727 S.
162 1693 314 1728 victimis
333 1691 478 1740 placare
511 1691 770 1741 piacularibus,

110 1746 279 1799 indeque
300 1746 500 1784 adhibetur
519 1749 560 1783 in
574 1760 772 1796 procuran-

111 1803 167 1840 dis
197 1805 368 1841 ominibus
401 1808 434 1841 et
473 1804 672 1854 prodigiis,
729 1809 773 1840 ut

113 1859 215 1910 apud
235 1862 349 1896 Dion.
371 1861 473 1899 Cass.
501 1862 603 1908 XLI,
633 1860 683 1900 14
703 1859 772 1897 fin.

112 1916 251 1968 Synes.
269 1918 433 1954 Eucom.
455 1917 590 1958 Calvit,
606 1930 644 1967 p.
661 1916 772 1957 7413.

110 1973 285 2010 Eustath.
316 1973 365 2010 ad
397 1976 554 2010 Homer.
589 1988 625 2024 p.
652 1976 771 2021 1223,

111 2030 162 2071 51
185 2043 215 2067 s.
239 2033 359 2079 1306,
384 2032 448 2071 19.
507 2032 606 2067 Hinc
633 2029 771 2066 suidas

111 2087 130 2122 Ῑ
150 2100 193 2137 p-
211 2089 314 2128 692:
346 2084 602 2127 ἐκθύσασθαι
625 2084 668 2125 τό
691 2086 770 2134 ἐξι-

112 2139 338 2182 λεώσασθαι
355 2143 423 2183 καὶ
457 2143 770 2194 ἐκμειλίξασθαι.

110 2201 190 2248 His,
212 2213 310 2252 quae
331 2202 454 2237 attulit
477 2201 769 2250 Wesselingius,

113 2255 144 2295 C
150 2269 183 2293 r.
203 2256 307 2294 addit
325 2257 602 2310 Wyttenbach.
615 2257 664 2294 ad
676 2258 772 2294 Plu-

111 2311 231 2350 tarch.
261 2314 394 2351 Moral.
424 2314 707 2352 Animadverss.
729 2328 768 2365 p.

112 2370 207 2416 931,
238 2371 303 2420 qui
333 2367 558 2410 ἐκθύεσθαι
584 2378 687 2408 recte
705 2372 770 2407 in-

112 2431 360 2474 terpretatur:
399 2429 539 2476 expiare
561 2441 625 2477 per
653 2430 769 2465 sacri-

102 2481 210 2531 ficia.
257 2483 352 2518 Mox
372 2484 543 2534 rescripsi
562 2497 582 2520 e
603 2485 773 2522 Florem,

111 2536 288 2588 ἐγίνοντο
319 2551 387 2589 pro
409 2538 601 2590 ἐγένοντο.
631 2540 694 2577 Ad
709 2542 771 2577 lo-

115 2595 310 2631 cutionem
340 2594 528 2644 ἕφθησαν
546 2593 771 2643 ἐκπεσόντες

116 2651 218 2686 conf.
236 2659 333 2688 nott.
355 2651 403 2688 ad
422 2652 485 2699 IV,
511 2654 604 2692 136.

172 2705 315 2758 ἐξῆγον
347 2706 401 2754 ὥς
441 2704 703 2756 α’πολὲοντες]
744 2710 772 2746 i.

107 2773 151 2810 e.
171 2762 367 2801 eduxerunt
396 2765 653 2814 interficiendos
671 2778 700 2801 s.
722 2765 772 2802 ad

114 2818 335 2868 supplicium.
354 2820 428 2857 Ubi
439 2819 514 2857 duo
527 2819 640 2858 codd.
657 2822 772 2859 omit-

836 1243 921 1272 tunt
942 1232 997 1282 ὥς
1012 1264 1022 1284 ,
1072 1236 1178 1288 quod
1207 1239 1322 1289 paulo
1349 1245 1436 1275 ante
1456 1240 1496 1276 in

835 1292 971 1330 eadem
982 1293 1173 1331 locutione
1185 1296 1310 1332 nullus
1319 1296 1415 1332 liber
1422 1295 1495 1332 ha-

835 1349 912 1387 bet.
968 1351 1021 1386 At
1046 1352 1206 1388 voculae
1228 1368 1302 1400 ως,
1333 1360 1376 1389 ut
1396 1353 1495 1389 bene

833 1413 969 1443 monet
991 1408 1048 1444 W
1053 1409 1225 1459 esseling.
1215 1438 1239 1456 .,
1270 1422 1382 1460 saepe
1398 1439 1408 1456 ,
1428 1410 1495 1446 ubi

831 1464 913 1500 siue
933 1463 1161 1502 detrimento
1183 1467 1412 1513 reticeretur,
1428 1479 1496 1503 sua

830 1521 886 1557 vis
913 1534 1079 1572 suusque
1109 1529 1163 1559 est
1192 1523 1324 1573 lepor,
1375 1530 1418 1559 ut
1453 1524 1495 1559 in

832 1576 977 1614 Herod.
1005 1578 1067 1625 VI,
1102 1581 1167 1620 18.
1207 1580 1305 1616 Ptat.
1336 1581 1494 1616 Menex.

828 1646 868 1684 p.
889 1633 969 1673 240
989 1635 1036 1673 D.
1054 1636 1218 1674 Pausau.
1240 1637 1376 1674 Boeot.
1398 1637 1493 1687 (IX)

831 1694 881 1730 13
904 1691 940 1735 §-
962 1693 1003 1731 2
1032 1694 1072 1732 3.
1103 1706 1258 1731 τουτων
1294 1692 1382 1730 dedi
1421 1706 1491 1744 pro

825 1745 1010 1786 τουτέων.
1066 1748 1130 1785 Ad
1166 1749 1320 1787 Cererem
1350 1751 1493 1801 δεσμο-·

829 1799 978 1855 φόρον,
1009 1806 1115 1842 cujus
1137 1807 1183 1842 ab
1203 1808 1399 1857 Aeginetis
1412 1808 1491 1844 cul-

828 1865 889 1896 tae
921 1861 1027 1897 nulla
1057 1863 1146 1898 alibi
1174 1865 1343 1911 mentio,
1387 1863 1492 1901 conf.

828 1928 927 1968 quae
943 1917 992 1953 ad
1016 1918 1061 1965 V,
1084 1921 1138 1958 82
1161 1921 1393 1958 notavimus.

884 1972 1276 2025 ἐπιλαμβανόμενος]
1315 1979 1372 2014 Ita
1399 1990 1491 2014 me·-

825 2029 936 2067 liores
957 2031 1187 2083 codd.,quos
1205 2035 1326 2070 secuti
1344 2047 1490 2072 sumus.

825 2087 903 2122 Alii
944 2086 1249 2139 ἐπιλαβόμενος,
1300 2092 1489 2142 probante

824 2143 999 2181 Eustath.
1021 2145 1069 2182 ad
1084 2145 1217 2198 Odyss.
1230 2148 1247 2183 I
1262 2160 1350 2198 pag.
1367 2151 1488 2196 1429,

825 2202 852 2239 2
872 2201 949 2238 sive
979 2205 1047 2250 72,
1078 2205 1118 2243 3.
1147 2223 1205 2232 ·-
1241 2202 1487 2258 ἐπισπαστὴρ

825 2265 982 2294 vocatur
993 2260 1171 2297 marculus
1181 2273 1210 2297 s.
1221 2262 1387 2309 annulus,
1410 2275 1488 2313 quo

824 2314 980 2351 ianuam
1031 2316 1190 2354 clausuri
1248 2318 1488 2366 attrahebant,

823 2379 1006 2409 monente
1034 2373 1294 2413 Hemsterhus.
1325 2375 1373 2411 ad
1393 2376 1488 2411 Pol-

824 2429 900 2465 luc.
931 2430 982 2476 X,
1009 2432 1078 2470 23.
1113 2430 1182 2467 Cr.
1214 2432 1362 2468 confert
1390 2432 1487 2468 Bo't-

824 2487 933 2535 tiger.
953 2487 992 2522 in
1008 2488 1106 2523 Neu.
1128 2486 1298 2525 deutsch.
1319 2490 1487 2525 Mercur.

828 2545 948 2583 1802.
993 2545 1344 2595 Pa1t.Ipag.36
1382 2554 1486 2596 seq.·
1465 2573 1486 2593 ‚

827 2598 874 2634 ab
908 2601 988 2636 aliis
1019 2602 1260 2651 scriptoribus
1289 2600 1392 2638 hac'
1382 2615 1421 2637 m
1444 2615 1485 2637 re

827 2650 997 2705 ῥόπτρων
1028 2655 1103 2693 dici
1133 2656 1182 2694 ad
1202 2656 1241 2694 h.
1265 2659 1291 2695 l.
1312 2659 1485 2709 plmibus

826 2714 1050 2749 monstravit
1102 2713 1288 2750 Valcken.
1374 2711 1486 2757 Quod

825 2779 915 2804 vero
935 2769 1076 2805 Pollux
1094 2771 1146 2817 X,
1167 2773 1222 2809 22
1257 2771 1343 2806 coll.
1373 2767 1484 2805 Suid.

825 2835 854 2860 S·
874 2837 913 2861 V·
932 2826 951 2860 I
969 2838 1009 2875 p-
1030 2827 1111 2865 829
1136 2826 1221 2873 (ubi
1239 2819 1486 2874 ἐπισπαστή-

1105 2884 1158 2920 23
1181 2877 1207 2901 ²*

1505 355 1534 380 sa
1537 357 1585 382 vict

1504 394 1574 416 meta

920 305 1185 361 Αἰγινητέων
1214 306 1259 350 δε
1288 309 1333 350 οῖ
1369 315 1614 361 na-15Cac50r

1579 398 1594 416 (5

1600 326 1759 362 memma

1588 361 1760 417 :ulma-ig-

1692 400 1722 420 ΙΙΙ.

1634 400 1689 419 cca

1885 2980 1897 3056 ·-·.-·
1886 2865 1893 2942 -a
1886 2708 1896 2802 ⁴-
