1897 3340
445 196 529 237 768
851 194 1306 232 HERODOTI

464 301 657 358 ἀτραπόν
681 301 871 359 Ὀνήτης,
900 304 937 347 εἰ
974 307 1027 360 τῇ
1056 301 1173 360 χώρῃ
1203 302 1340 346 πολλοὶ
1370 302 1593 360 ὡμιληκώς
1622 305 1705 361 εἴη·

461 370 552 416 ἀλλ’
577 370 793 427 Ἐπιάλτης
822 370 906 426 γάρ
935 370 1022 414 ἐστι
1052 370 1075 414 6
1105 369 1469 426 περιηγησάμενος
1495 372 1544 415 τὸ
1575 374 1709 426 οὖρος

304 441 403 486 215
459 439 568 484 κατὰ
605 438 684 495 τὴν
723 438 928 493 ἀτραπὸν,
958 442 1117 482 τοῦτον
1147 441 1287 481 αἴτιον
1322 439 1492 494 γράφω.
1551 438 1710 495 Ξέρξης

135 506 263 575 Μῑεέἱιῖ
269 506 400 575 ‘'itaeedu'
465 508 523 559 δὲ,
553 507 642 551 ἐπεί
672 507 716 549 οῖ
742 504 867 560 ἤρεσε
896 504 949 547 τὰ
980 505 1186 561 ὑπέσχετο
1217 505 1239 549 6
1257 505 1478 563 Ἐπιάλτης
1504 504 1709 561 κατεργοῖ-
1721 514 1764 546 80

136 575 181 637 {¹13
181 561 403 647 ῗὲἷ-ῗέῧιῗῗῖἓ.
463 580 637 625 σεσθαι,
677 572 831 616 αὐτίκα
858 571 1089 627 περιχαρὴς
1115 572 1345 628 γενόμενος
1383 574 1537 630 ἔπεμπε
1559 572 1708 627 Ὑδάρ-

135 642 406 717 ἓηῃᾞῗῑξεῖξῦ
460 658 563 692 νεα,
593 641 667 684 καὶ
696 644 785 683 τῶν
818 638 1068 694 ἐστρατήγεε
1090 637 1312 697 Ὑδάρνης.
1343 641 1536 698 ὥρμέατο
1566 641 1612 684 δὲ
1640 656 1710 683 πε-

136 718 187 738 ῐθῐ
189 711 242 739 ¹·¹¹2
433 710 511 763 2ρὶ
547 707 717 764 λύχνων
755 705 871 763 ἁφὰς
907 707 954 750 ἐκ
981 709 1061 749 τοῦ
1100 708 1404 761 στρατοπέδου.
1468 709 1556 764 Τὴν
1587 708 1634 751 δὲ
1664 704 1715 750 α’->

461 775 629 832 τραπὸν
667 774 829 832 ταύτην
867 775 1044 828 ἐξεῦρον
1083 774 1161 829 μὲν
1191 775 1234 817 οἱ
1262 775 1482 830 ἐπιχώριοι
1508 774 1712 831 Μηλιέες·

463 843 710 899 ἐξευρόντες
726 843 785 895 δὲ,
820 846 1076 886 Θεσσαλοῖσι
1103 840 1400 897 κατηγήσαντο
1431 844 1499 886 ἐπὶ
1533 842 1712 892 Φωκέας

462 912 558 956 τότε
588 912 658 955 ὅτε
696 912 740 953 οἱ
774 909 956 960 Φωκέες,
993 907 1233 964 φράξαντες
1260 909 1386 964 τείχεϊ
1412 909 1491 964 τὴν
1512 910 1708 965 ἐσβολήν,
1723 916 1766 948 85

463 976 578 1036 ἦσαν
607 978 653 1022 ἐν
683 977 815 1033 σκέπῃ
855 980 936 1020 τοῦ
964 976 1169 1032 πολέμου·
1207 975 1253 1019 ἐκ
1281 991 1325 1018 τε
1353 974 1486 1019 τόσου
1515 976 1569 1031 δή
1597 993 1713 1019 κατε-

308 1052 407 1098 216
465 1046 635 1090 δέδεκτο
675 1044 810 1089 ἐοῦσα
850 1043 979 1088 οὐδὲν
1004 1042 1171 1101 [χρηστὴ
1223 1046 1452 1098 Μηλιεῦσι.
1515 1044 1630 1098 ’Ἐχει
1666 1043 1712 1086 δὲ

139 1123 355 1151 Eiustrawffi·
468 1109 552 1159 ὧδε
590 1114 617 1171 ἡ
655 1110 848 1170 ἀτραπός
886 1111 1008 1169 αὕτη.
1066 1111 1238 1167 ἄρχεται
1267 1109 1345 1166 μὲν
1372 1107 1457 1154 ἀπὸ
1486 1112 1564 1154 τοῦ
1589 1107 1713 1154 Ἀσω-

414 1336 498 1384 alia,
519 1335 745 1403 plem’lmque
767 1330 902 1369 dicitur
939 1341 963 1365 κ
984 1345 1008 1368 α
1030 1329 1067 1368 ί-
1121 1330 1188 1367 Gr.
1210 1331 1275 1368 Gr.
1297 1331 1332 1376 §-
1355 1332 1448 1377 360,
1478 1341 1510 1368 a.
1528 1341 1615 1380 pag.
1636 1326 1717 1370 674
1737 1334 1774 1365 et

414 1407 443 1430 π
465 1406 481 1430 ε
499 1407 520 1442 ρ
562 1391 658 1430 οὐκ
695 1385 752 1428 ὠν
788 1382 982 1438 Μηλιεύς.
1013 1409 1064 1414 -
1121 1393 1217 1424 nott.
1235 1386 1282 1424 ad
1301 1387 1364 1434 IV,
1387 1385 1464 1427 125
1487 1387 1572 1426 coll.
1588 1384 1773 1432 V11‚214.

413 1447 476 1484 Ad
504 1461 615 1485 voces
644 1442 853 1498 ωμιληκῡδς
873 1443 933 1495 εἴη
966 1442 1067 1481 conf.
1121 1442 1280 1491 1X‚15.
1305 1441 1396 1483 105.
1454 1442 1517 1479 Ad
1535 1442 1651 1480 verba
1669 1435 1775 1492 ἦσαν

414 1505 495 1554 VII,
512 1507 576 1545 26.
1125 1499 1196 1548 (sic
1217 1498 1305 1536 dedi
1323 1511 1391 1549 pro
1413 1497 1532 1549 ἔσαν)
1569 1497 1612 1538 ἐν
1649 1495 1773 1549 σκέπῃ

472 1685 562 1722 περι
587 1666 743 1721 λύχνων
775 1664 913 1716 αφας]
945 1664 1067 1702 Affert
1121 1673 1219 1706 nott.
1240 1666 1288 1704 ad
1305 1667 1348 1714 V,
1372 1669 1436 1708 88.
1465 1667 1527 1704 Ad
1547 1667 1775 1718 Plusquam-

416 1727 552 1766 Suidas
573 1727 723 1777 19391
738 1726 906 1775 itemque
927 1723 1067 1758 Gram-
1123 1723 1338 1774 perfectum
1374 1722 1624 1762 κατεδέδεκτο
1673 1721 1778 1759 conf.

415 1786 574 1821 maticus
591 1785 630 1818 in
646 1780 884 1818 Bachmann.
896 1776 1068 1815 Anecdd.
1124 1779 1259 1817 Matth.
1276 1781 1341 1816 Gr.
1364 1780 1427 1816 Gr.
1446 1781 1482 1825 §.
1504 1779 1598 1821 505.
1618 1779 1681 1817 IV.
1697 1780 1776 1815 Nec

415 1842 434 1877 I
453 1854 490 1891 p.
514 1841 604 1887 169,
625 1841 691 1879 20.
730 1836 922 1874 Iudicatur
941 1841 1070 1871 autem
1125 1837 1233 1873 aliter
1251 1833 1569 1888 παρεσκευάδατο
1589 1836 1670 1882 VII,
1683 1836 1777 1875 218.

415 1897 688 1941 noctisz'nz'tium,
709 1901 751 1931 ut
763 1891 910 1930 dudum
920 1891 1070 1928 monuit
1125 1894 1206 1932 219
1245 1893 1311 1929 fin.
1366 1891 1429 1929 Ad
1465 1892 1779 1942 significationem

417 1951 617 1999 Valckeu.,
639 1952 756 1988 citans
779 1948 995 1986 Philostrat.
1016 1948 1074 1983 A-
1127 1949 1228 1985 conf.
1266 1954 1362 1986 nott.
1397 1947 1445 1985 ad
1481 1950 1511 1996 1,
1555 1950 1648 1989 163.
1712 1947 1780 1982 Est

418 2009 509 2060 poll.
528 2009 607 2045 VII.
631 2007 694 2053 15,
714 2006 870 2043 Diodox.
890 2005 998 2051 XIX,
1018 2005 1069 2044 31
1127 2017 1276 2042 sensus:
1299 2004 1362 2042 Ex
1382 2017 1419 2042 eo
1441 2004 1522 2042 inde
1539 2007 1685 2053 tempore
1707 2013 1776 2051 ap-

417 2066 508 2116 ibiq.
529 2064 761 2113 Wesseling.
782 2063 868 2100 coll.
890 2059 1073 2111 Sophocl.
1123 2063 1268 2111 paruit,
1299 2061 1388 2097 hanc
1415 2062 1569 2097 semitam
1591 2057 1776 2095 BIelz’ensi-

419 2123 524 2157 Aiac.
546 2119 640 2161 285
696 2121 807 2156 Hisce
837 2121 928 2168 λυχι
933 2115 1072 2166 αψίαι,
1130 2119 1192 2154 bus
1208 2117 1301 2154 nulli
1315 2118 1397 2152 usui
1407 2116 1536 2166 fuisse,
1550 2115 1638 2159 sive,
1652 2120 1693 2149 ut
1707 2126 1776 2149 ex-

420 2189 497 2213 uno
528 2177 726 2223 vocabulo,
756 2188 804 2211 ex
833 2173 972 2210 Athen.
1001 2172 1072 2208 XV
1128 2174 1259 2223 pressit
1277 2173 1429 2219 Lange:
1447 2174 1511 2208 seit
1528 2170 1588 2207 der
1599 2170 1683 2206 Zeit
1696 2169 1778 2206 aber

421 2246 460 2282 p.
481 2235 562 2271 702
583 2234 628 2269 B.
649 2231 752 2268 addit
774 2229 889 2267 Schw
892 2227 994 2277 eigh.
1015 2228 1071 2262 Ac
1128 2229 1239 2264 haben
1258 2227 1312 2262 die
1335 2225 1462 2264 Melz'er
1485 2226 1602 2264 keinen
1627 2225 1778 2264 Vortheil

420 2289 511 2324 scite
531 2287 738 2323 observavit
759 2285 890 2322 Ukert.
911 2284 1073 2331 (Geogr.
1128 2283 1240 2320 ἀαυωι
1257 2282 1398 2332 gellabt.

421 2342 460 2380 (l.
481 2344 546 2378 Gr.
568 2344 594 2388 1,
617 2345 642 2381 2
693 2368 702 2377 .
728 2342 822 2387 156)
854 2353 901 2374 ex
923 2337 978 2374 his
1010 2338 1070 2373 lo-
1547 2372 1560 2385 ⁷

423 2399 635 2436 cutionibus
667 2355 938 2446 {milibusque
984 2394 1071 2430 satis
1313 2372 1406 2423 cap·
1427 2372 1592 2410 CCXWI·

422 2455 579 2504 intelligi
600 2466 718 2503 posse,
740 2465 855 2503 quam
883 2463 965 2487 sero
987 2462 1074 2486 om-
1187 2447 1345 2503 ἄρχεται
1374 2448 1445 2502 μὲν
1473 2446 1550 2489 oin&
1569 2451 1642 2490 τοῦ
1656 2445 1778 2488 Ἀσω-

423 2512 514 2548 nino
545 2511 679 2547 Graeci
716 2507 926 2546 secundum
964 2505 1074 2542 horas
1130 2509 1210 2547 ποῦ
1231 2508 1412 2556 ποταμοῦ
1427 2509 1498 2545 τοῦ
1524 2503 1589 2545 διὰ
1607 2507 1679 2556 τῆς
1697 2505 1779 2544 δια-

423 2575 571 2617 tempus
590 2567 713 2602 metiri
735 2572 770 2601 et
790 2563 954 2600 indicare
975 2561 1072 2599 ‹lidi-
1128 2558 1279 2615 σφάγος
1304 2562 1480 2614 ῥέοντος]
1510 2562 1595 2599 Vid.
1616 2568 1710 2598 nott.
1731 2559 1780 2598 ad

424 2625 554 2670 «verint,
577 2635 696 2674 quum
716 2623 834 2672 prisco
855 2633 959 2656 more
978 2626 1073 2655 tem-
1127 2621 1209 2667 Vll,
1236 2621 1312 2659 199
1335 2626 1369 2656 et
1389 2620 1426 2655 in
1447 2617 1610 2670 seqq.ad
1619 2617 1781 2655 locutio-

426 2693 494 2730 pus
515 2678 562 2715 ad
582 2679 668 2716 solis
688 2685 724 2715 et
743 2679 838 2714 coeli
857 2683 995 2712 statum
1005 2675 1074 2712 de-
1129 2688 1220 2712 nem
1260 2671 1412 2725 οὕνομα
1439 2678 1562 2713 κεῖται
1593 2680 1690 2713 nott.
1731 2671 1781 2709 ad

426 2736 602 2776 finierint.
1130 2733 1212 2779 vll,
1237 2733 1314 2772 198
1346 2738 1382 2767 et
1410 2730 1456 2767 de
1485 2743 1577 2768 voce
1594 2725 1781 2770 Ἀνόπαια

480 2786 782 2843 κατηγήσαντο]
813 2788 921 2825 Gonf.
940 2786 1077 2826 matth.
1131 2785 1266 2825 Matth.
1286 2788 1351 2828 Gr.
1372 2788 1438 2824 Gr.
1459 2788 1497 2833 §.
1515 2788 1596 2828 308
1627 2800 1664 2838 p,
1685 2787 1779 2827 610.
