1897 3340
73 303 178 331 ferens
190 299 332 331 Doricus,

73 337 195 364 colonos
220 334 249 360 in
269 332 349 360 Afri-

92 378 138 397 am
155 368 194 396 ad
211 367 303 401 Ciny'-

73 379 142 466 {em
154 402 195 436 [4,
204 401 260 428 175.
273 400 346 435 ιω]

96 436 211 465 educit:
237 435 293 462 sed

73 471 144 499 inde
160 470 276 497 eiectus
286 472 347 496 ter-

73 507 114 534 tio
146 507 213 540 post
237 510 328 537 anno,

73 540 102 567 in
119 538 306 573 Peloponne-

73 581 139 601 sum
153 571 332 601 revertitur.

403 178 461 219 64
802 173 1264 212 HERODOTI

405 285 568 341 ἡλίκων
603 283 780 327 πάντων
818 288 1012 338 πρῶτος·
1055 277 1103 325 εὖ
1143 297 1187 325 τε
1224 282 1422 325 ἐπίστατο
1452 280 1549 324 κατ’
1590 280 1661 324 ἄν·

408 353 654 407 δραγαθίην
685 351 816 401 αὐτὸς
856 351 1026 405 σχήσων
1053 349 1134 405 τὴν
1162 351 1405 406 βασιληΐην.
1459 348 1566 392 ὥστε
1599 343 1718 391 aiv-⁹25

379 418 528 463 Ξοῦτω
553 418 770 474 φρονέων,
799 416 943 472 ἐπειδὴ
974 415 1001 460 ὅ
1028 432 1073 459 τε
1099 415 1433 472 Ἀναξανδρίδης
1453 415 1661 464 ἀπέθανε,

405 487 478 531 καὶ
509 488 552 529 οἱ
581 482 920 538 Λακεδαιμόνιοι
949 484 1187 539 χρεώμενοι
1213 488 1276 541 τῷ
1300 484 1435 542 νόμῳ,
1467 482 1663 540 ἐστήσαν-

407 571 456 597 το
487 551 665 608 βασιλέα
693 551 771 594 τόν
803 550 1099 605 πρεσβύτατον
1129 551 1382 607 Κλεομένεα,
1411 551 1435 595 ὁ
1466 550 1663 604 Δωριεὺς

405 620 552 665 δεινόν
582 635 625 662 τε
653 617 936 673 ποιεύμενος,
974 619 1047 669 καὶ
1077 617 1160 662 οὐκ
1190 618 1322 671 ἀξιῶν
1360 617 1445 662 ὑπὸ
1476 619 1718 673 Κλεομέ-40

403 705 501 738 νεος
529 687 859 742 βασιλεύεσθαι,
896 686 1072 742 αἰτήσας
1100 686 1207 742 ληόν
1237 685 1537 742 Σπαρτιήτας,
1583 684 1661 740 ἄγε

404 755 446 807 ἐς
476 753 702 810 ἀποικίην·
741 753 841 798 οὔτε
868 759 928 813 τῷ
959 755 1005 798 ἐν
1034 759 1246 810 Δελφοῖσι
1280 755 1524 810 χρηστηρῖῳ
1553 769 1662 809 χρη-
1719 763 1800 803 392

348 930 445 954 num
474 929 517 953 ac
543 915 731 953 furiosum
759 928 799 952 se
818 915 1005 966 praebuit.

349 974 474 1019 Quem
500 972 601 1024 quod
632 970 848 1008 Herodotus
874 970 1005 1019 V1‚75

349 1032 389 1067 in
408 1031 576 1066 furorem
590 1027 764 1066 incidisse
782 1027 897 1065 tradit
914 1040 1007 1078 pro-

349 1099 479 1137 gressu
514 1087 714 1136 temporis,
755 1098 876 1137 quum
897 1091 1007 1120 antea

349 1156 429 1179 non
450 1144 520 1179 nisi
553 1137 873 1194 ’ὑπομαργότερος
910 1138 951 1191 (i.
973 1153 1006 1176 e.

348 1203 457 1236 mente
467 1199 630 1248 hebetior)
653 1199 792 1244 fuisset,
806 1196 1007 1246 Schweig-

349 1254 533 1292 haeusero
554 1254 792 1291 commodius
801 1255 926 1290 visum
939 1258 1004 1299 est,

349 1313 411 1350 vel
439 1313 599 1348 retinere
619 1311 748 1347 vallae
776 1311 1006 1359 interpreta-

350 1369 517 1420 tionem:
547 1369 670 1404 mentis
699 1368 829 1416 inopem
861 1366 923 1402 vel
943 1377 1004 1400 re-

350 1438 493 1475 ponere
507 1424 706 1474 suriomm,
735 1417 1006 1472 semffuiiosum,

349 1482 583 1518 subin-eanum.
640 1482 740 1516 Nam
771 1491 856 1514 eam
882 1479 946 1514 ille
966 1478 1006 1513 in

350 1550 445 1574 voce
466 1534 597 1586 ἄκρος,
619 1548 785 1587 quacum
799 1534 1008 1584 composita

352 1600 406 1629 est
426 1606 502 1630 vox
523 1588 770 1642 ἄκρομανὴς,
791 1592 910 1626 inesse
931 1596 1008 1625 sta-

352 1651 424 1686 tuit
444 1650 544 1696 vim,
574 1655 616 1684 ut
637 1660 770 1684 eoriun
789 1647 1006 1692 verborum,

353 1706 489 1757 quibus
509 1706 721 1755 praeposita
731 1710 766 1740 et
779 1704 1006 1754 quibuscum

352 1763 555 1798 coniuncta
585 1768 662 1807 est,
691 1762 838 1797 minuat
857 1760 938 1796 vim
965 1771 1008 1794 ac

351 1825 590 1868 potestatem.
631 1818 682 1853 At
702 1815 797 1853 mihi
819 1828 862 1851 ea
882 1816 1006 1866 potius

353 1876 392 1910 in
414 1873 484 1911 hac
504 1887 598 1911 voce
618 1874 738 1910 inesse
771 1871 920 1910 videtur
938 1872 1007 1918 vis,

357 1930 432 1982 quit
452 1943 586 1967 eorum
605 1930 898 1975 vocabulorum,
921 1928 1008 1979 qui-

353 1988 514 2023 buscum
534 1988 742 2037 composita
763 1992 817 2022 est
832 2015 841 2031 ,
880 1985 1009 2020 notio-

355 2056 447 2079 nem
473 2049 609 2092 augeat
638 2049 750 2094 atque
771 2042 946 2092 ampliet,
966 2047 1009 2076 ut

355 2112 391 2135 v.
405 2114 436 2136 c.
460 2100 495 2135 in
519 2094 733 2149 ἀκράχολος
753 2097 854 2149 apud
867 2096 1008 2134 Athen.

357 2156 395 2191 X
425 2169 462 2206 p-
493 2154 574 2196 432
605 2156 660 2201 C„
693 2150 950 2205 οἷκροπενθής
969 2155 1009 2189 in

356 2210 535 2262 Aeschyl.
585 2213 689 2247 Pers.
740 2210 831 2250 140.
907 2208 1009 2247 Add-

356 2266 571 2304 Blomsield.
602 2269 640 2304 in
671 2268 834 2303 Glossar.
864 2265 911 2302 ad
932 2267 1011 2302 Ae-

356 2323 476 2375 scbyl.
498 2325 601 2360 Pers.
623 2322 704 2365 547
728 2323 834 2371 [514
855 2321 1008 2370 Both.]‚

357 2381 422 2416 ubi
461 2381 523 2416 ille
562 2393 650 2417 cum
688 2381 845 2416 Pauwio
895 2378 1010 2415 edidit

357 2432 543 2489 ἅκρογόοι
558 2450 646 2473 cum
657 2437 771 2486 vulgo
783 2442 876 2472 osset
888 2433 1011 2485 ἄβρο-

356 2490 455 2545 γόοι.
513 2494 562 2529 Et
594 2493 693 2530 conf.
726 2492 889 2543 denique
919 2492 1012 2528 Pol-

357 2550 424 2586 lux
453 2550 513 2596 VI,
548 2549 638 2596 125,
671 2550 735 2600 qui
756 2548 1011 2584 Herodoteam

356 2619 499 2643 vocem
519 2606 616 2641 inter
635 2607 721 2642 vilia
752 2606 876 2641 retulit
895 2617 1012 2641 voca-

357 2662 460 2699 bula.
551 2663 594 2697 In
616 2675 623 2681 ·
654 2659 838 2711 Stephani
888 2659 1005 2697 Thes.

358 2718 435 2768 (T.
472 2719 505 2756 V
542 2732 579 2768 p.
619 2718 756 2765 5896)
808 2719 1011 2768 exponitur

358 2787 488 2813 summo
522 2774 644 2824 furore
690 2778 866 2826 correptus
887 2803 898 2821 ,
950 2787 1010 2811 ea:-

1062 920 1172 953 trema
1210 917 1354 953 insania
1389 914 1564 951 laborans.
1642 912 1718 949 Ubi

1061 974 1171 1023 plura
1209 974 1282 1009 alia
1312 971 1519 1022 composita
1557 975 1719 1019 cognata

1063 1029 1285 1066 afferuntur.
1312 1050 1370 1055 —
1417 1026 1479 1063 Ad
1509 1038 1718 1076 argumen-

1061 1093 1146 1123 tum
1163 1086 1237 1122 loci
1250 1085 1351 1122 conf.
1372 1082 1513 1121 Herod.
1526 1083 1606 1129 Vll,
1620 1081 1718 1123 205.

1061 1164 1118 1169 —
1138 1141 1199 1179 Ad
1209 1143 1324 1179 verba
1343 1136 1424 1179 κατ’
1438 1135 1718 1192 ἀνδραγαθίην

1063 1198 1162 1236 conf.
1185 1205 1281 1235 nott.
1303 1197 1351 1235 ad
1370 1198 1415 1244 V,
1437 1197 1504 1236 39.

1117 1250 1334 1304 χρεώμενοι
1364 1255 1420 1305 τῷ
1440 1248 1576 1305 νόμῳ]
1616 1249 1719 1288 Suc-

1062 1311 1238 1347 cessionis
1273 1309 1449 1359 intelligit
1484 1309 1624 1357 legem,
1669 1305 1719 1343 de

1063 1366 1137 1418 qu&
1168 1367 1270 1403 conf.
1302 1367 1346 1404 C.
1375 1366 1420 1403 Ο.
1449 1364 1598 1401 Miiller.
1625 1364 1719 1403 Dor.

1061 1424 1097 1458 II
1129 1436 1216 1473 pag.
1247 1426 1339 1463 101.
1407 1423 1483 1458 Pro
1513 1415 1641 1460 δεινόν
1678 1433 1720 1457 τε

1062 1476 1299 1530 ποιεύμενος
1343 1478 1605 1524 Florenfinus,
1657 1476 1722 1512 alii

1065 1531 1193 1574 δεινόν
1232 1549 1279 1572 τι
1320 1530 1576 1582 ποιεύμενος,
1617 1530 1722 1583 quod
1761 1574 1766 1579 ἱ

1064 1590 1167 1627 haud
1188 1590 1371 1641 displicet.
1422 1589 1479 1626 Cf.
1500 1589 1565 1634 ΙΙΙ,
1587 1590 1722 1628 33.—

1062 1649 1155 1683 Mox
1176 1645 1274 1696 ληόν
1305 1645 1487 1683 exhibent
1511 1643 1720 1691 Mediceus,

1063 1704 1314 1750 Florentium,
1335 1704 1420 1750 alii3
1459 1701 1649 1739 Sancrofti
1671 1701 1720 1737 li-

1064 1761 1230 1796 bereum
1252 1761 1331 1796 aliis
1352 1755 1461 1806 λαόν,
1483 1770 1579 1809 quae
1596 1757 1721 1794 forma

1064 1817 1151 1853 alibi
1165 1829 1315 1868 quoque
1329 1816 1722 1867 frequentat-mquum

1062 1875 1239 1923 nuspiam
1269 1871 1370 1923 apud
1392 1870 1630 1908 Herodotum
1650 1882 1722 1906 ex-

1064 1936 1134 1966 stet
1165 1926 1276 1978 ληὸς,
1307 1928 1411 1980 quod
1431 1935 1560 1965 tamen
1580 1929 1720 1978 ipsum,

1064 1992 1104 2022 ut
1128 1993 1283 2022 annotat
1301 1984 1499 2033 Valcken„
1520 1996 1722 2022 commen-

1067 2042 1296 2078 ‹latursimili
1312 2043 1432 2078 son-ma
1449 2039 1559 2090 νηός,
1576 2053 1619 2078 ac
1632 2039 1721 2077 dein

1067 2097 1245 2148 Hesychii
1266 2100 1334 2147 (T.
1353 2100 1389 2134 ΙΙ
1410 2097 1559 2149 p.467)
1583 2104 1620 2133 et
1639 2097 1721 2133 He-

1067 2154 1213 2191 raclidis
1254 2157 1474 2192 auctoritate
1510 2152 1612 2206 apud
1637 2154 1722 2189 Eu-

1065 2210 1176 2248 stath.
1197 2213 1237 2247 iu
1259 2211 1391 2263 Odyss.
1418 2213 1453 2247 ΙΙ
1473 2225 1512 2262 p.
1532 2213 1597 2257 93,
1616 2212 1670 2250 32
1689 2222 1720 2246 S·

1070 2270 1198 2313 14433
1246 2269 1317 2305 nisi
1347 2269 1489 2318 potius,
1521 2279 1617 2318 quae
1666 2271 1721 2302 est

1066 2322 1246 2359 Matthiae
1267 2324 1314 2361 ad
1331 2323 1618 2373 h.l.1sententia,
1638 2322 1721 2358 for-

1067 2392 1171 2414 mam
1199 2377 1290 2430 λῃόν
1315 2382 1362 2417 ob
1383 2381 1547 2416 nimium
1572 2378 1722 2415 dialecti

1066 2438 1215 2473 lonicae
1235 2436 1402 2473 studium
1423 2449 1444 2472 a
1471 2434 1720 2486 grammatico

1068 2491 1115 2528 ad
1156 2492 1444 2530 similitudinem
1483 2491 1585 2529 vocis
1619 2485 1719 2539 νηὸν

1067 2548 1232 2584 effictam
1273 2563 1350 2586 esse
1384 2555 1536 2585 statuas.
1565 2568 1621 2573 —-
1676 2546 1720 2580 1¹1

1066 2618 1171 2655 seqq.
1205 2602 1274 2656 ὅγε
1306 2618 1395 2641 cum
1423 2601 1642 2653 Schweigh.
1684 2607 1721 2638 et

1067 2662 1183 2698 Gusss.
1204 2663 1339 2697 retinui
1361 2673 1428 2711 pro
1449 2655 1529 2711 ἦγε.

1123 2714 1212 2755 οὕτε
1223 2720 1277 2770 τῷ
1288 2716 1330 2756 ἐν
1352 2719 1542 2764 Δελφοῖσι
1553 2726 1721 2766 χρηστη-

1066 2773 1137 2828 ρίῳ
1158 2770 1431 2826 χρησάμενος]
1464 2775 1544 2809 Hoc
1566 2785 1610 2809 eo
1631 2783 1721 2823 per-
