1897 3340
303 747 366 791 14
423 741 546 824 uo‘fsg

98 811 194 838 Nocte
213 811 314 839 altera

95 845 175 872 idem
195 844 340 872 somnium

96 878 257 906 dormienti
268 878 351 904 obla-

96 917 169 945 tum,
189 921 236 938 mu

96 950 187 973 natur
209 945 300 977 mala,
311 953 328 970 n

241 913 283 938 lla
295 911 370 950 mis

333 944 370 971 usi

96 987 181 1006 arma
191 981 345 1015 capessat.

426 229 510 270 462

818 226 1281 263 HERODOTI

428 335 717 392 ,Ἀρταβάνου
753 335 952 391 γνώμης,
980 336 1229 388 παραυτίκα
1249 333 1328 388 μὲν
1357 332 1384 390 ἡ
1415 332 1566 390 νεότης
1596 333 1683 377 ἐπέ-

428 410 542 458 ,,ζεσε
560 438 572 457 ,
640 403 747 447 ὥστε
786 402 1030 458 ἀεικέστερα
1059 402 1302 458 α’πορῤίψαι
1332 402 1435 446 ἔπεα
1473 401 1516 452 ἐς
1545 401 1685 454 ἄνδρα

397 470 753 527 2,,πρεσβύτερον
782 470 809 526 ἢ
841 469 975 526 χρεόν.
1036 474 1121 514 νῦν
1149 470 1296 526 μέντοι
1327 468 1558 526 συγγνούς,
1585 468 1684 524 χρή·

428 552 586 595 ,,σομαι
620 543 672 595 τῇ
711 539 879 582 ἐκείνου
917 537 1079 595 γνώμῃ.
1137 537 1195 589 ὥς
1226 533 1287 581 ὧν
1315 537 1742 593 μεταδεδογμένονΊΟ

428 625 529 662 ,,μοι
569 606 627 662 μὴ
673 604 986 660 στρατεύεσθαι
1026 605 1096 648 ἐπὶ
1146 605 1226 662 τήν
1268 604 1472 657 Ἑλλάδα,
1529 603 1686 660 ἤσυχοί

426 676 585 728 ,,ἐστε.“

583 739 891 822 προσεκύνεον.

645 675 812 727 Πέρσαι
845 673 945 728 μὲν,
986 672 1046 723 ὥς
1077 673 1274 728 ἤκουσαν
1305 678 1468 725 ταῦτα,
1508 688 1686 728 κεχαρη-

960 740 1136 790 Νυκτός
1172 742 1217 784 δὲ
1257 740 1518 796 γενομένης,
1563 736 1686 789 αὖτις

426 809 564 854 τώυτὸ
605 808 781 863 ὄνειρον
811 825 870 865 τῳ
910 806 1047 863 Ξέρξῃ
1090 808 1413 864 κατυπνωμένῳ
1454 808 1567 861 ἔλεγε
1596 806 1689 849 ἐπι-

425 876 580 930 ,,στοὶν·
612 908 637 928 ‚‚
633 870 690 919 Ὠ
720 881 801 919 παῖ
828 877 1042 929 Δαρείου,
1087 875 1160 918 καὶ
1200 875 1253 931 δὴ
1295 878 1471 931 φαίνεαι
1501 875 1547 918 ἐν
1579 872 1688 927 Πέρ-

427 947 554 1000 ,,σησί
583 960 627 987 τε
657 941 948 999 ἆπειπαμενος
976 943 1056 1000 τὴν
1075 943 1411 998 στρατηλασίην,
1436 943 1509 986 καὶ
1538 959 1590 985 τα
1611 941 1690 996 ἐμὰ
1702 948 1746 982 75

427 1012 558 1064 ,ἔπεα
596 1011 642 1053 ἐν
682 1010 831 1054 οὐδενὶ
878 1011 1137 1067 ποιεύμενος
1174 1010 1307 1068 λόγῳ,
1349 1010 1409 1061 ὦς
1439 1009 1539 1064 παρ’
1569 1008 1690 1053 οὐδε-

397 1086 419 1119 2
430 1078 534 1131 ,,νο“ς
565 1076 774 1129 ἀκούσας.

833 1074 880 1122 εὖ
910 1084 996 1123 νῦν
1011 1078 1099 1122 τόδ’
1121 1080 1229 1131 ἰ’σθι,
1259 1076 1315 1132 ἤν
1343 1093 1422 1131 περ
1445 1075 1502 1132 μή
1534 1075 1690 1120 αὐτίκα

426 1146 786 1202 ,,στρατηλατε’ῃς,
829 1145 931 1190 τάδε
960 1163 1028 1190 τοι
1057 1147 1099 1200 ἐξ
1129 1144 1278 1190 αὐτῶν
1317 1143 1598 1200 ἀνασχήσειν·
1633 1141 1691 1195 ὥς

426 1215 530 1268 ,,καὶ
559 1215 691 1271 μέγας
719 1215 793 1259 καὶ
821 1215 980 1266 πολλὸς
1009 1211 1151 1270 ἐγένεο
1181 1213 1228 1257 ἓν
1249 1211 1382 1270 ὀλίγῳ
1417 1211 1585 1269 χρόνῳ,
1617 1209 1690 1255 οὕ-

428 1411 655 1465 παραυτίκα
670 1407 1028 1461 μὲνηνεότηςέπὲ-
1084 1424 1124 1461 p.
1158 1412 1251 1456 166,
1286 1411 1311 1449 7
1338 1421 1369 1445 S·
1396 1407 1489 1455 125,
1514 1405 1582 1448 41-

375 1471 484 1518 ζεσε]
530 1470 555 1506 i.
577 1482 611 1506 e.
632 1468 734 1505 ΜιΙιί
750 1468 929 1504 Artabani
952 1480 1032 1504 sen-

372 1528 518 1564 tentiam
538 1526 700 1563 audienti
728 1527 848 1561 statim
866 1524 1032 1561 iuveni'lts

371 1585 511 1620 animus
539 1585 674 1619 exarsit
707 1582 832 1633 (quasi
852 1581 1029 1627 ebulliit).

372 1640 483 1677 Cous.
505 1637 641 1675 Matth.
662 1639 728 1674 Gr.
750 1638 816 1673 Gr.
836 1650 922 1687 pag.
937 1639 1030 1682 787,

373 1709 489 1748 quem
521 1695 687 1732 eundem
717 1692 765 1729 ad
785 1693 1031 1743 compaiativi

372 1750 596 1802 αἐικέστερα
628 1763 739 1787 usum
770 1750 915 1786 consul.
942 1762 1031 1799 pag.

373 1807 455 1851 854
487 1809 524 1853 §-
554 1809 648 1849 457.
706 1805 768 1842 Ad
805 1807 968 1842 verbum
988 1801 1033 1843 οἷ-

373 1865 574 1915 πορῤίψαι
605 1864 706 1901 conf.
732 1864 762 1910 Ι,
798 1862 874 1903 153
905 1863 1033 1912 ibique

371 1929 468 1959 nott.
490 1922 552 1968 IV,
578 1920 669 1961 142.
704 1920 779 1956 Pro
799 1915 924 1969 χρεών
945 1930 1036 1954 cum

372 1979 489 2015 Gaisf.
521 1991 542 2014 e
576 1977 794 2013 Florentino
819 1976 914 2012 libro
935 1976 1033 2011 alio-

373 2048 448 2085 que
471 2033 558 2071 dedi
580 2029 707 2084 χρεόν.
748 2030 836 2073 vid.
862 2038 961 2069 nott.
983 2029 1033 2068 ad

372 2092 424 2136 V,
445 2089 513 2131 49.

432 2199 486 2247 ὦς
508 2195 564 2239 ὧν
580 2198 931 2250 μεταδεδογμένον]
954 2201 1032 2235 Re·-

374 2258 469 2308 liqui
498 2256 571 2293 hoc
592 2258 776 2292 intactum
789 2285 798 2301 ‚
818 2256 919 2291 libris
938 2256 1032 2292 scri-

376 2315 448 2364 ptis
469 2312 880 2360 valdefssuctuantibus.
921 2310 1033 2347 conf.

372 2368 508 2406 Matth.
539 2370 603 2405 Gr.
626 2369 691 2405 Gr.
713 2369 751 2413 §.
771 2366 864 2408 564.
922 2366 1033 2412 Quod

375 2427 544 2477 sequitur
576 2422 654 2475 μή,
697 2423 745 2461 de
787 2436 831 2459 eo
868 2422 947 2459 dixi
985 2422 1034 2460 ad

376 2484 457 2530 Vll,
501 2484 565 2521 12.
622 2482 679 2516 De
719 2480 835 2517 verbo
864 2492 1033 2526 προσκυ-

376 2542 462 2578 νεῖν
500 2537 576 2576 vid.
597 2544 692 2574 nott.
723 2536 772 2573 ad
800 2538 848 2583 11,
870 2539 938 2578 80.
967 2538 1033 2584 ΠΙ,

378 2598 447 2636 86.

598 2672 690 2723 cap.
713 2672 814 2710 XIV.

435 2756 547 2809 αὖτις
566 2757 694 2802 τῶυτό
709 2757 864 2812 ὄνειρον
885 2775 921 2798 κ.
934 2775 966 2799 τ.
979 2762 1032 2809 L]

378 2820 557 2870 Respexit
594 2816 812 2855 Eustathius
851 2816 898 2854 ad
927 2818 969 2854 ll.
999 2819 1033 2854 Π

1640 1407 1746 1453 Quae

1086 1473 1318 1518 sequuntur,
1373 1463 1530 1500 exhibui
1575 1465 1649 1510 ita,
1703 1469 1747 1499 ut

1088 1520 1307 1572 Schweigh.
1329 1528 1366 1558 et
1396 1521 1527 1567 Gaisf„
1557 1519 1748 1556 Florenti-

1087 1593 1182 1616 num
1200 1579 1341 1624 secuti,
1370 1576 1567 1614 dederant.
1595 1577 1746 1626 Vulgo:

1089 1635 1190 1684 ἔλεξε
1211 1637 1267 1688 τῷ
1291 1632 1413 1687 Ξέρξῃ
1435 1631 1746 1685 κατυπνωμένῳ.

1144 1760 1416 1795 απειπαμενος
1436 1760 1509 1794 την
1533 1746 1746 1795 στρατηλα-

1090 1803 1209 1852 σίην]
1240 1801 1325 1839 Vid.
1351 1803 1415 1849 IV,
1439 1804 1517 1842 120
1537 1802 1628 1852 ibiq.
1649 1807 1747 1836 nott.

1088 1859 1151 1896 Ad
1180 1859 1297 1896 verba
1325 1857 1367 1897 ἐν
1395 1853 1530 1897 ουδενι
1560 1851 1751 1906 ποιεύμε

1090 1931 1159 1962 νος
1180 1912 1279 1969 λόγῳ
1300 1921 1395 1953 nott.
1418 1913 1467 1951 ad
1484 1915 1550 1961 111,
1579 1913 1646 1954 50.
1667 1913 1749 1960 vu,

1094 1973 1204 2017 16§.
1227 1975 1265 2012 3·
1285 1971 1366 2019 VII,
1388 1971 1455 2012 57.
1476 1971 1544 2011 58.
1580 1970 1656 2006 Pro
1673 1963 1752 2008 αὖ·-

1086 2029 1184 2068 τέων
1187 2027 1304 2079 ,quod
1318 2026 1485 2064 Bekker.
1503 2026 1668 2072 retinuit,
1687 2038 1751 2061 re-

1088 2086 1218 2135 scripsi
1239 2080 1387 2123 αὐτῶν.
1436 2083 1606 2120 Verbum
1625 2092 1752 2133 προσ-

1090 2138 1197 2187 δόκα,
1212 2139 1315 2191 quod
1333 2147 1420 2176 ante
1433 2134 1671 2189 ἀνασχήσειν
1684 2135 1751 2188 (de

1089 2210 1165 2250 quo
1186 2197 1235 2233 cf.
1256 2197 1300 2243 V,
1325 2197 1429 2244 106)
1462 2194 1577 2232 habet
1609 2192 1749 2230 Aldina

1089 2265 1251 2304 eamque
1307 2259 1457 2289 secutus
1506 2249 1748 2298 Schaeferus,

1087 2311 1215 2360 scripti
1245 2309 1328 2345 libri
1348 2309 1546 2358 ignorant,
1583 2318 1750 2360 quorum

1089 2365 1265 2403 nonnulli
1295 2366 1432 2411 etiam,
1475 2378 1570 2417 quos
1590 2362 1751 2400 Bekko-

1089 2435 1176 2459 rum
1195 2429 1368 2459 secutum
1389 2435 1467 2459 esse
1486 2420 1622 2468 video,
1651 2416 1751 2459 α’να-

1091 2491 1227 2529 σχησει
1259 2477 1350 2515 dant
1390 2491 1457 2530 pro
1497 2472 1752 2540 α’νασχήσειν.

1090 2557 1146 2563 -
1185 2535 1307 2572 Verba
1345 2550 1398 2582 ως
1426 2533 1495 2574 καὶ
1525 2532 1643 2584 μέγας
1680 2547 1750 2572 και

1090 2588 1249 2638 πολλός,
1267 2603 1343 2628 cum
1362 2590 1750 2640 maximampotentiam

1090 2651 1347 2698 maximumque
1360 2660 1505 2698 regnum
1524 2646 1670 2696 adeptus
1687 2646 1750 2692 sis,

1090 2707 1195 2755 attigi
1217 2704 1266 2741 ad
1285 2705 1348 2751 lv,
1375 2707 1465 2745 109.
1510 2701 1614 2739 Add.
1633 2701 1750 2738 wel-

1090 2761 1193 2799 cker.
1230 2762 1406 2812 Prolegg.
1447 2758 1496 2797 ad
1526 2756 1745 2809 Theognid.

1089 2832 1176 2869 pag.
1197 2818 1297 2856 XCI.
