1897 3340
433 223 518 263 612
827 217 1294 257 HERODOTI

433 328 651 374 Ἀκάνθου
689 323 773 372 ὦδε
810 327 1069 384 τεταγμένος
1109 325 1132 369 ὁ
1164 324 1347 378 στρατὸς
1393 323 1439 367 ἐκ
1468 323 1691 378 Δορίσκου

435 397 515 454 τὴν
545 395 651 441 ὁδὸν
680 395 881 440 ἐποιέετο.
939 400 1052 448 τρεῖς
1081 395 1237 449 μοίρας
1267 390 1290 435 ὁ
1321 391 1482 446 Ξέρξης
1512 388 1686 445 δασάμε-
1704 395 1749 429 60

434 481 512 516 νος
538 464 680 508 πάντα
709 464 786 507 τὸν
822 462 948 516 πεζὸν
987 460 1193 516 στρατόν,
1234 461 1338 515 μίαν
1377 457 1543 501 αὐτέων
1578 459 1693 509 ἔταξε

436 532 554 587 παρὰ
574 530 805 575 θάλασσαν
835 530 947 573 ἰέναι
976 528 1088 582 ὁμοῦ
1119 531 1179 585 τῷ
1195 529 1399 582 ναυτικῷ·
1429 525 1588 582 ταύτης
1617 525 1694 580 μὲν

438 600 490 655 δὴ
522 597 808 654 ἐστρατήγεον
840 595 1096 649 ΝΙαρδόνιός
1136 611 1180 638 τε
1209 595 1283 638 καὶ
1310 596 1549 649 Μασίστης.
1608 591 1694 636 ἑτέ-

411 674 498 722 3ρη
541 665 587 708 δὲ
625 663 855 719 τεταγμένη
893 662 959 718 ἤϊε
998 666 1079 706 τοῦ
1110 665 1295 716 στρατοῦ
1337 660 1587 717 τριτημορὶς
1614 658 1694 715 τὴν

435 732 691 788 μεσόγαιαν,
731 734 807 787 τῆς
845 729 1128 786 ἐστρατήγεον
1161 731 1502 785 Τριτανταίχμης
1541 743 1586 771 τε
1625 727 1750 770 καὶ65

438 801 605 855 Γέργις.
634 798 660 854 ἡ
693 799 738 842 δὲ
771 800 893 854 τρίτη
923 802 1012 841 τῶν
1040 798 1241 854 μοιρέων,
1274 794 1356 852 μετ’
1388 792 1436 852 ἧς
1465 793 1708 851 ἐπορεύετο

438 865 571 917 αὐτὸς
600 864 624 909 ὁ
661 868 829 922 Ξέρξης,
859 866 926 923 ἤϊε
957 866 1036 920 μὲν
1063 866 1112 909 τὸ
1143 864 1275 920 μέσον
1306 863 1482 913 αὐτέων,
1515 875 1695 918 στρατη-

435 932 542 989 γοὺς
572 933 618 977 δὲ
647 936 869 989 παρείχετο
902 932 1208 988 Σμερδομένεά
1238 947 1281 974 τε
1320 933 1394 974 καὶ
1423 928 1693 987 Μεγάβυζον.

278 1009 376 1052 122
429 998 484 1044 Ὃ
512 1002 592 1055 μέν
617 1017 701 1044 νυν
729 999 935 1051 ναυτικὸς
964 1000 1167 1054 στρατὸς,
1201 998 1259 1049 ὣς
1289 998 1448 1054 ἀπείθη
1477 997 1562 1042 ὑπό
1594 998 1696 1052 Ξέρ-

439 1071 530 1121 ξεω,
564 1068 638 1111 καὶ
678 1067 928 1121 διεξέπλωσε
971 1066 1052 1124 τήν
1082 1067 1275 1121 διώρυχα
1317 1064 1396 1120 τὴν
1426 1065 1471 1108 έν
1499 1069 1559 1122 τῷ
1576 1065 1752 1121 ”Αθῳ70

436 1135 698 1193 γενομένην,
734 1134 967 1192 διέχουσαν
1005 1136 1052 1179 δὲ
1081 1135 1124 1186 ἐς
1152 1132 1320 1179 κόλπον
1342 1132 1390 1176 έν
1418 1135 1480 1189 τῷ
1497 1132 1635 1177 ’Ἁσσα
1653 1149 1698 1177 τε

107 1084 185 1113 quae
203 1077 272 1104 loca
289 1073 358 1101 atti-

130 1112 196 1139 erit.
218 1111 302 1137 Assa.
329 1106 379 1134 Pi-

106 1120 172 1172 fotu
218 1143 248 1171 S·
273 1150 292 1176 g

108 1153 206 1206 Ξαπεςέ.
240 1161 381 1211 Ampe-lun

383 1355 508 1385 terum
537 1345 642 1383 idem
668 1344 807 1382 Xerxis
836 1350 950 1395 atque
971 1355 1041 1379 ex-

384 1405 521 1441 ercitus
567 1405 638 1440 iter
691 1401 834 1439 indicat
882 1398 1039 1437 Diodor.

383 1462 451 1508 XI,
473 1460 514 1501 5.

440 1530 545 1578 τρεῖς
576 1526 717 1578 μοίρας
742 1515 764 1565 ὅ
792 1522 941 1574 Ξέρξης
975 1523 1044 1562 δα-

384 1579 579 1635 σάμενος]
627 1582 728 1618 Male
777 1579 926 1627 Suidas,
977 1579 1043 1630 qui

382 1639 477 1677 haec
508 1641 598 1677 citat
625 1652 656 1675 s.
690 1651 726 1675 v,
765 1633 969 1676 δάσασθαι
990 1636 1042 1672 Τ.

384 1699 420 1733 11
452 1710 491 1747 p.
524 1697 605 1735 510
637 1693 746 1730 affert
767 1692 936 1744 ἐςτρεῖς
955 1691 1042 1742 μοί-

385 1768 470 1800 ρας,
499 1752 565 1788 ubi
586 1750 625 1797 ές
645 1764 666 1787 e
685 1748 827 1787 scholio
847 1750 1042 1785 invectum

385 1808 547 1854 videtur,
569 1820 658 1843 cum
687 1808 726 1843 in
748 1806 885 1842 talibus
906 1805 1042 1842 vocula

387 1864 426 1912 ἐς
456 1865 649 1914 eleganter
677 1864 801 1899 omitti
834 1862 964 1909 soleat,
1000 1867 1042 1896 ut

387 1920 535 1959 dudum
555 1920 705 1956 monuit
718 1917 903 1958 Valcken.
925 1919 1042 1954 citans

385 1977 596 2015 Casaubon.
637 1975 685 2012 ad
727 1974 869 2012 Athen.
907 1975 976 2012 V11
1003 1987 1041 2024 p.

386 2032 467 2075 324
502 2034 544 2070 C.
587 2030 777 2083 Aristoph.
811 2033 910 2083 qu.
946 2030 1043 2071 765.

386 2091 484 2127 Plat.
515 2090 621 2126 Tim.
657 2102 697 2139 p.
727 2086 779 2128 35
807 2089 853 2124 Β.
888 2089 965 2127 113
996 2087 1043 2122 E.

386 2143 769 2195 Schweighaeuserus
824 2142 1044 2180 laudaverat

386 2200 528 2238 Herod.
558 2201 606 2247 ΙΙ,
630 2199 724 2240 147.
742 2199 805 2246 IV,
828 2198 919 2238 148.
979 2199 1043 2234 Tu

387 2256 464 2294 vid.
506 2255 639 2292 Matth.
674 2257 741 2291 Gr.
781 2255 847 2290 Gr.
880 2255 916 2298 §.
947 2251 1040 2299 419,

391 2315 405 2352 1
433 2326 470 2363 p.
493 2314 588 2352 767.
605 2331 660 2337 —
678 2312 723 2346 In
744 2310 917 2359 proxime
935 2321 1041 2360 seqq.

387 2380 522 2405 vocem
541 2362 704 2417 στρατὸν
716 2364 790 2402 duo
804 2364 915 2402 codd.
926 2366 1041 2401 omit-

387 2431 486 2462 tunt.
534 2421 620 2461 Vid.
643 2421 784 2458 Herod.
803 2422 868 2467 111,
890 2421 956 2462 25.
976 2421 1040 2467 lv,

392 2483 483 2521 128.
540 2480 634 2515 Mox
667 2490 735 2529 pro
767 2473 918 2516 αὐτέων
952 2475 1039 2513 dedi

389 2531 535 2575 αὐτῶν.
574 2556 630 2561 -
685 2536 728 2570 lu
760 2534 834 2570 fine
872 2547 952 2583 cap.
990 2532 1038 2570 ad

388 2589 662 2644 Σμερδομένεα
683 2591 784 2627 cons.
805 2591 885 2638 VII,
903 2593 968 2630 82.

572 2681 663 2731 cap.
697 2680 854 2717 cxxn.

447 2758 502 2807 αῖς
522 2755 702 2809 άπείθη]
743 2760 801 2796 Cf.
822 2755 955 2794 Matth.
977 2758 1041 2798 Gr,

390 2818 457 2853 Gr.
479 2817 516 2862 ς.
537 2818 618 2856 214
638 2828 725 2867 pag.
746 2815 841 2855 408.

1154 1339 1362 1392 διέχουσαν
1406 1337 1450 1380 δὲ
1497 1339 1536 1387 ἐς
1573 1335 1753 1390 κόλπον]

1098 1397 1283 1436 Valcken.
1324 1397 1472 1435 mavult
1521 1395 1754 1448 ἐσέχουσαν;

1102 1456 1163 1492 cui
1183 1461 1284 1491 recte
1315 1454 1534 1506 obloquitur
1553 1452 1755 1504 Schweig-

1099 1509 1304 1548 haeuserus
1343 1511 1445 1549 conf.
1473 1510 1538 1558 IV,
1566 1509 1633 1557 42,
1664 1522 1755 1547 cum

1102 1566 1244 1618 διέχειν
1263 1569 1309 1604 sit
1325 1569 1521 1618 pervenire,
1539 1569 1751 1617 pertingere,

1094 1627 1278 1674 pertinere.
1335 1622 1550 1660 Herodotus
1568 1621 1672 1659 huuc
1699 1623 1753 1660 si-

1098 1693 1206 1727 num,
1228 1681 1294 1732 qui
1313 1680 1360 1716 ab
1373 1678 1596 1716 occidentali
1617 1686 1655 1715 et
1667 1691 1751 1715 me-

1099 1736 1272 1773 ridionali
1302 1743 1408 1787 parte
1427 1742 1599 1772 mon¹em
1622 1733 1753 1772 Athon

1097 1792 1276 1841 includit,
1334 1793 1432 1829 bene
1469 1793 1642 1844 quamvis
1681 1791 1754 1828 sibi

1098 1850 1295 1899 cognitum
1331 1847 1448 1895 (cum
1479 1847 1618 1899 oppida
1647 1846 1755 1884 adia-

1100 1907 1237 1953 centia,
1259 1919 1280 1942 a
1300 1904 1478 1956 Philippo
1502 1903 1673 1955 posthac,
1710 1910 1755 1940 ut

1099 1961 1270 2010 videtur,
1302 1960 1424 1998 diruta
1438 1991 1447 2008 ,
1468 1961 1658 2010 nominet)
1680 1972 1754 1996 uo-

1099 2019 1203 2055 mine
1222 2026 1349 2055 tamen
1370 2016 1667 2069 haudquaquam
1691 2017 1753 2052 in-

1100 2074 1251 2112 dicavit.
1307 2075 1548 2111 Ptolemaeus
1572 2085 1661 2108 eum
1681 2084 1754 2109 vo-

1099 2137 1159 2167 cat
1177 2130 1393 2179 Singz'ticum
1411 2131 1559 2175 sinum,
1579 2141 1682 2165 nunc
1704 2128 1752 2165 ob

1098 2193 1271 2222 montem
1309 2183 1461 2232 Athon,
1501 2197 1619 2235 quem
1638 2185 1753 2221 ltalo-

1098 2255 1183 2277 rum
1203 2241 1331 2291 linguai
1351 2241 1481 2278 Monte
1501 2241 1620 2278 Santo
1646 2242 1754 2278 voci-

1098 2298 1168 2333 tari
1198 2311 1308 2348 supra
1331 2297 1518 2346 diximus,
1540 2297 1753 2348 appellatur

1097 2353 1200 2403 Golso
1211 2354 1249 2390 di
1261 2352 1383 2390 Monte
1393 2353 1519 2392 Santo.
1541 2352 1626 2392 Vid.
1638 2355 1752 2391 Man-

1095 2417 1191 2446 nert.
1212 2411 1280 2447 Vll
1301 2423 1337 2461 p.
1361 2408 1456 2451 454.

1152 2475 1194 2516 ἕν
1216 2478 1272 2529 τῷ
1293 2474 1480 2516 ’Ἀσσα-
1495 2475 1701 2527 οἴκηνται]
1723 2477 1749 2516 i.

1096 2546 1131 2568 e.
1165 2533 1214 2570 ad
1241 2536 1591 2582 quem—exstructa
1621 2537 1702 2570 sunt
1720 2546 1748 2570 s.

1096 2591 1155 2626 cui
1195 2590 1373 2627 adiacent.
1421 2587 1553 2628 ”Λσσα
1582 2589 1670 2626 urbs
1701 2602 1750 2626 ex

1097 2644 1135 2682 h.
1157 2646 1182 2682 1.
1207 2645 1360 2682 affertur
1394 2658 1414 2682 a
1454 2644 1638 2696 Stephau.
1667 2646 1750 2697 By-

1099 2708 1198 2738 zaut.
1218 2715 1312 2749 s.v.,
1343 2703 1409 2753 qui
1430 2703 1543 2738 etiam
1566 2701 1750 2753 Πίλωρος

1100 2757 1225 2806 (cuius
1244 2759 1328 2795 loco
1340 2759 1380 2794 iu
1400 2758 1501 2794 libris
1521 2756 1748 2809 quibusdam

1106 2814 1319 2866 Πίδωρος)
1366 2813 1495 2850 laudat
1523 2826 1567 2850 ac
1597 2810 1747 2866 Σάρτη.

1876 2665 1885 2707 ³⁴

1876 2725 1882 2738 Ι

1875 2749 1885 2773 ι

1873 2796 1883 2808 0

1875 2826 1882 2910 ξ

1874 2915 1882 2968 3

1872 2974 1881 3011 ί
