1897 3340
81 1185 147 1230 84

535 200 1006 240 POLYMNlA.
1068 198 1166 234 v11.
1407 206 1488 244 505

223 312 334 356 σέων
362 317 451 356 τῶν
482 309 835 365 ἀπολελεγμένων
865 306 1117 363 ἐστρατήγεε
1139 307 1218 361 μὲν
1242 305 1489 364 ’Τδάρνηςὸ

194 380 467 435 ΞῪδάρνεος.
524 379 752 423 ἐκαλέοντο
784 376 830 419 δὲ
864 373 1099 419 Ἀθάνατοι
1140 376 1184 418 οἱ
1214 373 1383 428 Πέρσαι
1413 371 1489 419 οὗ-

221 465 288 492 τοι
329 449 397 491 ἐπὶ
435 450 574 491 τοῦδε.
631 447 672 488 εἴ
705 461 771 494 τις
800 442 946 487 αὐτῶν
977 443 1136 495 ἐξέλιπε
1180 440 1259 486 τὸν
1280 439 1488 497 ἀριθμόν,

220 516 252 572 ἦ
281 515 462 571 θανάτῳ
492 513 658 570 βιηθεὶς
689 510 719 568 ἢ
748 510 917 570 νούσῳ,
954 512 1085 562 ἄλλος
1115 510 1228 567 ἀνὴρ
1260 510 1487 567 ἀραίρητο·

219 586 295 628 καὶ
324 585 520 640 ἐγίνοντο
551 579 724 635 οὐδαμοὶ
755 579 856 623 οὔτε
884 582 1065 630 πλεῦνες
1095 581 1291 634 μυρίων,
1321 578 1422 622 οὔτε
1453 580 1490 623 ἐ-

192 660 211 692 3
224 652 442 701 λάσσονες.

502 647 685 703 Κόσμον
701 647 746 691 δὲ
770 651 974 691 πλεῖστον
995 651 1254 704 παρείχοντο
1276 647 1349 691 &aaz
1379 647 1545 691 πάν-90

218 737 306 763 των
344 719 532 773 Πέρσαι,
569 716 642 760 καὶ
673 713 801 758 αὐτοὶ
831 715 1002 770 ἄριστοι
1031 710 1157 771 ἦσαν.
1216 715 1379 771 σκευήν
1408 717 1487 771 μὲν

216 785 424 842 τοιαύτην
461 783 585 840 εἶχον.
615 783 726 840 ἥπερ
757 786 943 840 εἴρηται·
984 783 1117 838 χωρὶς
1148 782 1219 833 δὲ,
1250 783 1415 839 χρυσόν
1443 801 1487 828 τε

188 852 386 898 4πολλόν
415 854 487 896 καὶ
514 851 724 907 ἄφθονον
744 852 908 907 ἔχοντες
938 851 1186 905 ἐνέπρεπον.
1228 850 1486 908 ἁρμαμάξας

214 938 258 966 τε
289 921 379 976 ἅμα
407 919 583 977 ἤγοντο,
606 920 652 963 ἐν
677 920 723 963 δὲ
753 919 987 971 παλλακάς,
1017 920 1089 962 καὶ
1118 922 1367 975 θεραπηίην
1386 925 1485 962 πολ-

214 989 296 1046 λήν
338 1006 381 1033 τε
426 989 500 1031 καὶ
529 982 579 1031 εὖ
619 987 951 1043 ἐσκευασμένην.
1011 992 1107 1030 σῖτα
1139 987 1185 1030 δέ
1217 999 1320 1041 σφι,
1360 988 1544 1043 χωρὶς-95

214 1061 304 1101 τῶν
333 1055 475 1101 ἄλλων
505 1055 824 1112 στρατιωτέων,
884 1055 1074 1111 κάμηλοί
1095 1071 1139 1099 τε
1170 1055 1244 1098 καὶ
1269 1054 1489 1112 ὑποζύγια

216 1120 344 1182 ἦγον.

294 1192 481 1237 Ἱππεύει
527 1193 574 1237 δὲ
624 1195 763 1236 ταῦτα
818 1191 871 1234 τοὶ
909 1192 1056 1237 ἔθνεα·
1097 1192 1212 1249 πλὴν
1247 1190 1302 1236 οὐ
1340 1191 1483 1236 πάντα
1540 1204 1801 1276 ἓᾳυᾶξῐιὲἳυῐέοξὲὲῑ

1541 1273 1601 1300 rati
1620 1274 1743 1302 fuerint.
1775 1276 1816 1302 Ε-

154 1405 234 1440 mili
254 1402 372 1440 modo
400 1404 536 1440 Noster
555 1403 725 1454 loquitur
735 1403 817 1450 vll,

153 1460 220 1501 41.
277 1462 336 1497 De
355 1461 435 1511 ipsa
466 1473 507 1496 re
527 1459 629 1496 conf.
651 1465 746 1499 nott.
768 1457 816 1495 ad

154 1518 233 1564 Vn,
256 1520 309 1558 32
340 1524 377 1553 et
409 1516 457 1553 ad
480 1529 592 1553 voces
614 1514 676 1555 ἐπὶ
699 1515 816 1554 τοῦδε

154 1580 248 1610 nott.
270 1572 318 1609 ad
339 1574 418 1622 VII,
441 1572 506 1614 74.
547 1574 622 1609 Pro
654 1570 816 1623 βιηθεὶς

152 1631 394 1667 Florentinus
425 1629 621 1680 βιασθείς.
679 1629 746 1665 Tu
767 1628 815 1666 cf.

153 1686 288 1724 Matth.
311 1688 378 1725 Gr.
399 1688 465 1726 Gr.
489 1687 525 1732 §.
557 1689 652 1727 177.
672 1686 696 1722 b
725 1697 814 1736 pag.

212 1796 328 1846 ἄλλος
350 1794 452 1849 nimfo
467 1793 685 1850 α’ραίρητο]
718 1797 816 1845 „ele—

157 1860 231 1893 ctus
252 1860 347 1903 erat,
378 1855 418 1892 id
437 1862 502 1899 est,
523 1857 595 1892 iam
617 1857 697 1890 ante
726 1854 816 1890 desi-

156 1917 289 1961 gnatus
326 1916 404 1950 erat
447 1913 511 1962 qui
557 1912 722 1948 continuo
779 1912 818 1947 in

155 1970 350 2007 decedentis
404 1968 515 2005 locum
571 1967 777 2004 succederet.
794 1968 817 1986 ‘⁶

158 2025 544 2075 Sclaewet'gluaeus.
602 2025 682 2060 Nec
713 2024 820 2060 aliter

156 2082 236 2130 VII,
269 2085 348 2123 118
379 2078 645 2132 ἀραιρημένος
670 2083 750 2118 τῶν
772 2074 821 2118 α’-

156 2142 259 2177 στεόν
282 2134 384 2190 οἷνήρ
405 2134 565 2189 δόκιμος
583 2138 708 2185 etvll,
724 2139 819 2179 172,

161 2198 237 2236 173
260 2196 346 2233 coll.
365 2196 434 2242 IX,
456 2197 523 2236 93.
553 2197 610 2231 De
630 2195 711 2244 ipsa
730 2206 819 2230 ver-

159 2252 197 2288 bi
226 2252 350 2288 forma
379 2252 427 2290 cf.
453 2253 484 2299 Ι,
509 2254 583 2291 191
607 2252 700 2303 ibiq.
721 2257 816 2286 nott.

158 2308 258 2343 Male
279 2315 407 2343 autem
426 2306 466 2344 h.
486 2309 511 2344 l.
533 2309 572 2343 iu
588 2306 817 2360 quibusdam

159 2370 279 2400 exstat
301 2359 504 2414 α’ναίρητο.
526 2386 576 2391 —
617 2363 679 2400 Ad
707 2365 817 2400 locu-

158 2421 303 2456 tionem
325 2416 390 2458 διοὲ
409 2415 571 2457 πάντων
598 2420 700 2456 cous.
720 2426 816 2457 nott.

159 2475 207 2513 ad
227 2477 271 2523 V,
294 2478 362 2516 67.

194 2531 313 2583 χωρὶς
325 2525 530 2583 δὲ,χρυσόν
542 2544 582 2568 τε
597 2527 741 2569 πολλὸν
750 2528 819 2568 καὶ

158 2586 554 2637 ἅφθονον]ΥοοιΙΙᾶιη
565 2601 604 2625 τε
617 2585 692 2622 duo
705 2585 817 2622 codd.

159 2646 337 2681 omittunt
350 2657 438 2682 cum
448 2643 696 2694 Floreut.,qui
708 2640 818 2678 exhi-

162 2703 221 2736 bet
235 2698 382 2741 πολλόν
392 2697 553 2751 χρυσόν.
574 2700 677 2735 Facit
690 2705 818 2734 autem

161 2756 235 2793 huc
263 2758 382 2794 Curtii
411 2758 516 2794 locus
544 2757 610 2802 111,
639 2757 663 2795 3
686 2756 724 2800 §.
749 2758 774 2794 7
796 2767 817 2790 a

159 2814 412 2864 VVesselingio
448 2813 652 2859 excitatus,
675 2811 739 2862 qui
760 2817 817 2848 et-

1538 1312 1679 1340 questres
1708 1309 1816 1346 copiae

1537 1340 1719 1371 Persarum:

872 1402 949 1438 iam
971 1400 1216 1439 Schefferum
1236 1401 1366 1439 laudat
1385 1403 1443 1438 De
1468 1414 1542 1438 an-

873 1459 940 1510 tiq.
974 1459 1142 1510 torquib.
1174 1471 1258 1509 cap.
1288 1462 1326 1506 9,
1358 1459 1423 1495 ubi
1447 1473 1542 1510 χρυ-

873 1512 946 1554 σόν
967 1514 1017 1552 ad
1036 1516 1132 1552 solas
1162 1523 1283 1552 vestes
1312 1516 1442 1552 referri
1471 1529 1542 1551 ve-

872 1578 939 1609 tat.
969 1571 1014 1608 Id
1037 1571 1139 1623 quod
1162 1585 1182 1608 e
1203 1572 1323 1609 curtii
1348 1573 1432 1609 loco
1452 1585 1540 1608 ma—

871 1629 1054 1665 nifestum
1075 1628 1129 1665 fit.
1188 1628 1308 1666 Aurea
1335 1630 1539 1666 Persarum

871 1686 1035 1735 insignia
1049 1686 1278 1737 plerumque
1298 1686 1412 1722 fuisse
1426 1692 1541 1722 nota-

871 1743 996 1779 vimus
1017 1741 1065 1778 ad
1086 1743 1167 1789 VII,
1197 1740 1264 1782 41.
1288 1742 1354 1783 54.
1397 1742 1540 1778 Advo-

872 1812 934 1835 ces
984 1797 1136 1847 ἔχοντες
1173 1795 1393 1848 ἐνέπρεπον
1435 1798 1538 1835 conf.

872 1856 953 1902 VII,
967 1857 1044 1902 673
1068 1853 1114 1891 de
1135 1855 1379 1905 karmaquz's
1389 1853 1466 1895 vid.
1481 1855 1539 1891 al-

872 1912 947 1949 lata
969 1910 1017 1948 ad
1034 1911 1116 1960 VII,
1137 1910 1206 1951 41.

1035 2001 1128 2052 Cap.
1155 2001 1372 2038 LXXXIV.

932 2082 1056 2118 ταῦτα
1073 2076 1120 2118 τοὶ
1134 2078 1282 2128 ἔθνεα]
1314 2081 1536 2116 Pronomen

874 2139 998 2176 ταῦτα
1014 2135 1075 2173 hic
1087 2135 1135 2173 ad
1150 2137 1347 2188 sequentia
1359 2138 1534 2187 pertinet.

875 2193 984 2231 Conf.
1016 2192 1150 2230 Matth.
1183 2195 1249 2230 Gr.
1278 2194 1345 2230 Gr.
1377 2194 1414 2238 ξ.
1443 2192 1536 2233 470.

875 2273 930 2278 --
948 2252 991 2286 In
1012 2251 1136 2288 verbis
1161 2251 1345 2301 proximis
1366 2247 1440 2300 τήν
1461 2245 1538 2288 αὕ-

873 2305 947 2358 τήν
982 2306 1263 2358 ἐσκευασμένοι
1291 2305 1359 2345 καὶ
1386 2305 1408 2345 ὁ
1425 2302 1537 2353 πεζὸς

875 2360 1006 2403 αὐτῶν
1034 2365 1312 2414 Wesselingius
1341 2370 1428 2400 ante
1467 2362 1536 2402 καὶ

875 2420 1057 2458 excidisse
1077 2428 1185 2472 putat
1213 2417 1269 2472 τή
1282 2436 1318 2468 ν,
1354 2419 1536 2470 idemque

875 2476 1009 2514 eadem
1029 2480 1067 2513 in
1088 2478 1279 2514 locutione
1294 2478 1433 2528 requiri
1455 2476 1534 2522 Vll,

875 2536 942 2574 86.
980 2534 1031 2569 At
1054 2532 1127 2571 hoc
1147 2535 1375 2584 pronomine
1395 2534 1534 2568 inserto

875 2601 969 2639 opus
990 2602 1068 2626 esse
1087 2597 1186 2627 recte
1206 2597 1321 2640 negat
1336 2588 1536 2636 Schweig-

874 2643 1091 2684 haeuserus.
1149 2648 1215 2683 Tu
1254 2646 1355 2683 conf.
1396 2645 1535 2681 struve

874 2701 1017 2752 Spec.1
1037 2715 1124 2753 pag.
1146 2705 1212 2742 26.
1269 2701 1331 2738 Ad
1358 2697 1431 2748 τήν
1460 2693 1533 2737 αὖ·

874 2755 949 2807 τήν
969 2760 1093 2809 suppl.
1116 2756 1274 2806 σκευήν,
1297 2763 1339 2793 ut
1368 2755 1534 2792 diximus

875 2812 923 2851 ad
942 2815 1027 2864 VII,
1048 2817 1114 2856 62.
1172 2813 1233 2851 Ad
1258 2824 1392 2851 vocem
1417 2809 1440 2850 ό
1462 2824 1532 2849 πε-
