1897 3340
600 217 896 256 ERATO.

956 218 986 253 v
1003 218 1032 253 1.
1374 222 1457 262 339

193 330 396 381 στενάξας
435 330 564 385 μέγα,
607 324 716 370 εἷπε·
773 321 849 377 „³52
882 323 1100 368 ’Ἄπολλον
1137 325 1388 381 χρηστήριε,
1428 324 1511 385 ἦόῧ

196 398 414 453 ,μεγάλως
447 413 498 452 με
527 393 773 452 ἠπάτηκας,
833 391 1028 448 φάμενος
1045 391 1205 448 ’Ἄργος
1237 395 1453 452 αἱρήσειν·

73 467 136 511 Sl
196 465 520 522 ,,συμβοὲλλομαι
550 464 594 506 δ’
625 461 789 518 ἐξήκειν
819 478 893 516 μοι
922 460 971 504 τὸ
1001 461 1303 518 χρηστήριον.“
1360 469 1453 508 Me·
1511 462 1623 493 1'08‘022
1652 468 1711 495 1¹0-

1517 505 1619 526 raeuin
1639 504 1752 542 Argoli.

191 533 243 576 τά
277 533 322 576 δὲ
350 537 510 583 ταῦτα,
550 530 572 574 ὁ
611 529 856 585 Κλεομένης
885 529 965 583 τήν
1002 529 1081 583 μὲν
1107 531 1220 572 πλέω
1251 532 1456 589 στρατιὴν
1514 538 1785 567 ⁰⁰¹¹¹¹'‘³¹'⁸·¹¹¹¹¹n·

1515 571 1652 604 gressus,
1671 579 1769 600 sacer-

192 599 329 656 ἀπῆκε
363 598 536 642 ἀπιέναι
577 598 618 649 ἐς
654 596 885 653 Σπάρτην·
935 598 1100 651 χιλίους
1141 598 1186 641 δὲ
1217 598 1350 652 αὐτὸς
1379 605 1448 644 λα·
1507 613 1591 656 475

190 668 281 724 βών
310 667 412 718 τούς
443 665 664 720 ἀριστέας,
694 666 760 721 ἤϊε
796 665 915 717 ἐς.τὸ
941 664 1122 719 “Ηραῖον
1151 665 1317 711 θύσων.
1348 671 1452 725 βου·
1511 675 1613 741 ξίἶῑίεηίι
1633 684 1730 745 {²⁰3⁵ss

163 734 380 791 Ξλόμενον
417 735 463 777 δὲ
505 733 642 778 αὐτὸν
671 734 799 778 θύειν
840 732 909 776 ἐπὶ
937 737 1018 776 τοῦ
1048 737 1226 790 βωμου,
1265 735 1289 779 ὁ
1321 724 1792 809 ἱρεύς,«εοὲεἰ-Ῑιῐιιοίιι-ἓιῖἶὲὗῧῒ

129 930 243 954 mene
300 918 500 956 incensum
558 917 607 956 ad
674 919 789 967 viam,

131 988 228 1026 quae
257 987 360 1012 nunc
380 977 542 1027 Nauplia
573 975 676 1013 ducit
711 977 790 1011 Ar-

127 1043 195 1081 gos
238 1045 306 1082 per
357 1033 393 1069 T
397 1031 615 1085 irynthem‚
675 1034 791 1070 situm

128 1088 241 1124 fuisse
262 1089 422 1126 coniecit
438 1091 493 1127 vir
510 1089 654 1137 doctus,
674 1102 791 1141 quem

128 1145 233 1192 Ross,
264 1147 438 1194 Danum,
470 1160 548 1183 esse
570 1146 719 1193 audivi,
751 1148 792 1182 in

128 1202 242 1239 Bliitt.
255 1202 280 1238 f.
293 1204 431 1240 literar.
446 1202 660 1240 Unterhalt.
684 1205 789 1243 1833

128 1271 185 1296 nr.
213 1261 286 1298 161
311 1273 348 1310 p.
370 1263 464 1300 662.
523 1263 633 1297 Nunc
661 1260 790 1296 nullae

127 1316 309 1367 reliquiae
335 1318 469 1368 templi
501 1331 694 1369 superesse
731 1315 791 1353 di·

129 1379 279 1408 cuntur.

183 1425 358 1479 ἐξήκειν]
400 1430 458 1465 De
489 1430 671 1481 temporis
701 1442 790 1480 spa-

127 1486 200 1532 tio,
232 1485 336 1536 quod
364 1487 538 1537 expletur
570 1487 689 1536 (conf.
713 1487 790 1523 So-

126 1540 252 1592 phocl.
285 1541 383 1580 Phil.
430 1545 522 1583 199-
557 1545 651 1584 765.
683 1544 789 1579 Pau-

125 1612 205 1635 san.
228 1599 307 1645 VII,
332 1598 393 1646 14,
415 1602 454 1639 2.
476 1601 545 1646 IX,
572 1600 633 1647 14,
656 1600 695 1639 4.
723 1600 787 1646 IV,

126 1657 193 1702 20,
233 1655 298 1705 1.)
349 1667 469 1707 aeque
505 1669 548 1692 ac
576 1655 623 1692 de
653 1655 788 1693 divinis

127 1712 284 1748 oraculis
301 1714 524 1760 somniisve,
549 1726 647 1764 quae
669 1726 787 1750 eveu-

125 1774 209 1804 tum
229 1766 382 1816 habent,
406 1764 559 1819 ἐξήκειν
582 1769 655 1806 dici
672 1776 786 1820 atque

126 1823 300 1871 ἐξελθεῖν
333 1828 398 1871 (V.
435 1839 467 1861 c.
507 1827 536 1872 Ι,
572 1829 665 1866 120.
704 1827 786 1874 VII,

129 1883 221 1920 137.
242 1882 305 1928 Vl,
328 1884 395 1922 82.
420 1883 512 1922 108.
543 1882 680 1918 Suidas
700 1896 729 1918 s.
750 1896 787 1919 v.

127 1936 244 1974 Tom.
265 1939 282 1973 I
302 1951 340 1988 p.
363 1939 461 1987 771)
494 1938 666 1976 observat
696 1939 788 1975 Val-

127 1991 239 2032 cken.
299 1995 396 2031 Hinc
419 1995 615 2031 oraculum
649 1996 789 2046 imple-

126 2056 210 2087 tum
239 2050 375 2088 eodem
415 2059 567 2088 auctore
599 2051 786 2090 Valcken.

89 2105 263 2145 'dicitur
318 2107 588 2147 ἐπιτελέεσθαι
641 2108 785 2148 Herod.

126 2163 190 2212 VI,
209 2164 300 2206 140.
316 2163 621 2216 ἐκπεραίνεσθαι
631 2167 785 2217 ap.Eu-

128 2221 197 2272 rip.
219 2221 375 2273 Cyclop.
398 2223 493 2263 692.

307 2323 397 2374 Cap.
418 2324 600 2360 LXXXI.

186 2384 314 2439 ἀπῆκε
339 2386 499 2430 ἀπιέναι
519 2390 557 2438 ἐς
571 2387 781 2442 Σπάρτην]

129 2444 155 2480 i.
177 2457 211 2481 e.
231 2448 419 2484 exercitum
450 2447 585 2484 dimisit
614 2448 684 2496 (ut
713 2449 783 2485 ab-

130 2500 228 2550 iret)
272 2500 452 2552 Spartam.
525 2503 638 2541 Haud
676 2505 783 2542 aliter

130 2556 209 2594 fere
237 2559 308 2602 111,
329 2560 380 2600 75
412 2554 542 2610 ἀπῆκε
573 2559 781 2610 φέρεσθαι,

132 2613 197 2649 ubi
229 2615 330 2654 conf.
355 2623 448 2654 nott.
482 2623 518 2653 et
546 2616 575 2662 I,
599 2615 692 2655 194.
720 2617 784 2664 VI,

134 2670 187 2708 62
208 2669 273 2706 fin.
295 2672 378 2720 (ubi
400 2668 508 2711 ἀπίει
530 2666 783 2722 (ἐπάγεσθαι)

133 2724 212 2770 Vll,
247 2728 339 2766 121.
395 2729 487 2765 Mox
518 2740 607 2765 cum
627 2734 783 2765 receutt.

134 2777 222 2816 dedi
255 2778 368 2828 αὐτὸς
398 2797 466 2834 pro
488 2781 652 2830 αὐτέων,
682 2784 784 2821 libris

134 2836 183 2872 ita
213 2837 440 2879 iubentibus.
471 2838 782 2889 Schweighaeus-

849 916 1062 954 coniecerat
1099 912 1257 969 αὐτοὺς,
1298 920 1400 962 solos.
1458 923 1511 961 At

846 972 942 1011 haec
963 975 1037 1010 loci
1056 977 1266 1013 sententia:
1317 1007 1340 1025 „
1356 978 1510 1017 Cleome-

847 1044 907 1068 nes
927 1031 1074 1081 reliquis
1094 1033 1200 1082 copiis
1221 1033 1355 1072 domum
1386 1036 1508 1074 dimis-

847 1089 897 1125 sis
918 1090 991 1138 ipse
1010 1101 1087 1125 cum
1108 1089 1202 1125 mille
1230 1091 1363 1129 selectis
1385 1094 1511 1131 militi-

849 1145 912 1182 bus
933 1147 1072 1195 optimis
1085 1145 1264 1195 profectus
1293 1152 1343 1185 est
1365 1150 1414 1186 ad
1433 1150 1510 1188 He-

847 1214 989 1249 meum,
1019 1214 1122 1239 sacra
1147 1203 1339 1253 facturus3
1371 1207 1509 1257 quibus

847 1261 960 1295 sacris
990 1259 1098 1294 illum
1122 1272 1162 1295 se
1183 1272 1204 1295 a
1242 1263 1382 1299 scelere
1399 1277 1508 1300 com-

847 1315 962 1352 misso
983 1328 1145 1366 purgare
1173 1317 1335 1355 voluisse
1366 1321 1508 1370 proba-

847 1372 921 1408 bile
943 1379 1015 1419 est,
1053 1373 1125 1408 nisi
1161 1385 1204 1409 ea
1233 1377 1358 1425 potius
1378 1389 1507 1414 sacro-

846 1442 933 1464 rum
954 1441 1086 1476 causa,
1120 1442 1236 1480 quam
1264 1433 1344 1482 ipse
1365 1434 1427 1480 VI,
1452 1436 1507 1475 82

844 1486 989 1535 profert
1031 1486 1267 1526 Cleomenes.
1326 1489 1506 1527 Heraeum

847 1543 1137 1578 celeberrimum
1147 1545 1303 1581 Iunonis
1316 1548 1506 1597 templum

843 1599 884 1634 in
904 1599 1136 1648 Argivorum
1159 1607 1195 1636 et
1205 1602 1506 1652 Mycenaeormn

844 1655 1008 1691 confinio
1022 1656 1136 1692 situm
1149 1664 1240 1706 erat,
1253 1658 1505 1710 quadraginta

845 1711 964 1748 stadia
995 1712 1041 1748 ab
1069 1713 1182 1764 Argis
1211 1721 1247 1751 et
1268 1714 1402 1753 decem
1424 1724 1505 1754 sta-

845 1767 906 1804 dia
928 1781 948 1804 a
969 1770 1139 1820 Mycenis
1170 1779 1374 1820 remotum,
1410 1780 1504 1810 teste

845 1825 1022 1862 Strabon.
1043 1826 1130 1862 VIII
1150 1840 1187 1877 p.
1202 1829 1282 1867 368
1302 1831 1348 1866 D.
1370 1843 1400 1866 s.
1422 1829 1505 1871 566

843 1882 890 1917 B.
932 1882 1017 1920 coll.
1052 1883 1216 1919 Pausan.
1246 1885 1293 1931 Π,
1328 1888 1390 1932 17,
1436 1887 1505 1922 ubi

844 1938 967 1988 plura.
994 1939 1103 1975 Conf.
1133 1940 1323 1978 Mannert.
1355 1943 1443 1979 VIII
1461 1957 1502 1994 p.

846 1995 940 2035 651.
1010 1995 1125 2032 Cuius
1164 1997 1340 2048 reliquias
1379 2012 1504 2050 nuper

844 2050 1054 2088 admodum
1082 2052 1178 2089 forte
1207 2053 1359 2091 fortuna
1395 2054 1503 2093 dete-

841 2108 939 2144 xisse
960 2108 1079 2145 fertur
1118 2108 1298 2159 Gordon,
1338 2113 1501 2163 Anglus,

842 2163 1112 2218 descripsitque
1132 2165 1333 2205 Thiersch.
1355 2169 1401 2205 ab
1420 2171 1501 2221 ipso

839 2221 1080 2272 perlustratas
1108 2223 1148 2258 in
1178 2224 1276 2260 colle
1302 2238 1422 2276 prope
1441 2227 1502 2263 vi-

839 2291 930 2314 cum
958 2278 1123 2327 Chouie,
1175 2282 1242 2332 qui
1278 2294 1299 2318 a
1338 2284 1501 2333 NaupHa

840 2335 958 2372 tribus
1000 2337 1170 2373 milliarr.
1210 2336 1334 2379 distat.
1401 2340 1501 2385 Quas

842 2391 995 2428 easdem
1023 2407 1062 2430 se
1095 2394 1265 2443 primum
1311 2397 1502 2433 invenisse

840 2449 1034 2487 contendit
1064 2451 1194 2487 Gallus
1223 2449 1356 2490 doctus
1377 2454 1501 2505 Vielly

839 2504 975 2542 eodem
995 2519 1085 2543 sane
1109 2508 1194 2543 loco
1207 2536 1216 2554 ,
1248 2521 1324 2560 quo
1342 2506 1500 2547 Gordmi

837 2562 918 2598 illas
937 2563 1123 2601 invenisse
1153 2562 1386 2614 perhibetur.
1435 2567 1500 2603 Tu

840 2617 918 2655 vid.
967 2620 1236 2670 Morgenblatt.
1289 2624 1391 2663 1831
1439 2636 1498 2658 nr.

842 2676 923 2715 307
944 2689 983 2726 p.
1008 2679 1126 2717 1227.
1147 2678 1498 2718 Kunstblatt.1832

840 2741 898 2766 nr.
919 2731 971 2771 94
991 2745 1030 2782 p-
1059 2734 1154 2773 376.

896 2783 921 2826 ὅ
946 2785 1054 2838 ἵρεύς
1076 2784 1297 2841 ἀπηγόρευε
1328 2803 1362 2826 κ.
1391 2802 1424 2825 τ.
1444 2786 1498 2835 AL]

840 2840 950 2877 Conf.
978 2842 1147 2880 Lobeck.
1176 2842 1428 2894 Aglaopham.
1459 2856 1499 2893 p.

1121 2902 1174 2938 22
1197 2896 1221 2920 *²
