1897 3340
547 239 1181 280 POLYMNIA.V11.
1411 245 1495 285 439

198 353 327 403 4,,έπὶ
359 352 408 396 τό
439 351 630 407 ἄμεινον.
694 348 758 391 Τὰ
796 347 876 402 μέν
904 363 989 390 νυν
1019 347 1170 399 Κῦρός
1201 361 1244 390 τε
1273 347 1346 390 καὶ
1376 350 1494 403 Καμ-

224 420 390 476 ,,βύσης
427 418 566 474 πατήρ
605 433 649 460 τε
689 413 793 470 ἐμός
830 420 1018 468 Δαρεῖος
1052 411 1376 468 κατεργάσαντο
1420 416 1496 458 καὶ

229 486 604 543 ,,προσεκτη’σαντο
626 485 778 534 ἔθνεα,
809 482 1130 538 ἐπισταμένοισι
1161 477 1212 526 εὖ
1241 481 1323 525 οὐκ
1345 482 1400 526 ἄν
1428 500 1494 535 τις

201 557 389 610 5,,λέγοι.
442 553 549 609 Ἐγώ
588 553 658 603 δὲ,
697 552 788 595 ἐπεί
838 567 883 595 τε
921 551 1174 607 παρέλαβον
1201 549 1278 594 τὸν
1307 550 1496 604 θρόνον,

223 628 383 675 »τοῦτο
416 621 694 675 ἐφρόντιζον,
726 618 841 671 ὅκως
880 619 938 675 μή
977 621 1183 674 λείψομαι
1211 624 1300 663 τῶν
1339 618 1490 673 πρότε-
1507 625 1553 659 30

225 707 333 745 ,,ρον
361 688 611 744 γενομένων
641 688 688 731 ἐν
724 692 825 745 τιμῇ
856 690 984 744 τῇδε,
1029 689 1135 744 μηδὲ
1167 687 1334 731 ἐλάσσω
1363 699 1495 741 προσ-

194 756 468 814 6,,κτη’σομαι
500 755 691 812 δύναμιν
715 758 919 813 Πέρσῃσι.
950 759 1198 812 φροντίζων
1229 755 1275 799 δὲ
1306 753 1494 809 εὑρίσκω

221 825 337 880 ,ἅμα
366 825 445 880 μὲν
475 827 609 876 κῦδος
636 822 744 881 ἡμῖν
772 841 817 868 τε
847 823 1225 879 προσγινόμενον,
1257 822 1406 879 χώρην
1449 839 1493 866 τε

222 896 324 948 ,πῆς
365 895 449 936 νῦν
478 892 696 949 ἐκτήμεθα
739 892 822 937 οὐκ
863 892 1078 937 ἐλάσσονα
1116 889 1220 934 οὐδὲ
1252 892 1493 946 φλαυροτέ-

221 976 350 1016 ,,ρην,
392 962 744 1018 παμφορωτέρην
782 976 850 1005 τε·

898 961 990 1016 ἅμα
1031 960 1076 1003 δὲ
1109 961 1317 1015 τιμωρίην
1345 976 1389 1003 τε
1421 960 1549 1002 καὶ35

191 1029 365 1079 7,,τίσιν
412 1030 661 1087 γινομένην.
731 1028 802 1072 διὸ
850 1027 985 1084 ὑμέας
1023 1030 1106 1070 νῦν
1147 1026 1230 1082 ἐγώ
1273 1030 1492 1080 συνέλεξα,

191 1097 324 1148 8,,ἴνα
353 1096 401 1142 τό
433 1097 546 1141 νοέω
577 1096 787 1153 πρήσσειν
815 1095 1099 1152 ὑπερθέωμαι
1138 1093 1257 1150 ὑμῖν.
1318 1096 1492 1149 Μέλλω,

221 1164 398 1217 ,,ζεύξας
437 1165 514 1209 τὸν
549 1165 896 1221 Ἑλλήσποντον,
947 1165 1049 1208 ἐλᾶν
1080 1164 1266 1219 στρατὸν
1309 1163 1381 1207 διὰ
1418 1167 1494 1220 τῆς

222 1231 470 1290 ,.Εὖρω’πης
501 1234 571 1277 ἐπὶ
600 1233 678 1290 τὴν
703 1232 915 1288 Ἑλλάδα,
964 1236 1036 1277 ἴνα
1073 1233 1332 1286 Ἀθηναίους
1363 1249 1493 1287 τιμω-

221 1301 464 1358 ,,ρη’σομαι,
511 1301 594 1346 ὅσα
633 1303 686 1358 δὴ
724 1302 988 1359 πεποιήκασι
1029 1303 1202 1358 Πέρσας
1230 1318 1274 1346 τε
1313 1302 1387 1345 καὶ
1417 1305 1550 1344 fta-40

165 1498 262 1535 spere
287 1486 429 1525 cedunt.
488 1487 552 1523 Tu
581 1487 682 1523 conf.
713 1487 825 1523 allata

164 1541 212 1578 ad
232 1543 276 1589 V,
298 1545 364 1583 82.
421 1544 467 1579 In
486 1557 593 1595 seqq.
623 1542 825 1581 Bekkerus

164 1598 211 1635 de
240 1612 309 1636 suo
331 1599 447 1637 edidit
477 1597 608 1651 πατήρ
629 1615 668 1639 τε
689 1599 713 1639 ὁ
732 1597 826 1650 ἐμός

165 1659 334 1707 Δαρεῖος
349 1686 358 1704 ,
386 1658 453 1694 ubi
471 1658 588 1707 vulgo
609 1658 712 1693 abest
733 1658 826 1693 arti-

163 1714 283 1750 culus.
342 1713 454 1758 Quod
485 1713 590 1750 idem
620 1714 709 1751 fecit
740 1714 822 1763 VII,

167 1772 218 1809 10
240 1771 277 1815 ξ.
299 1773 338 1810 3.
360 1772 440 1819 VII,
466 1770 559 1811 104.
603 1771 704 1807 Cum
733 1784 821 1808 ver-

164 1826 219 1862 bis
250 1825 544 1877 ἐπισταμὲνοισι
575 1821 619 1866 εὖ
643 1829 685 1876 (i.
709 1841 742 1866 e.
765 1841 823 1864 vo-

163 1883 227 1929 bis,
250 1886 313 1932 qui
330 1885 415 1920 bene
435 1886 544 1921 nostis
571 1897 704 1934 usuque
729 1885 824 1921 dida·-

163 1940 290 1989 cistis)
339 1942 476 1978 similia
516 1948 626 1977 erunt
662 1954 823 1991 compa-

163 1995 301 2044 rauda,
333 2011 431 2049 quae
450 1998 574 2034 attulit
604 1997 822 2045 Blomfield,

161 2054 203 2089 in
231 2054 394 2092 Glossar.
425 2054 473 2092 ad
501 2053 682 2107 Aeschyl.
716 2055 824 2105 Aga-

163 2123 307 2148 memn.
332 2114 455 2152 1373.

218 2165 317 2218 ’ἡμῖν
379 2182 420 2207 τε
477 2161 819 2219 προσγινόμενον]

161 2225 393 2262 particulam
413 2239 465 2271 τε,
494 2238 610 2276 quam
631 2224 824 2261 Sancrofti

162 2279 248 2318 cod.
325 2283 546 2319 auctoritate
613 2282 823 2318 omiserunt

163 2335 410 2386 Schaeferus‚
444 2336 626 2375 Matthiae
656 2344 694 2374 et
713 2336 822 2375 Bek-

164 2392 259 2440 ker„
288 2408 378 2431 cum
407 2394 620 2432 Gaisfordio
641 2394 822 2446 equidem

164 2452 360 2496 revocavi3
390 2464 517 2502 neque
549 2453 652 2487 enim
673 2453 719 2488 ab
740 2454 823 2488 He-

164 2504 307 2548 rodoto
331 2508 500 2543 alienum
521 2507 664 2558 duplex
692 2522 752 2555 τες
774 2507 822 2544 de

167 2575 242 2613 quo
274 2562 353 2599 dixi
383 2562 430 2599 ad
459 2562 652 2602 Plutarch.
683 2564 821 2615 Pyrrh.

165 2632 252 2668 pag.
278 2620 370 2660 158.
401 2618 503 2656 Add.
533 2619 674 2656 Herod.
695 2622 776 2668 Vll,
798 2624 824 2662 8

167 2676 204 2719 §.
215 2679 239 2715 3
251 2675 317 2712 fin.
333 2678 411 2716 190
422 2676 487 2713 fin.
502 2676 579 2717 175
596 2675 661 2712 fin.
675 2678 824 2717 207fin.

166 2731 265 2778 Vlll,
296 2733 363 2773 58.
385 2734 452 2773 90.
472 2734 539 2772 97.
572 2733 663 2771 108.
687 2734 765 2772 140
788 2735 825 2778 ξ.

169 2788 207 2825 2.
244 2786 337 2827 141.
366 2790 434 2837 IX,
466 2790 502 2828 3.
543 2791 568 2828 7
599 2789 636 2832 ᾗ.
676 2791 714 2828 2.
754 2790 824 2837 IX,

169 2840 235 2883 58.
257 2844 322 2883 68.

940 1486 1233 1538 ὑπερθέωμαι]
1267 1487 1393 1538 Supra
1412 1488 1458 1535 V,
1482 1490 1546 1534 18,

882 1545 1076 1582 invenitur
1117 1540 1431 1595 προτιθώμεθα,
1480 1544 1547 1580 ubi

882 1601 960 1638 vid.
982 1603 1109 1642 allata.
1166 1603 1225 1638 De
1259 1602 1337 1650 ipsa
1368 1601 1474 1638 verbi
1494 1601 1545 1637 si-

882 1659 1128 1708 gnificatione
1149 1657 1229 1695 dixi
1249 1657 1338 1705 adl,
1358 1661 1435 1698 107
1457 1658 1546 1696 coll.

881 1716 962 1762 VH,
991 1718 1042 1756 18
1074 1715 1140 1754 fin.
1175 1716 1357 1752 observat
1389 1713 1437 1751 ad
1458 1712 1497 1750 h.
1518 1714 1547 1751 l.

877 1771 1090 1809 Larcherus
1105 1801 1114 1819 ,
1146 1770 1409 1824 ὑπερτιθέναι
1439 1778 1476 1807 et
1496 1768 1546 1809 ’ὗ-

879 1829 1145 1879 περτίθεσθαί
1178 1844 1216 1867 τι
1248 1828 1327 1867 τινί
1349 1841 1371 1864 a
1392 1829 1546 1865 Graecis

880 1885 953 1922 dici
974 1885 1112 1922 eodem
1137 1899 1263 1933 sensu,
1281 1897 1357 1936 quo
1380 1880 1548 1923 οἷνακοι-

881 1944 1009 1980 νῶσαι
1070 1950 1109 1979 et
1175 1937 1545 1980 οἷνακοινώσασθαι.

879 1999 1084 2050 Dionysius
1115 1997 1219 2050 quod
1248 1997 1388 2035 habet:
1429 1997 1497 2036 ’ἵνα
1519 1994 1546 2036 ἃ

881 2055 1123 2106 διανοοῦμαι
1153 2050 1362 2106 πράττειν,
1393 2052 1546 2093 ’ὑποθῶ

879 2110 997 2162 ὑμῖν,
1027 2112 1116 2148 inde
1136 2125 1215 2148 nou
1235 2113 1418 2164 sequitur,
1439 2110 1544 2162 apud

878 2169 1005 2219 ipsum
1035 2168 1275 2205 Herodotmn
1307 2181 1462 2220 quoque
1482 2182 1546 2204 re-

878 2225 1123 2263 scribendum
1144 2239 1222 2263 esse
1241 2224 1494 2276 ὑποθέωμαι.

1156 2317 1193 2362 §.
1225 2318 1265 2356 2.

938 2396 958 2442 ζ
971 2410 986 2434 ε
997 2392 1022 2433 ύ
1037 2396 1121 2442 ξας
1147 2392 1214 2434 τὸν
1227 2390 1541 2445 Ἑλλήσποντον]

878 2453 1048 2490 Verbum
1071 2449 1256 2503 ζεύγνυμι
1275 2451 1429 2501 (pontem
1454 2453 1545 2487 inii-

879 2511 949 2557 cio)
970 2522 1018 2545 ex
1041 2507 1078 2548 h.
1101 2510 1125 2547 l.
1150 2516 1187 2545 et
1217 2509 1296 2556 Vll,
1320 2506 1372 2549 24
1403 2509 1544 2544 excitat

878 2565 1098 2602 Blomfield.
1130 2566 1170 2602 in
1201 2566 1366 2603 Glossar.
1389 2563 1439 2601 ad
1460 2565 1542 2601 Ae-

879 2621 999 2674 schyl.
1022 2624 1126 2659 Pers.
1148 2624 1242 2664 728.

938 2679 1005 2718 ἰ”να
1038 2675 1283 2728 Ἀθηναίους
1315 2673 1540 2728 τιμωρήσο-

881 2736 977 2786 μαι]
1019 2736 1077 2771 De
1106 2735 1234 2771 futuro
1263 2732 1542 2784 τιμωρήσομαι

881 2792 983 2828 conf.
1005 2790 1186 2828 Matthiae
1208 2793 1276 2828 Gr.
1297 2792 1364 2827 Gr.
1385 2803 1422 2840 p.
1445 2791 1542 2833 998,

882 2849 948 2900 qui
967 2847 1072 2885 idem
1101 2849 1140 2894 ξ.
1161 2846 1257 2895 434,
1281 2849 1317 2886 1.
1337 2846 1361 2883 b
1394 2859 1431 2896 p.
1461 2845 1542 2885 809
