1897 3340
417 245 498 285 176

800 246 1265 283 HERODOTI

417 362 498 415 „wi
529 360 742 406 ἀνέκαθεν
784 365 981 420 Λαπίθης
1015 380 1058 407 τε
1091 366 1162 408 καὶ
1195 366 1417 421 Καινίδης·
1458 365 1505 408 ἐκ
1542 365 1588 408 δέ
1626 368 1669 410 οἱ

417 427 602 484 ,,ταυ’της
621 433 697 485 τῆς
713 430 920 486 γυναικός
947 429 1045 476 οὐδ’
1076 432 1118 483 ἐξ
1138 432 1270 488 ἄλλης
1298 434 1448 482 παῖδες
1466 431 1674 486 ἐγίνοντο.

383 494 599 552 ,3,,ἐστᾶλη
629 491 692 539 ὧν
720 497 762 548 ἐς
783 498 988 553 Δελφούς
1015 500 1114 552 περὶ
1144 500 1294 554 γόνου.
1325 499 1496 543 ἐσιόντα
1526 500 1572 544 δὲ
1594 499 1724 544 ati-90

418 562 524 615 ,τὸν
564 564 693 615 ἰθέως
728 562 757 620 ἡ
805 567 954 621 Πυθίη
998 567 1314 622 προσαγορεύει
1360 568 1522 610 τοιοίδε
1554 572 1669 612 τοῖσι

418 630 535 674 ἔπεσι
545 646 553 655 ·

496 707 690 753 ,,Ἠετίων,
717 705 820 749 οὔτις
842 720 880 743 σε
903 710 972 744 τίει
1000 710 1198 746 πολύτιτον
1226 711 1346 748 ἐόντα.

496 765 656 811 ,,Λάβδα
679 765 778 808 κύει,
812 765 906 809 τέξει
930 764 968 801 δ’
994 766 1246 814 ὀλοοίτροχον·
1288 768 1326 805 ἐν
1351 769 1389 805 δὲ
1414 774 1576 806 πεσεῖται

360 985 569 1021 Observatt.
600 983 649 1021 ad
673 983 896 1036 Apollodor.
922 987 952 1034 1,
972 988 1010 1035 9,

364 1043 412 1080 16
433 1054 471 1091 p.
501 1042 574 1089 73)
603 1041 730 1078 nobile
758 1054 903 1078 nomen
926 1042 1014 1080 Cae-

357 1109 441 1133 neus
462 1092 714 1147 (Καινεύς),
752 1099 852 1134 Elati
891 1099 1010 1147 iilius;

359 1165 475 1204 quem
494 1166 571 1190 una
591 1166 680 1190 cum
691 1153 930 1206 Polyphemo
949 1156 1012 1191 in-

358 1215 415 1245 ter
461 1211 660 1260 superioris
709 1213 838 1248 aetatis
878 1210 1011 1248 heroas

357 1266 493 1302 Nestor
530 1267 676 1303 iuvenis
715 1266 882 1315 viderat,
923 1274 1016 1304 teste

359 1322 515 1360 Homer.
544 1324 588 1360 11.
618 1325 647 1370 I,
678 1322 782 1371 264,
819 1324 885 1360 ubi
914 1324 1015 1361 conf.

358 1377 489 1415 Schol.
546 1379 618 1424 Qui
639 1380 809 1417 Caeneus
827 1393 917 1417 cum
936 1381 1016 1431 ipse

347 1434 606 1485 Lapitharum
627 1450 647 1472 e
667 1437 782 1487 stirpe
803 1443 922 1484 esset,
943 1449 1014 1487 ap-

357 1499 464 1542 paret
497 1505 634 1529 vocem
674 1493 872 1544 Καινίόης
910 1492 1013 1544 apud

358 1546 597 1584 Herodotum
644 1548 692 1585 ad
739 1550 1012 1585 accuratiorem

357 1605 478 1654 stirpis
498 1617 527 1640 s.
548 1605 713 1641 familiae
740 1604 1012 1642 indicationem

359 1673 438 1696 esse
468 1659 648 1697 additam.
705 1662 784 1698 Nec
820 1662 1011 1698 immerito

357 1715 447 1753 hinc
479 1717 656 1767 colligere
695 1717 844 1754 videtur
878 1718 921 1753 C.
966 1718 1010 1755 O.

356 1773 504 1809 Mffller.
518 1774 610 1810 Dor.
630 1775 648 1810 I
676 1786 763 1824 pag.
784 1774 860 1821 85,
889 1775 1010 1824 prisco

357 1842 406 1865 ex
426 1836 597 1880 tempore
619 1829 789 1866 Corinthi
807 1832 885 1866 iam
899 1831 1012 1867 fuisse

357 1892 487 1936 gentes
515 1887 659 1923 nobiles
689 1893 802 1938 atque
833 1888 1010 1936 insignes,

358 1954 456 1993 quae
491 1943 619 1979 Dorici
658 1945 805 1992 generis
852 1944 1011 1979 minime

359 2000 497 2035 suerint
533 1998 599 2036 sed
629 1999 781 2036 aliunde
808 2000 1011 2049 ingressae.

357 2076 413 2081 —
451 2056 525 2091 Pro
567 2056 763 2105 Καινίδης
805 2056 944 2092 Aldina
975 2062 1012 2093 et

358 2110 434 2147 duo
466 2112 599 2147 Pariss.
631 2111 742 2148 codd.
783 2112 1009 2162 Καινείδης,

357 2166 460 2218 quod
481 2164 618 2204 arridet
638 2169 809 2218 Apetzio,
831 2181 919 2204 cum
941 2167 1011 2204 de-

355 2222 511 2260 scendat
531 2236 551 2260 a
571 2225 761 2274 primitivo
779 2220 962 2270 Καινεύς.

414 2334 456 2374 ἐκ
485 2334 526 2374 δέ
553 2335 595 2374 οἱ
619 2330 764 2386 ταύτης
790 2337 859 2385 τῆς
877 2350 1010 2386 γυναι-

358 2388 428 2438 κός
453 2407 489 2430 κ.
515 2407 546 2430 τ.
578 2393 635 2440 L]
676 2390 890 2428 Dicendum
920 2404 1010 2441 pro—

358 2449 438 2498 prie
459 2448 569 2485 fuisse
589 2447 632 2487 ἐκ
645 2447 685 2486 δέ
707 2448 747 2487 οἰ
771 2463 790 2485 ο
804 2443 828 2485 v'
842 2447 893 2485 δὲ
914 2443 1008 2485 ταύ-

357 2519 426 2555 της
437 2501 694 2556 τῆς-γυναικὸς
711 2499 770 2543 ου’
782 2501 817 2543 ὸ’
834 2503 872 2550 ἐξ
891 2501 1010 2553 ἄλλης

357 2562 495 2606 παῖδες
550 2560 725 2612 ἐγίνοντο
747 2589 756 2607 ,
837 2561 1009 2597 observat

357 2615 665 2667 Sciuveighaeus.
687 2618 750 2653 Tu
763 2615 837 2653 vid.
861 2615 907 2653 de
921 2629 1007 2653 om-

358 2675 470 2710 missa
489 2675 526 2710 in
558 2674 673 2723 priori
701 2674 873 2709 membro
895 2674 1004 2722 parti.

358 2731 443 2766 culti
480 2729 645 2780 negandi
674 2729 808 2766 Manli.
844 2732 908 2765 Gr.
940 2730 1005 2765 Gr.

358 2798 445 2837 pag.
480 2789 598 2827 1227.
656 2787 755 2822 Nam
780 2799 908 2822 sensus
929 2792 1004 2821 est:

357 2856 462 2892 neque
481 2856 524 2880 ex
548 2843 615 2880 Ιιασ
636 2842 788 2888 muliere,
821 2855 926 2892 neque
964 2855 1006 2878 ex

1069 987 1145 1026 alia
1168 988 1298 1039 prolem
1328 990 1524 1039 suscepisse,
1561 1009 1616 1014 —
1661 982 1724 1024 Ad

1068 1046 1184 1082 verba
1204 1040 1459 1096 ἐστάλη-ἐς
1479 1039 1662 1094 Δελφούς
1679 1044 1724 1089 (i.

1069 1113 1103 1137 e.
1130 1101 1311 1151 profectus
1339 1105 1390 1138 est
1416 1099 1597 1152 Delphos)
1624 1099 1725 1136 conf.

1067 1157 1214 1205 similia,
1236 1171 1332 1209 quae
1353 1171 1374 1194 e
1405 1159 1591 1195 Pausania
1620 1157 1728 1193 exci-

1067 1219 1122 1250 tat
1152 1214 1310 1250 Siebelis
1341 1213 1388 1251 ad
1415 1216 1446 1262 I,
1467 1217 1493 1254 2
1525 1215 1561 1259 ξ.
1585 1217 1623 1254 3.
1680 1214 1726 1249 In

1073 1282 1177 1321 seqq.
1200 1269 1322 1316 ἰθέως
1353 1277 1407 1307 est
1428 1272 1607 1317 continuo,
1646 1272 1727 1306 sta-

1073 1328 1155 1372 tim,
1180 1328 1340 1375 protinus
1356 1356 1366 1375 ,
1396 1334 1439 1364 ut
1452 1328 1501 1374 11,
1526 1329 1601 1367 121
1625 1327 1662 1371 §.
1685 1328 1726 1366 2.

1070 1382 1134 1429 IV,
1157 1385 1209 1423 68
1231 1383 1332 1419 alibi.

1126 1437 1224 1485 τέξει
1265 1433 1304 1478 δ’
1343 1434 1622 1490 ὀλοοίτροχον]
1669 1438 1727 1474 Ita

1069 1506 1172 1530 nunc
1201 1493 1347 1531 editum
1377 1508 1426 1531 ex
1453 1495 1592 1531 Euseb.
1613 1494 1658 1530 P.
1677 1495 1726 1531 E.

1067 1550 1112 1596 V,
1133 1553 1200 1590 29.
1233 1552 1378 1600 Vulgo:
1410 1551 1509 1599 τέξει
1529 1548 1571 1590 δὲ
1590 1545 1675 1590 ὄλο
1689 1550 1726 1590 ί-

1066 1621 1086 1643 τ
1099 1620 1121 1657 ρ
1134 1621 1154 1644 ο
1168 1621 1189 1656 χ
1200 1622 1220 1646 ο
1231 1623 1266 1654 ν,
1286 1614 1327 1643 ut
1348 1608 1446 1655 VIII,
1459 1609 1524 1653 52,
1547 1607 1612 1643 ubi
1631 1605 1726 1644 haec

1067 1674 1143 1698 vox
1173 1662 1220 1699 de
1247 1662 1432 1714 lapidibus
1462 1664 1624 1699 occurrit
1644 1663 1738 1700 sive*

1066 1719 1176 1765 saxis,
1196 1721 1235 1755 in
1247 1718 1393 1756 hostem
1407 1732 1504 1771 quae
1514 1718 1725 1755 demittun-

1067 1780 1128 1810 tur
1148 1781 1261 1827 atque
1281 1777 1543 1812 coniiciuntur.
1574 1777 1619 1811 In
1639 1776 1724 1812 Ho-

1067 1843 1151 1867 mer
1168 1833 1213 1868 ΙΙ.
1234 1833 1338 1879 XIII,
1364 1835 1440 1872 137
1468 1833 1570 1869 varie
1601 1843 1724 1882 expo-

1067 1894 1165 1923 nunt
1184 1895 1327 1925 veteres
1346 1889 1606 1925 Grammatici.
1635 1889 1724 1924 Mo-

1069 1941 1118 1979 do
1140 1946 1243 1980 enim
1273 1945 1442 1981 scribunt
1470 1939 1722 1996 ὀλοοίτροχος

1067 2000 1093 2036 i·
1124 2013 1156 2036 e
1190 2016 1209 2040 ο
1237 1996 1352 2047 ὄλοός
1378 2000 1420 2039 ἐν
1442 2004 1497 2054 τῷ
1524 1999 1670 2052 τρέχειν
1699 2013 1722 2037 a

1067 2068 1161 2092 voce
1209 2052 1347 2108 τρόχος
1400 2069 1543 2105 cursus,
1602 2055 1720 2094 modo

1067 2109 1322 2163 ὀλοοίτροχος,
1344 2115 1368 2149 i.
1384 2127 1416 2150 e.
1433 2112 1453 2153 ὁ
1473 2109 1564 2160 όλος
1574 2127 1721 2179 τροχο-

1068 2166 1176 2218 ειὸής
1193 2169 1259 2207 καὶ
1282 2169 1530 2219 πανταχόθεν
1558 2164 1721 2221 α’στηρι-

1067 2239 1178 2270 κτος,
1210 2229 1300 2262 tetus
1318 2226 1488 2262 rotundus
1516 2229 1549 2263 et
1567 2226 1720 2275 undique

1066 2280 1238 2318 volubilis.
1279 2282 1369 2318 Utut
1389 2283 1524 2332 placet,
1545 2281 1583 2318 h.
1604 2283 1630 2318 l.
1650 2295 1720 2318 co—

1065 2336 1276 2385 gitandum,
1299 2339 1444 2387 opinor,
1467 2337 1720 2388 delapidein-

1065 2394 1169 2442 genti
1189 2405 1231 2429 ac
1241 2394 1374 2429 molari
1393 2394 1523 2440 ferme,
1554 2396 1719 2445 quicur-

1065 2448 1182 2485 rendo
1204 2451 1361 2485 conterit
1393 2451 1431 2486 in
1455 2462 1718 2501 quaecumque

1064 2504 1249 2541 inciderit.
1309 2506 1391 2550 Quo
1431 2508 1545 2542 etiam
1575 2506 1718 2542 faciunt

1063 2563 1278 2612 sequentia:
1326 2561 1368 2600 ἐν
1396 2560 1437 2600 δὲ
1471 2565 1642 2601 πεσεῖται
1665 2564 1718 2599 ὑι-

1064 2618 1152 2654 cidet
1176 2620 1210 2654 ίιι
1233 2620 1346 2666 viros,
1379 2619 1444 2654 nbi
1464 2618 1595 2668 lapidis
1618 2620 1717 2654 ima-

1062 2687 1110 2722 go
1142 2675 1334 2711 retinetur.
1369 2675 1466 2710 Ilinc
1489 2674 1536 2710 ad
1565 2687 1718 2711 sensum

1063 2730 1166 2766 haud
1202 2732 1300 2766 male
1339 2730 1570 2768 Lai-cherus:
1632 2731 1718 2777 „ille

1064 2787 1223 2823 e'crusera
1245 2787 1304 2823 cles
1315 2786 1543 2836 Illonarques‚
1560 2787 1717 2824 laudans

1064 2844 1228 2878 similem
1250 2844 1443 2880 Plutarchi
1455 2844 1582 2881 locum
1603 2858 1622 2880 e
1635 2844 1717 2880 Cat.
