1897 3340
480 162 952 203 POLYMNIA.
1010 162 1109 203 VII.
1351 170 1434 211 703

1491 274 1597 302 obiter
1616 274 1654 301 de
1665 273 1762 302 caede

1490 308 1613 341 Minois,
1626 308 1761 335 Sicilien—

1488 342 1525 371 εἰ,
1536 343 1723 369 cretensium

1491 376 1531 403 ad
1542 384 1608 404 eam
1618 376 1762 403 ulciscen-

177 274 398 331 τιμωρίης.
455 273 636 330 Λέγεται
655 273 752 330 γὰρ,
783 273 944 315 Μίνων
975 269 1084 315 κατὰ
1116 269 1288 327 ζήτησιν
1324 278 1433 319 Δαι-

182 342 319 387 δάλου
361 341 625 399 ἀπικόμενον
665 341 708 393 ἐς
747 340 980 397 Σικανίην,
1009 337 1091 396 τήν
1120 342 1203 383 νῦν
1230 342 1433 397 Σικελίην

1 279 114 327 1170

125 551 268 588 fuerint
288 552 479 600 sagittarii
490 543 695 601 (τοξόται),
715 561 779 585 re-

126 608 220 660 liqui
239 606 419 659 hoplitae.
446 662 447 665 Ἰ

313 719 405 770 Cap.
435 717 590 754 CLXX.

184 795 353 850 Λέγεται
372 793 448 848 γὰρ
461 796 611 835 Μίνων
632 810 669 833 κ.
679 810 712 833 τ.
725 795 777 844 k]

124 854 276 894 Μίνων
297 867 317 890 e
338 855 504 891 Florent.
519 854 668 904 alioque
683 852 778 888 libro

125 910 231 948 dedit
242 909 596 962 Schweigl1.,quem
608 921 779 960 sequun-

124 974 187 1005 tur
217 968 335 1004 Gaisf.
358 974 393 1003 et
413 966 582 1004 Bekker.
596 979 663 1016 pro
673 966 777 1015 vulg.

125 1025 264 1072 Μίνω,
279 1031 315 1061 et
327 1025 409 1072 VII,
434 1026 508 1064 171
550 1024 713 1069 Μίνωα,
736 1029 779 1059 ut

124 1081 210 1117 libri
230 1082 368 1118 vetusti
388 1080 563 1127 afferunt,
589 1092 609 1116 a
632 1077 780 1116 Sohae-

123 1137 205 1174 sero
225 1144 416 1174 mutatum
436 1138 475 1174 in
484 1138 610 1175 Μίνω
632 1148 653 1172 a
672 1134 780 1172 Bek-

123 1192 218 1231 kero
238 1195 278 1230 in
302 1195 485 1235 Μίνων.
526 1194 590 1230 Tu
611 1192 710 1230 conf.
733 1191 779 1229 de

123 1249 182 1287 his
203 1251 333 1288 formis
359 1249 495 1291 Matth,
517 1251 582 1287 Gr.
604 1251 668 1288 Gr.
690 1262 778 1300 pag.

127 1306 221 1348 153.
301 1306 364 1344 Ad
393 1313 663 1357 argumentum
700 1306 777 1344 vid.

124 1364 273 1401 Zenob.
306 1364 370 1411 IV,
409 1366 464 1404 92
494 1364 579 1400 coll.
617 1361 776 1401 Diodor.

123 1421 187 1467 IV,
217 1422 284 1461 79.
313 1422 478 1458 Pausan.
508 1422 590 1468 VII,
624 1419 650 1458 4
681 1421 717 1465 §.
738 1420 776 1461 5.

125 1476 274 1514 Conon.
315 1480 463 1515 Narrat.
512 1477 580 1518 25.
629 1475 777 1516 Hoeck.

125 1533 226 1570 Cret.
245 1535 281 1570 II
299 1548 337 1585 p.
359 1536 440 1574 377
467 1540 547 1572 not.
596 1534 719 1570 Minos
739 1534 777 1569 in

125 1588 296 1628 Siciliam
317 1603 438 1643 quum
457 1591 618 1628 venisset
649 1590 780 1626 Cami-

125 1660 214 1684 cum
235 1646 282 1684 ad
294 1646 557 1700 quaerendum
567 1660 779 1697 exposcen-

126 1702 296 1756 dumque
340 1703 576 1752 Daedalum,
625 1705 778 1754 periisse

121 1761 241 1797 fertur
259 1768 383 1798 morte
402 1759 615 1808 inhonesta,
637 1762 778 1812 quippe

120 1817 221 1854 inter
249 1817 458 1855 lavandum
494 1818 578 1868 pice
609 1817 779 1854 fervente

121 1873 290 1911 immissa
308 1874 526 1911 interfectus
548 1887 568 1910 a
584 1874 710 1910 Cocali
731 1873 780 1910 fi-

121 1930 189 1967 liis.
250 1931 431 1968 Observat
465 1937 594 1967 autem
626 1928 774 1967 Hoeck.

121 1987 149 2024 1.
170 1987 197 2024 1.
216 2000 306 2038 pag.
328 1990 408 2028 372
423 2000 543 2039 seqq„
571 1987 637 2023 ubi
658 1987 697 2023 in
708 1988 778 2023 ista

122 2045 333 2081 accuratius
362 2045 546 2095 inquirit,
599 2056 696 2095 quae
729 2042 777 2080 de

121 2099 292 2138 Daedalo
314 2107 350 2138 et
372 2101 509 2137 Cocalo
547 2099 670 2152 deque
700 2101 778 2136 Mi-

123 2160 199 2194 noe
218 2158 258 2193 in
279 2158 448 2194 Siciliam
470 2156 593 2194 delato
616 2169 778 2193 narran-

123 2219 197 2260 tur,
215 2225 260 2249 ea
279 2215 437 2250 minime
457 2227 526 2264 pro
546 2213 684 2251 fictitiis
703 2212 776 2250 ha-

125 2267 251 2306 benda
262 2269 461 2321 statimque
472 2269 674 2308 reiicienda
688 2282 778 2319 esse3

127 2326 279 2377 alioque
312 2326 417 2361 enim
444 2325 625 2377 Pythiam
650 2327 698 2364 ad
715 2328 779 2364 illa

126 2384 312 2433 respicere
345 2380 449 2417 haud
490 2383 678 2431 potuisse,
708 2384 780 2420 nisi

126 2451 196 2490 pro
226 2439 335 2475 certis
367 2450 410 2474 ac
430 2439 525 2475 veris
546 2438 662 2487 vulgo
692 2440 781 2475 fue-

127 2497 203 2532 rint
221 2493 373 2542 habita3
402 2507 529 2545 neque
550 2495 664 2530 etiam
684 2493 778 2532 haec

128 2565 150 2589 a
170 2565 261 2590 vero
272 2564 421 2602 prorsus
432 2550 646 2598 abhorrere,
659 2564 779 2603 quum

129 2609 325 2646 Cretenses
350 2621 391 2644 re
410 2608 536 2646 navali
567 2614 659 2644 tunc
678 2614 780 2647 tem-

127 2666 228 2716 poris
258 2665 485 2702 excellentes
515 2670 552 2700 et
574 2677 643 2714 per
661 2665 781 2700 maria

128 2723 296 2759 multum
316 2728 498 2772 vagantes
519 2719 781 2758 dominantes-

130 2790 206 2830 que
225 2779 266 2815 in
285 2779 457 2817 Siciliam
474 2789 627 2830 quoque
635 2777 784 2816 venisse

835 553 949 599 atque
995 545 1167 593 Italiam,
1219 543 1397 582 credibile
1444 546 1491 584 sit

836 603 1103 655 praeeuntibus
1124 603 1344 652 praesertim
1360 600 1491 638 Phoe-

835 661 995 705 nicibus,
1028 660 1158 711 ibique
1189 659 1304 695 etiam
1326 660 1492 696 colonias

834 730 864 754 s.
897 717 1065 767 emporia
1096 713 1308 752 condidisse
1330 728 1372 752 ac
1393 716 1492 753 bella

835 774 990 823 gessisse
1025 785 1114 809 cum
1145 770 1346 822 indigenis.
1423 773 1493 809 Vi-

836 829 915 866 deri
937 836 1064 865 autem
1084 826 1156 864 hac
1170 830 1409 878 potissimum
1428 830 1492 865 in-

833 886 933 923 felici
955 886 1092 922 Minois
1124 892 1161 922 et
1191 885 1430 922 Cretensium
1450 887 1489 922 in

835 943 1005 980 Siciliam
1027 941 1268 992 expeditione
1289 945 1492 982 θαλασσο-

835 1000 1001 1050 κρατίαν
1054 999 1293 1035 Cretensium
1341 999 1490 1036 finitam

834 1056 937 1093 idem
958 1054 1105 1093 Hoeck.
1127 1054 1255 1104 addit,
1290 1069 1411 1107 quum
1442 1055 1490 1093 ad

834 1114 1017 1150 Troicam
1078 1111 1363 1163 expeditionem
1425 1114 1492 1150 vix

837 1171 1030 1220 octoginta
1069 1182 1184 1206 naves
1222 1170 1404 1220 praebere
1436 1170 1491 1206 illi

835 1227 1027 1278 potuerint
1056 1239 1127 1263 nec
1147 1226 1224 1262 ulla
1254 1226 1325 1262 alia
1358 1239 1491 1263 eorum

835 1290 1160 1321 commemoretur
1183 1281 1374 1334 expeditio
1403 1296 1492 1320 ma-

834 1341 974 1379 ritima.

888 1405 989 1447 κατοῖ
1001 1403 1389 1458 ζήτησινΔαιδᾶλου]
1397 1408 1490 1445 Dio-

835 1463 948 1502 dorus
968 1466 1007 1501 in
1029 1463 1198 1501 eiusdem
1208 1465 1262 1500 rei
1276 1465 1491 1501 narratione

833 1522 896 1570 IV,
918 1524 970 1563 79
1001 1521 1048 1558 de
1079 1522 1231 1557 Minoe:
1273 1516 1397 1571 ἐζήτει
1425 1518 1490 1561 τὸν

834 1579 1040 1617 Δαίδαλον
1058 1578 1113 1624 εἰς
1131 1577 1337 1629 τιμωρίαν.
1368 1577 1491 1620 Quae-

833 1637 931 1673 rebat
956 1637 1079 1672 Minos
1105 1633 1341 1681 Daedalum,
1364 1635 1430 1687 qui
1449 1635 1489 1671 in

835 1692 1006 1729 Siciliam
1026 1691 1208 1743 profugus
1242 1692 1418 1743 beneque
1437 1692 1491 1728 ibi

833 1756 1006 1800 receptus
1028 1749 1166 1785 diutius
1183 1748 1490 1785 commorabatur

836 1819 958 1858 eoque
978 1807 1058 1856 ipso
1079 1805 1216 1841 Minois
1237 1804 1332 1840 iram
1343 1805 1489 1841 excita-

834 1863 919 1910 bat,
952 1864 1016 1914 qui
1054 1861 1143 1898 inde
1174 1860 1310 1898 Siculis
1347 1861 1491 1899 bellum

834 1920 975 1956 inferre
1014 1918 1219 1956 constituit.
1276 1916 1362 1954 Vid.
1394 1918 1491 1954 Dio-

835 1975 917 2015 dor.
937 1977 999 2023 IV,
1016 1978 1082 2016 77.
1103 1976 1170 2015 78.
1210 1972 1355 2024 Ephori
1385 1974 1492 2024 frag-

833 2039 970 2070 mentt.
995 2046 1033 2082 p.
1046 2034 1128 2072 206
1141 2043 1220 2083 seq.
1243 2032 1382 2068 excitat
1418 2030 1486 2069 Cr.

891 2098 930 2146 ἐς
951 2100 1150 2151 Σικανίην
1170 2096 1244 2150 τὴν
1274 2101 1351 2138 νῦν
1370 2101 1488 2138 Σικε-

833 2156 924 2207 λίην
940 2155 1204 2207 καλευμένην]
1226 2156 1366 2204 Insula,
1390 2168 1489 2208 quae

834 2214 925 2250 olim
960 2212 1155 2251 Trinacria
1192 2214 1426 2261 vocabatur,
1467 2225 1490 2249 a

838 2269 996 2317 Sicanis,
1028 2283 1127 2322 quae
1159 2283 1252 2320 gens
1273 2269 1492 2321 antiquissi-

835 2340 899 2364 ma
923 2326 1104 2377 indigena
1123 2327 1213 2373 sive,
1233 2333 1276 2364 ut
1306 2327 1386 2364 aliis
1405 2326 1491 2377 pla-

835 2391 907 2432 cet,
939 2397 987 2421 ex
1015 2385 1138 2421 Iberia
1164 2382 1240 2420 huc
1261 2390 1490 2434 transgressa

836 2439 983 2488 dicitur,
997 2440 1167 2478 Sicaniae
1178 2441 1322 2492 accepit
1334 2452 1490 2477 nomen.

834 2496 922 2533 Vid.
942 2495 1164 2549 Thucydid.
1184 2499 1250 2546 III,
1279 2500 1318 2537 2.
1376 2498 1490 2532 Man-

834 2559 932 2590 nert.
959 2553 1099 2605 Geogr.
1132 2553 1170 2592 d.
1198 2556 1262 2592 Gr.
1293 2566 1331 2589 u.
1352 2554 1398 2588 R.
1419 2552 1487 2598 IX,

836 2611 864 2649 2
892 2621 980 2659 pag.
1005 2609 1100 2652 244.
1130 2611 1199 2649 Cr.
1233 2609 1328 2646 haec
1348 2607 1490 2644 adscri-

837 2665 931 2715 psit:
969 2665 1105 2714 „hunc
1141 2668 1269 2704 locum
1304 2664 1488 2713 respicere

836 2720 986 2759 videtur
1004 2723 1179 2761 Eustath.
1202 2721 1250 2758 ad
1263 2719 1396 2772 Odyss.
1408 2719 1486 2756 XX

837 2780 917 2820 383
938 2792 976 2830 p.
993 2780 1161 2825 741,17
1180 2777 1309 2825 Basil„
1329 2776 1394 2813 ubi
1414 2775 1465 2813 ait
1475 2786 1495 2812 :-
