1897 3340
18 668 122 715 207

505 202 964 243 POLYMNIA
1022 201 1119 239 VH.

192 313 374 354 τοιαῦτα
413 312 613 368 ποιήσειν
624 327 634 338 ·

163 378 392 423 4τούτοισι
419 385 530 424 τοῖσι
551 378 771 459 πρήγμασι
800 381 1095 433 συμπεσοῦσα.

1360 208 1442 248 757

690 306 746 367 ἦν
785 309 869 366 γοῖρ
899 308 1008 353 κατοέ
1038 308 1177 353 τωύτὸ
1215 309 1444 366 Ὀλυμπιὰς

1157 376 1303 420 οὔκων
1326 381 1445 422 δοκέ-

190 463 311 498 οντες
339 446 447 491 κατὰ
478 446 606 509 τοξχος
623 445 739 489 οὕτω
770 444 1133 501 διακριθήσεσθαι
1161 461 1241 487 τον
1268 444 1315 488 ἐν
1348 450 1448 501 Θερ-
1457 457 1500 488 ¹30

187 515 409 571 μοπύλησι
438 514 639 568 πόλεμον,
669 513 859 568 ε’πεμπον
889 512 992 563 τούς
1023 511 1320 569 προδρόμους.
1362 515 1445 556 ού-

188 598 256 626 τοι
284 583 362 641 μὲν
395 581 448 637 δή
480 580 594 625 οὕτω
626 582 881 624 διενενῶντο
922 579 1133 637 ποιήσειν.

274 673 328 715 Οἱ
354 673 400 715 δὲ
429 671 476 715 ἐν
510 670 816 728 Θερμοπύλῃσι
835 669 1050 726 ““Έλληνες,
1081 669 1226 725 ἐπειδὴ
1245 670 1374 721 πέλας
1404 669 1444 713 ἐ-

187 738 331 794 γένετο
368 741 444 794 τῆς
481 738 662 795 ἐσβολῆς
700 737 723 782 ὁ
756 738 938 794 Πέρσης,
969 737 1368 793 καταρρωδέοντες,
1410 736 1445 779 έ-

158 804 455 863 Ξβουλεύοντο
486 807 584 861 περὶ
612 805 869 862 ἀπαλλαγῆς·

929 809 1041 849 τοῖσι
1062 804 1140 860 μέν
1162 821 1245 847 νυν
1277 802 1446 847 ἄλλοισι
1458 810 1500 846 55

188 877 579 931 Πελοποννησίοισι
608 873 772 925 ἐδόκεε,
806 873 986 916 ἐλθοῦσι
1015 872 1058 923 ἐς
1090 871 1444 927 Πελοπόννησον,

185 941 262 985 τὸν
296 941 470 997 Ἰσθμὸν
507 942 616 998 ἔχειν
656 942 702 985 έν
733 943 930 997 φυλακῇ’

990 941 1212 996 Λεωνίδης
1242 940 1286 983 δὲ
1299 972 1310 992 ,
1346 943 1443 982 Φω-

184 1009 296 1052 κέων
324 1009 397 1052 καὶ
427 1013 612 1064 Λοκρῶν
641 1008 1038 1063 περισπερχεόντων
1067 1011 1121 1064 τῇ
1150 1007 1302 1064 γνώμῃ
1337 1006 1442 1050 ταύ-

184 1093 250 1132 τῃ,
280 1074 419 1119 αὐτοῦ
448 1093 491 1119 τε
518 1077 662 1132 μένειν
691 1076 934 1132 ἐψηφίζετο,
964 1076 1145 1132 πέμπειν
1174 1092 1218 1119 τε
1239 1073 1446 1130 ἀγγέλους

185 1144 229 1194 ἐς
264 1142 345 1195 τοὶς
373 1143 550 1197 πόλιας,
581 1142 837 1196 κελεύοντάς
877 1155 956 1200 σφι
986 1143 1279 1201 ἐπιβοηθέειν,
1311 1143 1370 1194 ὠς
1399 1142 1586 1186 έ-60602

185 1334 240 1393 ἦν
262 1338 338 1394 γὰρ
356 1336 458 1381 navo?
478 1336 603 1380 τωύτό
618 1353 784 1393 -συμ-

127 1399 323 1447 πεσοῦσα]
368 1400 425 1435 De
456 1396 587 1434 dativis
608 1410 783 1438 τουτοισι

127 1458 228 1494 τοῖσι
247 1450 370 1507 πρήγς
371 1466 451 1494 ιασι
466 1453 542 1491 vid.
563 1453 698 1494 Matth.
714 1457 782 1493 Gr.

129 1512 195 1550 Gr.
217 1512 254 1557 ξ.
276 1510 368 1559 385,
395 1515 411 1552 1
437 1517 472 1546 et
493 1510 540 1547 de
556 1513 690 1548 vocula
712 1509 784 1551 οὕ-

125 1582 179 1607 τω
201 1569 406 1619 postposita
427 1566 609 1604 Herodot.
643 1569 706 1616 VI,
742 1572 780 1608 3.

126 1623 187 1661 Ad
209 1631 478 1675 argumentum
493 1625 629 1661 locisic
651 1624 782 1675 dispu-

126 1688 180 1719 tat
205 1680 274 1719 We
286 1682 438 1719 sselin
448 1693 511 1730 g.:
542 1682 645 1717 Anni
664 1688 783 1718 aestas

66 1767 69 1770 .
127 1744 206 1774 erat
235 1737 389 1786 media,
420 1740 492 1787 τῆς
523 1734 630 1789 ὥρης
662 1736 783 1789 μέσον

126 1792 246 1845 ’θέρος
255 1795 424 1842 V111‚12‚
433 1795 473 1829 in
485 1807 601 1845 quam
612 1801 648 1830 et
665 1795 784 1844 Spar-

124 1857 304 1887 tanorum
344 1851 480 1887 Carnia
512 1857 549 1887 et
585 1851 782 1901 Olympias

124 1907 269 1944 LXXV
290 1907 543 1943 incurrebant.
583 1907 719 1943 Carnia
740 1908 783 1942 il-

126 1965 194 2011 los,
226 1962 308 1999 ludi
338 1963 527 2014 Olympici
559 1969 701 2000 ceteros
735 1976 784 1999 ex

125 2021 389 2070 Peloponneso
411 2032 454 2056 ac
475 2020 654 2068 Graecia,
685 2018 785 2056 hosti

126 2090 176 2113 ne
197 2077 350 2114 obviam
371 2077 497 2112 cuncti
518 2077 626 2124 irent,
660 2077 786 2126 impe-

127 2132 290 2170 diebant.
330 2134 403 2169 Res
434 2131 481 2169 ad
505 2131 786 2184 Thermopylas

127 2190 305 2239 opinione
316 2190 422 2226 citius
430 2189 501 2225 fuit
511 2196 660 2239 peracta
672 2190 784 2237 etjsnb

128 2246 253 2295 ipsum
284 2245 438 2295 quidem
475 2245 654 2282 ludorum
685 2252 785 2282 tem-

126 2314 219 2352 pus:
260 2313 351 2335 nam
372 2301 550 2350 perfugae
572 2315 620 2338 ex
636 2315 680 2338 ea
704 2303 784 2338 cla-

127 2357 175 2394 de
210 2355 398 2402 Arcades,
423 2356 587 2406 Olympia
607 2371 682 2394 cum
703 2371 783 2396 ma·-

125 2416 218 2451 xime
256 2413 442 2459 celebrari,
489 2414 720 2462 gymm'caque
760 2428 784 2450 α

129 2471 274 2508 Graecis
293 2471 446 2519 spectari
474 2470 685 2515 certamina,
718 2482 783 2505 ro·-

127 2527 333 2576 gitantibus
384 2525 507 2561 Persis
553 2524 783 2574 respondent

128 2584 226 2629 VIII,
248 2585 316 2623 26.
374 2582 472 2626 Quin
501 2581 781 2631 Peloponnesii,

129 2638 256 2675 audita
274 2637 466 2674 Leonidae
482 2650 587 2684 nece,
604 2637 669 2673 ubi
689 2638 783 2673 Car-

128 2696 192 2731 nia
222 2702 258 2732 et
292 2695 466 2745 Olympia
502 2694 781 2744 praeterierant,

129 2751 346 2803 frequentes
359 2750 403 2786 ad
416 2747 603 2787 Isthmum
615 2750 685 2787 iter
698 2762 783 2786 ma-

128 2814 314 2856 turarunt‚
343 2805 434 2846 ibid.
457 2820 516 2857 cp.
538 2807 630 2846 72.“

1037 1339 1130 1390 Cap.
1153 1339 1299 1376 CCVII.

895 1391 1286 1448 περισπερχεόντων]
1338 1391 1500 1445 σπερχέ-

841 1469 899 1494 ειν
927 1467 1014 1491 cum
1046 1467 1117 1490 nec
1147 1451 1409 1489 Herodoteum
1441 1452 1498 1498 sit,

839 1525 911 1548 nec
935 1511 1129 1557 Ionicum,
1160 1509 1226 1546 sed
1258 1506 1499 1559 σπέρχεσθαι

841 1575 877 1605 et
906 1569 1180 1617 σπερχθῆναι,
1236 1564 1282 1601 de
1314 1577 1389 1616 quo
1422 1562 1498 1602 vid.

838 1626 883 1672 V,
901 1627 972 1669 33,
994 1622 1242 1661 Valckenaer.
1259 1622 1411 1671 corrigit
1429 1634 1500 1658 πε·-

840 1678 1181 1734 ρισπερχθέντωντ
1240 1680 1360 1715 ceteris
1395 1676 1500 1713 Pelo-

836 1739 1010 1788 ponnesiis·
1027 1738 1066 1773 ob
1077 1739 1183 1773 istam
1204 1735 1409 1771 sententiam
1423 1745 1499 1770 cum

840 1795 1047 1831 vehementer
1077 1790 1339 1840 indignabundi
1360 1802 1498 1826 succen-

841 1852 988 1887 suissent
1010 1849 1199 1886 Phocenses
1222 1851 1254 1884 et
1264 1846 1376 1882 Locri
1384 1859 1396 1889 ‚·
1419 1858 1496 1897 qno

841 1906 978 1944 eodem
997 1919 1108 1943 sensu
1130 1903 1343 1941 Herodotus
1354 1903 1401 1948 ΙΙ,
1418 1904 1496 1942 162

839 1958 1061 2030 προθύμως
1091 1960 1226 2011 ἔχοντα
1259 1966 1295 1996 et
1325 1959 1495 2006 V11‚39

838 2016 962 2071 κάρτα
974 2024 1091 2069 θυμω
1101 2015 1235 2068 imvm,
1256 2017 1356 2052 itaut
1377 2027 1496 2065 σπερ-

841 2079 946 2142 χθηι
950 2091 990 2114 αι
1014 2077 1063 2128 τῆ
1090 2090 1136 2126 γι
1142 2070 1227 2127 ω’μη
1265 2071 1432 2118 dicatur,
1453 2076 1496 2107 ut

842 2127 974 2183 ἄθυμε
980 2135 1017 2170 ῖν
1036 2135 1117 2177 τοῖς
1138 2144 1246 2182 γεγει
1255 2126 1424 2179 ημένοις,
1446 2122 1495 2165 οἷ-

841 2188 1071 2239 χθεσθηναί
1090 2202 1178 2225 τινι.
1217 2187 1350 2236 Neque
1366 2191 1495 2220 tamen

840 2246 964 2282 invitis
984 2245 1085 2281 libris
1106 2242 1316 2294 quidquam
1340 2247 1496 2277 mutan-

840 2301 953 2349 dum3
974 2299 1066 2353 quid
1097 2301 1199 2336 enim
1227 2297 1397 2349 impedit,
1418 2309 1494 2348 quo

837 2360 962 2395 minus
984 2371 1004 2394 a
1025 2370 1119 2394 v>ote
1136 2371 1183 2395 πε
1187 2367 1395 2406 ρισπερχης
1414 2354 1494 2390 for-

837 2422 963 2451 metur
983 2425 1212 2466 περισπερχε
1204 2412 1258 2460 ’ω,
1285 2418 1325 2448 ut
1342 2425 1362 2447 a
1383 2413 1493 2448 λυσι-

837 2468 948 2521 τελης
968 2471 1127 2507 verbum
1146 2468 1321 2507 λυσιτελέ
1308 2484 1372 2514 ω,
1401 2461 1492 2504 α’σε·

838 2523 913 2576 βης
931 2522 1092 2576 οἷσεβέω,
1117 2521 1261 2576 οἷσελγή
1268 2540 1285 2570 ς
1307 2520 1372 2562 α’σε
1362 2520 1488 2573 λγεω·

838 2582 910 2618 alia
929 2581 969 2618 id
990 2595 1120 2632 genus,
1143 2589 1184 2618 ut
1204 2583 1300 2618 bene
1321 2580 1491 2615 observat

838 2637 954 2675 Schw
957 2637 1056 2688 eigh.
1078 2637 1302 2676 Schaeferns
1324 2632 1490 2684 (meleti.

838 2695 934 2733 critt.
953 2709 989 2746 p.
992 2668 1088 2761 ²5³69)
1109 2694 1263 2730 dederat
1282 2705 1329 2729 πε
1334 2701 1490 2756 ρισπερ-

838 2749 936 2802 χέων
967 2748 1124 2790 ἐόντων.
1148 2773 1193 2777 —-
1239 2746 1300 2783 Ad
1321 2759 1431 2782 voces
1450 2741 1492 2785 ὀ-

838 2803 1233 2860 λίγων-οἷλέξασθαι
1257 2803 1305 2842 cf.
1334 2803 1491 2848 V1,109

1501 662 1655 691 Leonidae
1680 674 1740 692 nna-

1506 699 1675 731 gnaninnum
1704 708 1771 726 con

1502 732 1772 765 si1i111n‚cact‹1is

1503 765 1527 792 Ρ
1531 751 1690 800 eloponnc.
1696 766 1731 791 iis

1503 798 1606 838 sugam
1628 800 1721 825 suad«-
1727 808 1755 825 ιι7

1504 833 1554 860 tib·-
1558 841 1592 866 is,

1503 867 1699 894 barbarorum
1724 875 1771 901 op

1503 899 1652 936 periendi.

1613 833 1740 867 impetus
