1897 3340
413 186 1081 227 TERPSICHORE.
1138 190 1182 225 V.

1353 192 1437 232 227

144 295 256 352 Ξτήν
287 298 587 351 Προποντίδα,
619 293 703 339 εἷλε
728 296 842 338 Κῐον
869 293 951 350 τήν
980 296 1171 352 Μυσίην.
1200 297 1364 354 ταύτην
1394 298 1441 342 δὲ
1499 315 1580 357 437

171 365 351 416 ἐξελών,
391 363 450 415 ὥς
479 363 663 407 ἐπύθετο
692 360 771 405 τόν
796 360 1116 419 Ἑλλήσποντον
1143 363 1534 428 {xaestome'vaassgg
1520 372 1595 403 rat
1625 370 1752 398 ”aurise-

170 435 424 511 Δαυρίσην,
463 430 536 472 καὶ
581 428 895 484 στρατεύεσθαι
932 430 1002 475 ἐπὶ
1039 434 1230 488 Καρίης,
1267 437 1436 477 καταλι·

167 514 268 543 πων
299 499 379 554 τὴν
416 498 725 552 Προποντίδα,
777 497 845 541 ἐπὶ
881 497 960 542 τὸν
1000 498 1322 556 Ἑλλήσποντον
1359 496 1436 558 ἦγε
1492 505 1678 542 tessub1g1t

168 583 248 610 τον
283 565 491 621 στρατόν·
531 566 607 609 καὶ
640 562 726 608 εἷλε
765 565 844 620 μὲν
879 567 1068 620 Αἰολέας
1104 567 1292 623 πάντας,
1335 566 1434 612 ὅσοι

162 633 244 690 τὴν
269 631 424 677 Ἰλιάδα
452 633 680 689 νέμονται,
719 629 803 677 εἷλε
841 633 888 679 δὲ
918 635 1156 693 Γέργιθας,
1191 635 1297 688 τοὺς
1323 634 1493 681 ὑπο-40

106 820 170 857 sel.
182 832 201 855 e
215 818 405 857 Sancrofti
420 818 515 855 libro
528 817 644 868 dedit,
656 820 768 872 equi-

106 875 195 913 dem
215 878 353 913 retinui
373 888 463 914 cum
482 874 615 913 Matth.
629 906 638 924 ,
660 884 702 914 ut
722 877 766 926 V,

109 935 187 973 116
218 934 301 970 coll.
337 935 428 974 102.
459 932 651 970 Sancrofti
672 934 768 971 liber

104 987 213 1025 affert
233 989 276 1029 ἐν
296 986 444 1041 Σάρδι;
470 990 510 1025 in
531 990 684 1041 reliquis
703 992 768 1027 in-

103 1047 253 1083 venitur
273 1045 312 1093 ἐς
333 1043 506 1098 Σάρδις,
537 1046 640 1098 quod
651 1048 766 1087 Gaisf.

103 1104 295 1140 revocavit
316 1116 406 1140 cum
426 1101 668 1153 Schweigh.,
700 1106 766 1156 qui

103 1158 207 1211 quod
236 1158 313 1197 huc
345 1160 508 1197 confer-ri
536 1161 618 1197 vult
642 1162 704 1208 VI,
741 1163 760 1201 1

101 1218 236 1267 παρῆν
259 1216 298 1263 ἐς
317 1213 466 1266 Σάρδις
488 1216 557 1266 (ut
576 1217 622 1265 V,
648 1219 761 1267 108),

101 1271 141 1309 id
170 1275 296 1310 minus
331 1272 408 1310 huc
433 1275 623 1324 pertinere
652 1273 763 1311 vide-

101 1335 173 1365 tur.
241 1331 370 1382 Atque
400 1343 444 1367 eo
474 1331 555 1380 ipso
595 1332 636 1367 in
674 1331 760 1368 loco

100 1386 293 1424 Sancrofti
312 1387 406 1423 liber
418 1385 459 1426 ἐν
471 1384 598 1438 Σάρδι
618 1394 655 1424 et
664 1388 761 1424 Vin-

100 1441 188 1479 dob.
219 1442 262 1482 έν
297 1441 483 1495 Σάρδισι.
540 1445 591 1480 Et
627 1457 761 1481 vereor

97 1511 211 1547 sane,
243 1506 285 1536 ut
304 1495 588 1552 στρατεύεσθαι
611 1499 650 1547 ές
668 1497 758 1540 τινά

96 1552 220 1595 τόπον
250 1555 324 1593 dici
363 1564 500 1608 queat,
547 1558 653 1594 cuius
672 1557 757 1594 loco

96 1613 232 1649 Noster
259 1614 305 1660 V,
340 1615 444 1653 122:
497 1612 562 1652 ἐπὶ
600 1614 758 1665 Καρίης

96 1670 183 1707 coll.
196 1670 239 1717 V,
253 1672 344 1718 117,
357 1670 424 1706 ubi
434 1670 597 1721 legimus
607 1667 756 1722 ἤλαυνε

94 1721 160 1765 τὸν
192 1723 359 1778 στρατὸν
385 1726 451 1766 ἐπὶ
479 1742 553 1778 την
575 1728 748 1780 Καρίην,

94 1789 137 1819 ut
160 1796 254 1820 mox
278 1784 323 1832 V,
359 1787 460 1832 122,
490 1783 554 1822 ἐπὶ
575 1799 646 1824 τον
666 1783 755 1823 Ἑλ-

93 1835 318 1891 λη’σποντον
365 1840 439 1892 ’ἦγε
477 1837 543 1880 τὸν
573 1836 752 1891 στρατόν.

94 1897 150 1933 Ac
170 1897 342 1947 supraV,
360 1899 436 1937 98·
467 1895 756 1948 στρατεύεσθαι

93 1948 152 1993 ἐπ’
181 1949 402 2005 Αἰγινήτας
416 1983 425 2001 ,
464 1954 531 1990 ubi
551 1955 614 1990 alii
635 1954 753 2006 Αἰγί-

92 2025 178 2060 νης.
237 2009 299 2047 Ad
315 2017 586 2061 argumentum
605 2012 680 2048 loci
701 2011 750 2048 cf.

91 2066 273 2107 Niebuhr.
303 2069 416 2108 Ro'm.
448 2067 585 2106 Gesch.
617 2070 636 2105 I
663 2081 751 2120 pag.

95 2125 172 2166 188
194 2124 253 2162 ed.
274 2134 348 2164 sec.

148 2176 226 2219 εἷλε
250 2184 353 2220 Κῖον
371 2177 445 2232 τήν
459 2178 647 2231 Μυσίην]
667 2180 752 2219 Cius

93 2249 112 2272 a
131 2238 284 2275 Milesiis
311 2239 405 2275 olim
433 2238 474 2274 in
506 2239 629 2289 Mysia
654 2251 752 2275 con-

92 2292 168 2330 dita
188 2294 236 2332 ad
255 2295 479 2332 orientalem
509 2307 616 2332 oram
647 2297 751 2333 sinus

93 2350 218 2389 Cianei
237 2381 246 2399 ,
305 2353 372 2403 qui
415 2351 505 2388 inde.
543 2353 751 2390 vocabatur

92 2407 212 2454 (nunc
243 2409 455 2459 appellatur
483 2408 678 2446 Modanz'ae
697 2411 750 2447 si'-

90 2464 209 2514 nus),
249 2464 298 2501 ad
328 2466 421 2502 ostia
450 2464 576 2514 fluvii,
618 2467 684 2517 qui
713 2473 750 2504 et

91 2519 169 2569 ipse
208 2521 295 2558 Cius
333 2522 550 2558 vocabatur.
618 2524 749 2573 Ipsum

92 2576 192 2613 urbis
212 2579 442 2615 commercio
478 2579 570 2614 olim
589 2579 748 2617 florente

91 2632 246 2682 insignis
264 2647 407 2671 nomen
429 2635 532 2672 varie
561 2636 748 2684 scribitur,

92 2688 207 2725 modo
229 2692 349 2738 Κῖος,
379 2690 494 2729 111οά0
517 2692 639 2739 Kios-3
669 2692 746 2731 vid.

91 2745 242 2795 Scylac.
275 2747 312 2791 ξ.
343 2748 396 2787 92
423 2761 510 2798 pag.
543 2748 596 2789 35
625 2748 744 2785 Huds·

92 2801 175 2847 (ubi
198 2801 297 2848 Κίος
315 2809 353 2840 et
373 2805 461 2842 urbs
482 2810 518 2841 et
530 2804 685 2855 fluvius)
707 2812 746 2843 et

823 821 953 872 Apoll.
985 818 1108 858 Rhod.
1144 822 1174 870 1,
1212 823 1338 863 1177.
1382 825 1486 864 1321

823 878 914 930 ibiq.
932 877 1086 927 Schol.3
1115 877 1234 915 modo
1256 878 1371 918 Cium.
1431 879 1489 918 Cf.

1547 403 1668 430 Cariam
1686 414 1719 440 [Γ

1494 436 1586 471 tecto,
1612 445 1647 463 ca
1650 444 1700 465 etc
1705 446 1753 465 raa

1495 457 1602 497 Helle
1589 479 1666 505 spon
1650 473 1718 499 nti»
1702 480 1718 507 p
1723 480 1769 499 ar-

822 935 924 972 Mela
943 936 974 982 I,
993 937 1043 976 19
1058 936 1094 980 ξ.
1117 934 1142 975 4
1165 934 1491 987 ibiq.Tzschuck.

822 992 863 1027 in
903 998 999 1029 nott.
1037 1004 1172 1042 exegg.
1208 993 1291 1029 Vol.
1326 994 1380 1029 ΠΙ
1396 994 1442 1031 Ρ.
1471 995 1489 1032 Ι

827 1060 914 1098 pag.
958 1049 1041 1089 562
1060 1061 1166 1100 seqq.
1226 1048 1310 1094 Qua
1338 1050 1434 1087 urbe
1465 1063 1487 1088 a

822 1104 1003 1156 Philippo
1041 1104 1266 1153 Macedone,
1302 1107 1489 1145 Demetrii

821 1161 919 1210 filio,
962 1161 1110 1210 diruta,
1160 1163 1313 1200 Prusias
1344 1162 1487 1216 Bithy—

819 1220 906 1255 niae
926 1231 996 1255 rex
1014 1231 1158 1256 novam
1177 1220 1334 1268 urbem,
1366 1233 1486 1273 quam

818 1287 840 1311 a
873 1288 913 1311 se
946 1274 1156 1313 Prusiadem
1195 1278 1323 1314 vocari
1351 1279 1485 1327 voluit,

815 1331 868 1368 ibi
898 1333 1104 1380 exstruxit,
1127 1339 1281 1370 auctore
1303 1333 1485 1374 strabon.

816 1389 893 1424 XII
912 1388 1044 1439 p.563
1066 1401 1092 1427 ⁵.
1116 1402 1152 1439 p.
1175 1388 1256 1430 844
1278 1396 1316 1427 et
1335 1391 1417 1433 845
1432 1393 1483 1430 A.

816 1446 922 1491 Quae
953 1444 1127 1492 Prusias,
1159 1458 1237 1497 quo
1259 1459 1280 1482 a
1302 1446 1485 1487 Prusiade

815 1501 864 1538 ad
885 1502 1096 1553 Olympum
1116 1509 1291 1539 montem
1313 1503 1384 1540 sit&
1405 1511 1443 1542 et
1462 1517 1485 1543 a

815 1557 993 1595 Prusiade
1030 1557 1078 1595 ad
1117 1559 1291 1610 Hypium
1320 1560 1484 1599 fluvium

813 1614 968 1652 condita
981 1613 1063 1665 (illa
1082 1628 1187 1653 nunc
1208 1623 1369 1654 vocatur
1379 1616 1484 1656 Bru-

811 1685 865 1719 sa,
888 1670 983 1709 haec
1004 1670 1129 1710 Milan
1138 1673 1178 1709 in
1198 1685 1301 1724 pago
1322 1673 1482 1727 Uskubi)

814 1727 1132 1780 distingueretur,
1162 1732 1364 1768 maritimae
1385 1744 1483 1782 cog-

810 1798 955 1822 nomen
995 1787 1152 1836 accepit.
1211 1788 1349 1839 Neque
1388 1801 1482 1827 vero

810 1854 962 1892 prorsus
999 1844 1227 1879 exstinctam
1254 1857 1337 1881 esse
1371 1851 1482 1883 vete-

810 1912 892 1935 rem
914 1899 1221 1949 appellationem,
1243 1898 1480 1940 documento

809 1962 865 1992 est
885 1969 1028 1992 nomen
1043 1955 1202 2005 Kibotos,
1225 1969 1305 2009 quo
1326 1958 1390 1996 illa
1401 1958 1482 1995 fre-

810 2019 973 2064 quenter
1001 2020 1329 2051 commemoratur
1347 2015 1388 2050 in
1410 2028 1481 2052 ex-

806 2068 1062 2120 peditIOnibus
1082 2069 1131 2107 ad
1153 2076 1298 2107 terram
1308 2078 1482 2110 sanctam

808 2125 1114 2178 iecuperandam
1142 2128 1326 2179 susceptis
1356 2141 1479 2181 usque

809 2180 904 2220 dum
933 2196 955 2220 a
986 2185 1124 2221 Turcis
1156 2191 1269 2235 capta
1300 2191 1354 2222 est
1375 2197 1478 2223 anuo

810 2243 917 2281 1332
937 2254 976 2292 p.
966 2239 1076 2278 Chr.
1094 2254 1146 2288 n.,
1169 2254 1190 2277 a
1211 2242 1352 2293 «quibus
1371 2255 1478 2281 nunc

805 2304 965 2334 vocatur
984 2297 1135 2336 Kemlzlc.
1167 2298 1254 2336 Vid.
1275 2300 1476 2339 Hammer.

805 2353 942 2393 Gesch.
972 2354 1010 2392 d.
1045 2355 1202 2393 Osman.
1237 2357 1256 2391 I
1285 2368 1362 2407 pag
1396 2358 1476 2398 109

804 2409 1012 2450 Prokesch.

803 2468 971 2519 Aegypt.
992 2482 1028 2505 u.
1050 2469 1288 2509 Kleinasien.
1309 2471 1364 2506 ΠΙ
1383 2482 1471 2520 pag.

802 2526 884 2565 228
906 2538 1012 2577 seqq.
1038 2526 1122 2563 coll.
1143 2526 1337 2565 Mannert.
1360 2527 1424 2575 IV,
1447 2528 1472 2566 3

803 2593 889 2631 pag.
911 2581 993 2623 562
1011 2595 1089 2634 seq.

859 2638 1032 2685 Αἰολέας
1069 2635 1228 2686 πάντας
1265 2635 1352 2678 ὅσοι
1397 2635 1473 2688 τήν

801 2688 954 2733 Ἰλιάδα
987 2693 1206 2745 νέμονται]
1239 2696 1348 2733 Galei
1379 2707 1473 2731 con-

801 2751 987 2787 iecturam
1021 2751 1197 2790 Αἰολίδα
1232 2751 1471 2788 rescribentis

802 2807 851 2844 ob
883 2808 945 2856 VI,
975 2809 1000 2848 8
1041 2807 1245 2856 (Αἰολέων
1271 2803 1359 2847 ὅσοι
1396 2803 1471 2856 τήν

1085 2863 1139 2902 15
1161 2861 1186 2884 ²²²

1066 2413 1286 2449 Erinnerun
1291 2425 1357 2463 gg.
1406 2425 1475 2451 aus
1509 2420 1511 2423 ’
