1897 3340
105 328 169 370 lo

488 150 1253 191 TERPSMJHORRV.
1447 153 1501 190 15

238 266 389 320 σαλίης
428 262 641 309 οἰκέοντες
679 258 785 309 τούς
814 251 1058 313 καπήλούς·
1110 257 1305 310 Κύπριοι
1341 258 1409 309 δὲ,
1450 258 1503 301 τὰ

237 334 412 386 δόρατα.
475 328 553 378 Ὡις
587 328 632 370 δὲ
675 327 861 381 Θρήϊκες
899 326 1095 381 λέγουσι,
1147 325 1346 380 μέλισσαι
1383 326 1501 368 κατέ·
1559 327 1678 357 Fabnta
1698 329 1799 358 Thra-

1559 370 1623 389 cum
1644 365 1679 389 de
1704 363 1831 399 regioni-

234 410 388 456 χουσαι
416 396 470 438 τοὶ
499 396 636 450 πέρην
665 397 746 437 τοῦ
768 393 940 448 Ἴστρου
970 395 1074 436 εἰσί·
1105 394 1178 436 καὶ
1197 392 1285 436 ὑπὸ
1301 394 1521 437 τουτέωνῙ
1558 397 1612 423 ¹²¹¹ss
1631 400 1832 427 tranglstrum

1560 436 1684 470 propter
1696 434 1833 460 examina

206 466 320 510 Ξούκ
359 462 473 508 εἶναι
514 466 703 508 διελθεῖν
738 460 787 505 τό
829 462 1105 516 προσωτέρω.
1157 462 1252 517 ἐμοὶ
1287 462 1367 518 μέν
1403 478 1500 511 νυν,
1558 472 1650 498 avum
1677 467 1832 507 ¹¹¹¹¹t⁰¹vffi⁴

176 615 434 665 VVesseliugio
448 644 457 661 ‚
489 627 606 665 quem
626 619 838 664 sequuntur

178 672 362 710 Valoken.
407 678 444 707 et
463 669 642 707 Larclier.
677 671 837 705 minime

176 729 354 767 videntur
383 727 600 764 Herodotea
633 740 732 773 esse,
772 725 838 762 sed

176 788 274 823 iusto
326 785 558 822 officiosioris
602 782 838 830 scholiastae,

176 856 266 880 oum
299 843 477 878 orationis
508 842 644 877 seriem
673 841 736 876 illa
755 847 838 876 tur—

176 900 267 936 bent
286 906 470 950 patreque
492 896 667 934 historiae
688 898 761 934 sint
776 898 839 932 in-

176 956 304 1007 digna.
362 954 554 1007 Equidem
575 956 614 991 in
636 953 838 1004 Schweig-

175 1012 349 1050 haeuser}
377 1019 500 1063 partes
531 1011 722 1048 discedere
750 1023 838 1047 ma·-

175 1071 257 1117 lim,
280 1071 330 1105 ita
356 1069 401 1106 de
417 1068 489 1105 hoc
511 1070 595 1105 loco
615 1069 835 1104 statuentis:

173 1134 308 1174 „vetus
337 1125 548 1162 admodum
578 1127 690 1161 fuerit
721 1137 837 1175 opor-

173 1190 227 1220 tet
266 1181 556 1229 adsumentiun‚
605 1181 709 1234 quod
749 1182 835 1218 libri

177 1253 330 1287 omues,
353 1241 417 1291 qui
440 1239 593 1276 diversis
615 1252 663 1274 ex
684 1239 834 1274 familiis

177 1296 303 1333 adnos
320 1303 586 1346 pervenerunt,
609 1302 833 1345 agnoscunt.

176 1353 392 1405 Equidem,
421 1366 488 1389 cur
508 1351 702 1388 Herodoto
731 1351 836 1388 iudi-

176 1422 251 1460 gna
264 1411 332 1446 ista
352 1409 579 1455 iudicarem,
609 1409 756 1444 nullam
776 1409 836 1444 vel

175 1466 254 1503 vidi
283 1467 341 1502 vel
372 1473 553 1516 exputare
583 1478 735 1500 causam
765 1477 838 1517 po-

175 1524 243 1560 tui.
258 1523 280 1541 “
337 1523 417 1558 Nec
449 1522 556 1558 aliter
583 1522 707 1571 placet
728 1521 836 1557 Gallo

175 1580 383 1629 interpreti,
425 1580 533 1615 Miot.
574 1580 707 1630 Itaque
741 1577 835 1614 haec

176 1637 290 1672 verba
309 1637 428 1682 uncis,
461 1636 597 1687 quibus
621 1636 738 1686 vulgo
772 1637 836 1671 in-

175 1693 277 1729 clusa
317 1699 442 1740 erant,
482 1693 650 1729 liberavi.
708 1693 836 1744 Atque

176 1751 256 1800 ipsa
298 1748 532 1786 Scholiastae
562 1750 756 1785 annotatio
787 1748 836 1785 ad

176 1807 371 1857 Apollonii
391 1805 574 1853 Rt10d.11,
597 1808 672 1846 99:
697 1802 836 1858 σιγύν-

177 1878 273 1909 νους
306 1864 370 1911 [in
399 1865 482 1913 ipso
512 1864 708 1913 Apollonii
728 1870 837 1899 textu

177 1920 391 1956 secuudum
409 1921 585 1957 meliores
600 1921 713 1956 libros
733 1933 836 1955 nunc

178 1976 326 2014 editum
345 1972 550 2028 σιγύνους]
589 1974 631 2014 δὲ
649 1979 839 2015 καλοῦσιν

179 2033 222 2072 οἱ
251 2030 426 2083 Κύπριοι
446 2031 492 2072 τοὶ
517 2029 700 2072 οἷκὸντια·
726 2030 839 2072 ἄλλοι

180 2088 222 2128 δὲ
242 2088 288 2129 τοὶ
314 2089 527 2142 ὁλοσίδηρα
550 2086 711 2129 οἶκόντια
731 2097 768 2127 et
789 2090 838 2127 ad

180 2147 244 2193 IV,
267 2150 371 2188 320:
406 2145 539 2186 ἔστιδὲ
562 2145 629 2185 καὶ
652 2147 839 2199 σίγυννος

181 2199 287 2249 εἶδος
309 2199 490 2253 δόρατος,
521 2200 768 2255 παρώνυμον
781 2207 837 2256 τῷ

181 2259 291 2299 ἔθνει
312 2258 414 2297 haud
437 2262 513 2297 scio
535 2274 582 2296 an
604 2273 653 2296 ex
672 2260 745 2297 hoc
759 2263 841 2297 He·-

180 2316 305 2353 rodoti
325 2318 410 2354 loco
431 2318 677 2368 probabiliter
696 2319 745 2354 sit
765 2317 839 2354 tlu—

181 2380 254 2410 cta.
334 2373 403 2411 Cr.
453 2375 600 2411 confert
640 2373 840 2411 Schoene-

180 2443 313 2466 maun.
336 2431 475 2481 Geogr.
497 2431 726 2481 Argonautt.
749 2444 838 2482 pag.

181 2487 233 2528 51
266 2494 303 2523 et
332 2486 462 2524 Schol.
491 2488 642 2524 Platon.
675 2501 763 2539 pag.
785 2490 838 2529 87

182 2542 242 2579 ed.
263 2542 422 2581 Ruhnk.
483 2543 600 2595 Apud
614 2544 776 2582 Suidam
788 2546 838 2582 T.

181 2600 235 2635 ΠΙ
265 2614 305 2651 p.
335 2603 411 2641 311
446 2602 633 2652 legimus:
682 2598 838 2654 Σιγύνη

183 2654 250 2694 καὶ
273 2654 496 2708 Σιγύνους,
525 2655 572 2697 τὰ
596 2654 740 2709 δόρατα
758 2674 839 2698 πα-

186 2708 236 2761 ροὶ
257 2711 499 2761 Μακεδόσιν,
519 2714 667 2752 duobus
688 2729 736 2752 ex
756 2717 839 2766 epi-

185 2776 396 2816 grammate
415 2771 507 2808 locis
525 2773 747 2810 subiunctis.
792 2773 838 2809 Iu

1560 499 1693 534 explosa.
1738 498 1834 526 ferra

894 619 986 648 nota
1021 611 1200 649 laudatur
1237 613 1267 650 Ι.
1298 612 1455 658 mitius,
1492 614 1557 664 qui

896 669 944 705 ad
964 670 1281 721 GratiiCyneget.
1302 683 1339 720 p.
1365 668 1455 709 142.
1479 670 1557 711 143

898 725 944 762 de
988 725 1100 763 huius
1140 728 1242 764 vocis
1282 725 1558 777 significatione

898 783 1114 834 disputavit.
1154 783 1311 834 Lr'gye5‚
1344 796 1437 834 quos
1449 783 1556 819 Valla

897 839 958 876 hic
990 842 1101 876 vertit
1133 839 1283 886 Poenos7
1307 853 1396 876 cum
1417 841 1456 875 in
1478 853 1556 876 uno

894 899 1066 934 Parisino
1089 896 1174 933 cod.
1215 910 1306 934 sane
1336 903 1456 933 exstet
1485 898 1557 935 Λί-

895 955 1000 1005 βυες,
1014 955 1105 990 olim
1125 954 1345 991 validissimi
1367 961 1404 990 et
1424 954 1470 990 ab
1492 966 1557 989 ora

893 1013 1116 1048 Massiliensi
1125 1013 1424 1062 septentrionem
1443 1018 1558 1062 atque

895 1068 1136 1105 occidentem
1175 1082 1303 1104 versus
1338 1067 1386 1104 ad
1429 1069 1558 1104 Iberos

893 1139 1013 1175 usque
1034 1127 1196 1175 porrecti
1217 1126 1334 1169 fuere,
1367 1124 1488 1161 donec
1498 1138 1556 1161 se-

891 1184 1012 1232 parati
1029 1195 1049 1218 a
1062 1183 1177 1218 Gallis
1191 1190 1226 1218 et
1241 1195 1262 1218 a
1276 1183 1388 1218 Celtis
1399 1180 1555 1232 posthac

891 1241 1013 1288 magis
1021 1241 1217 1290 magisque
1228 1241 1384 1290 repressi
1394 1238 1441 1275 ad
1451 1251 1557 1274 oram

893 1298 1127 1331 maritimam
1144 1309 1163 1331 e
1175 1297 1392 1345 regionibus
1403 1297 1556 1331 interio-

892 1353 1254 1402 ribus'cogerentur,
1284 1354 1351 1388 ubi
1370 1354 1409 1388 in
1430 1351 1558 1388 Pede—-

894 1411 1042 1445 montio
1082 1411 1321 1459 potissimum
1354 1422 1397 1445 ac
1437 1410 1556 1454 Nicia,

894 1473 937 1501 ut
967 1479 1070 1501 nunc
1103 1473 1309 1511 vocantur,
1358 1465 1465 1501 sedes
1496 1473 1556 1501 te-

892 1529 1073 1558 nuerunt.
1115 1522 1226 1558 Oonf.
1258 1520 1430 1558 Niebuhr
1459 1523 1556 1558 Hist.

893 1581 1005 1616 Rom.
1019 1581 1035 1614 I
1048 1591 1135 1630 pag.
1163 1582 1241 1619 167
1265 1592 1344 1630 seq.
1369 1580 1455 1615 coll.
1469 1592 1556 1629 pag.

895 1639 974 1677 173
997 1635 1057 1672 ed.
1078 1635 1235 1672 secund.
1279 1637 1363 1672 Gall
1386 1636 1433 1672 ad
1458 1636 1558 1687 Scy-

892 1706 1032 1729 mnum
1053 1692 1193 1729 Chium
1213 1707 1268 1729 vs.
1290 1695 1370 1733 203
1393 1694 1442 1729 T.
1463 1694 1499 1728 ΙΙ
1517 1706 1557 1743 p.

894 1750 973 1790 351
1009 1763 1088 1801 seq.
1135 1748 1379 1800 (Geograpli.
1408 1750 1556 1798 minu.)

893 1808 943 1843 Et
978 1807 1065 1843 vide
1095 1820 1248 1858 quoque
1279 1806 1423 1843 Herod.
1472 1807 1554 1851 Vll,

898 1864 991 1904 165.
1049 1866 1183 1915 Itaque
1204 1871 1305 1901 recte
1336 1863 1514 1900 dicuntur
1535 1876 1556 1899 a

895 1922 1030 1957 Nostro
1063 1920 1103 1959 οἱ
1130 1917 1215 1958 ἅνω
1246 1918 1348 1970 ὑπὲρ
1390 1924 1555 1959 Μασσα-

894 1978 983 2027 λίης
1017 1976 1235 2024 οἰκέοντες,
1287 1991 1397 2024 cum,
1440 1979 1505 2029 qui
1535 1991 1556 2013 a

894 2037 992 2070 mari
1022 2041 1184 2070 remotas
1214 2033 1321 2070 sedes
1352 2034 1496 2071 habent
1515 2036 1554 2070 in

894 2093 1000 2127 terris
1019 2092 1283 2138 interioribus,
1319 2088 1404 2129 ἅνω
1432 2092 1557 2130 οἰκεῖν

895 2147 1084 2185 dicantur.
1117 2148 1203 2185 Vid.
1225 2155 1322 2185 nott.
1344 2147 1392 2184 ad
1413 2149 1476 2194 IV,
1494 2149 1555 2188 18.

1145 2273 1238 2324 Cap.
1258 2273 1310 2310 X.

951 2373 1028 2421 Ὣς
1042 2373 1084 2413 δὲ
1100 2371 1271 2425 Θρήϊκες
1283 2373 1456 2428 λέγουσι]
1472 2375 1555 2420 Quo

897 2445 947 2468 ex
975 2433 1059 2468 loco
1093 2432 1293 2469 Thracum
1324 2440 1454 2482 gentes
1474 2433 1555 2468 No—

895 2496 1017 2525 strum
1036 2490 1164 2526 visisse
1184 2497 1227 2526 ut
1248 2489 1555 2539 omninoproba-

895 2546 971 2582 bile
1002 2545 1043 2582 fit
1075 2545 1151 2594 (de
1183 2559 1258 2598 quo
1289 2547 1391 2583 couF.
1429 2548 1569 2597 Heyse.

896 2603 1048 2648 Quaest.
1069 2616 1157 2653 pag.
1182 2604 1294 2653 127),
1320 2605 1373 2639 ita
1392 2604 1554 2652 scripto—

893 2661 942 2696 ris
972 2660 1104 2709 religio
1133 2667 1170 2696 et
1198 2661 1239 2696 in
1258 2661 1369 2696 rebus
1397 2666 1554 2710 porten-

894 2717 984 2753 tosis
1005 2716 1223 2753 enarrandis
1243 2728 1394 2753 summa
1428 2715 1552 2751 cautio

896 2775 1047 2824 egregie
1056 2774 1290 2824 perspicitur,
1303 2779 1345 2808 ut
1353 2772 1419 2823 qui
1428 2770 1552 2806 istius—
