1897 3340
380 197 437 237 24
777 185 1232 227 HERODOTI

55 304 329 374 ggzuffisgffisenffi
386 301 678 359 ἐχειρώθησαν
715 299 850 353 ἁρχὴν
885 294 970 339 ὑπὸ
1008 291 1285 348 Μεγαβάζου.
1339 288 1633 372 ἐπειρήθητδὲ

54 376 328 440 ἓῖιὶιέιτιιέᾎιιιιιέῗᾞξξ
358 373 462 414 Quat
490 370 594 419 τούς
623 368 669 410 ἐν
698 370 749 423 τῇ
779 367 908 419 λίμνῃ
941 358 1278 415 κατοικημένους
1307 357 1510 412 ἐξαιρέειν
1539 359 1632 401 ωδε.

56 446 164 500 ξὲζῗθ
189 442 222 465 ²²
246 438 313 466 ¹³¹⁰·
389 439 506 492 ἰκρία
536 436 603 480 ἐπὶ
624 436 821 485 σταυρῶν
845 429 1024 484 ὑψηλῶν
1056 425 1286 482 ἐζευγμένα
1314 425 1362 469 ἐν
1389 426 1496 482 μέσῃ
1517 425 1632 482 ἕστη-

383 520 431 549 κε
459 508 511 562 τῇ
539 505 688 558 λίμνῃ,
718 500 870 543 ἔσοδον
901 497 947 539 ἐκ
975 498 1048 550 τῆς
1077 493 1259 550 ἠπείρου
1289 492 1460 549 στεινὴν
1485 493 1636 548 ἔχοντα
1647 501 1690 535 85

357 575 466 628 3μίῇ
504 569 686 627 γεφύρῃ·
745 565 848 615 τούς
893 563 938 606 δὲ
974 560 1191 615 σταυροὺς
1228 560 1331 612 τούς
1367 559 1636 612 ὑπεστεῶτας

384 645 499 684 τοῖσι
531 638 705 691 ἰκρίοισι
753 633 801 675 τὸ
841 630 920 686 μέν
959 645 1041 672 κου
1080 627 1262 683 ἀρχαῖον
1293 628 1473 683 ἔστησαν
1510 631 1638 685 κοινῇ

358 706 542 755 4πάντες
563 705 605 747 οί
627 704 851 756 πολιῆται·
882 697 986 753 μετὰ
1007 696 1064 748 δὲ,
1094 696 1214 752 νόμῳ
1235 694 1468 750 χρεώμενοι
1496 696 1637 738 ἱστᾶσι

386 774 546 829 τοιῷδε.
577 770 822 824 κομίζοντες
842 765 883 817 ἐξ
904 764 1073 820 οὔρεος,
1104 767 1164 819 τῷ
1186 762 1356 818 οὔνομά
1373 761 1461 805 ἐστι
1477 761 1637 817 ’Ὀρβη-

388 845 475 891 λος,
495 837 602 881 κατὰ
627 839 812 892 γυναῖκα
832 831 1017 888 ἑκάστην
1041 830 1063 874 ὁ
1093 829 1267 886 γαμέων
1286 833 1400 883 τρεῖς
1420 828 1639 882 σταυρούς

361 906 601 960 5ὑπίστησι·
634 902 780 959 ἄγεται
802 900 846 944 δὲ
860 900 1036 950 ἕκαστος
1048 896 1204 952 συχνὰς
1222 901 1446 952 γυναῖκας.
1478 897 1695 940 οίκεῦσι9ο

389 974 435 1017 δὲ
451 975 654 1016 τοιοῦτον
675 968 858 1024 τρόπον·
890 966 1081 1020 κρατέων
1098 965 1275 1015 ἕκαστος
1295 964 1360 1008 ἐπὶ
1378 967 1466 1007 τῶν
1488 965 1639 1020 ἰκρίων

335 1147 548 1192 Bisaltiam‚
587 1145 650 1180 ubi
689 1156 789 1179 nunc
828 1142 988 1178 inveniri

333 1201 514 1254 paludem
543 1200 777 1249 Siderocapsa
804 1211 831 1235 s.
867 1197 990 1235 διατε-

335 1260 444 1296 caissi
461 1257 641 1294 scribunt.
701 1255 757 1292 Cf.
779 1252 988 1304 Spanhem.

336 1316 362 1351 l.
382 1315 407 1351 l.
429 1315 611 1350 Gatterer.
632 1325 669 1362 p.
694 1314 784 1351 120.
815 1311 865 1346 At
877 1311 991 1345 Man-

337 1377 489 1406 nertum
519 1370 587 1405 VII
616 1381 655 1418 p.
684 1367 765 1407 495
809 1367 839 1403 si
869 1365 988 1412 audis,

336 1425 549 1469 Herodotus
569 1422 750 1469 confudit,
777 1435 872 1474 quae
891 1423 989 1458 bene

339 1479 585 1519 discernenda
598 1485 733 1524 eraut,
764 1491 852 1514 cum
882 1478 988 1527 palus

337 1538 482 1574 Prasias
513 1549 534 1571 a
562 1535 681 1572 Bolbe
709 1532 846 1584 palude
876 1534 989 1582 longe

340 1593 485 1630 diversa
512 1593 552 1627 in
588 1590 839 1640 superioribus
878 1589 990 1639 Stry-

337 1650 461 1685 monis
491 1647 727 1697 regionibus,
767 1645 834 1681 ubi
863 1646 988 1695 plures

340 1706 413 1742 sint
433 1705 556 1749 lacus,
587 1703 714 1754 quaeri
736 1700 882 1737 debeat.
932 1701 989 1736 Ibi

341 1761 444 1797 enim
463 1759 645 1796 Orbelum
672 1771 762 1804 esse,
793 1758 855 1804 ait,
876 1769 991 1792 mon-

342 1824 419 1853 tem
451 1816 721 1866 propinquum,
754 1811 855 1849 uude
887 1813 991 1863 palos

343 1871 390 1908 ad
402 1872 566 1908 tabulata
578 1869 763 1921 aedesque
775 1875 991 1905 construen-

322 1929 326 1933 “
343 1927 408 1964 das
429 1927 625 1978 petierint,
646 1939 724 1962 non
746 1926 841 1961 mari
861 1925 993 1975 proxi—

343 1996 469 2029 mum,
491 1983 555 2018 ubi
576 1982 693 2019 Bolbe
714 1982 831 2032 palus.
872 1981 995 2025 Quare

345 2041 529 2076 Gatterer.
560 2039 585 2074 l.
617 2039 642 2073 l.
664 2051 701 2088 p.
727 2036 779 2077 24
808 2049 886 2087 seq.
917 2039 996 2076 102

345 2094 536 2144 duplicem
584 2094 765 2129 Orbeliun
815 2093 996 2128 exstitisse

343 2152 471 2196 sumit,
494 2150 653 2185 alterum
665 2161 781 2199 prope
802 2147 997 2198 Philippos

344 2208 545 2256 lacumque
574 2204 722 2251 Bulbos,
767 2217 879 2255 quein
901 2217 997 2239 eun-

346 2261 433 2299 dem
455 2275 521 2312 pro
534 2260 708 2298 Prasiade
722 2258 844 2306 habet,
867 2273 887 2295 a
903 2261 998 2295 mari

346 2331 424 2354 non
455 2319 566 2366 longe
596 2323 808 2363 remotum3
838 2317 997 2351 alterum

346 2375 638 2423 septentrionem
660 2385 786 2408 versus
799 2385 887 2407 cum
902 2373 976 2407 Sco
990 2389 999 2400 π

347 2431 423 2465 mio
457 2436 493 2465 et
532 2430 678 2464 Haemo
720 2427 997 2474 cohaerentem,

348 2484 395 2521 ad
406 2484 650 2521 Macedoniae
671 2483 762 2520 lines
773 2485 998 2534 septentrio-

348 2542 464 2577 nales.
532 2539 740 2576 Larclierus
772 2553 855 2576 eam
890 2540 999 2589 palu-

348 2597 448 2644 dem,
467 2609 562 2647 quae
584 2610 603 2632 a
624 2595 781 2632 meridie
795 2597 893 2631 urbis
906 2594 1000 2631 Phi-

348 2654 537 2703 lipporum
559 2651 785 2698 extenditur,
815 2665 882 2701 pro
907 2651 1001 2688 Pra-

350 2708 445 2745 siade
474 2707 598 2744 habet.
629 2730 681 2735 —
729 2710 771 2743 ln
802 2722 907 2758 seqq.
930 2703 1000 2756 α’ρ-

349 2762 423 2815 χήν
445 2765 542 2801 valet
563 2766 707 2810 omnino,
731 2771 770 2800 ut
791 2765 930 2810 1v‚25,
952 2777 1000 2799 ne

1046 1140 1168 1190 plura.
1218 1138 1346 1189 ἰκρία,
1381 1151 1479 1190 quae
1520 1137 1696 1189 deinceps

1045 1201 1406 1242 commemorantur,
1427 1200 1514 1232 sunt
1533 1194 1699 1232 tabulata

1046 1252 1172 1302 (Nost
1226 1253 1406 1298 Geriiste,
1436 1251 1607 1301 Bretter)
1637 1264 1698 1289 su-

1041 1310 1266 1359 perimposita
1283 1308 1380 1357 palis
1403 1307 1490 1344 altis
1508 1309 1548 1344 in
1570 1311 1699 1345 terram

1047 1365 1185 1416 defixis.
1243 1363 1329 1400 vid.
1357 1370 1453 1400 nott.
1485 1362 1534 1399 ad
1561 1364 1625 1411 IV,
1646 1363 1699 1404 85

1046 1428 1082 1457 et
1103 1419 1189 1457 add.
1202 1418 1366 1457 Nitzsch.
1387 1419 1435 1456 ad
1454 1421 1610 1456 Homer.
1627 1417 1700 1456 od.

1044 1477 1090 1523 V,
1112 1477 1192 1516 :252
1213 1488 1300 1525 pag.
1322 1478 1387 1516 39.
1407 1498 1462 1502 —
1498 1477 1618 1512 Paulo
1638 1477 1702 1511 in-

1046 1533 1159 1568 ferius
1180 1532 1294 1568 verba
1315 1527 1412 1569 κατα
1431 1535 1598 1584 γυναῖκα
1615 1526 1701 1570 ἕκοῖ-

1048 1601 1143 1638 στην
1191 1588 1339 1624 valent:
1395 1600 1460 1637 pro
1491 1599 1702 1638 unaquaque

1048 1657 1174 1690 uxore,
1207 1656 1322 1695 quam
1344 1644 1426 1694 quis
1455 1645 1534 1680 scil.
1554 1646 1595 1680 iu
1614 1657 1702 1680 ma-

1044 1701 1266 1737 trimonium
1287 1699 1401 1736 ducit.
1430 1701 1488 1736 De
1508 1713 1578 1737 usu
1596 1701 1703 1737 verbi

1046 1755 1165 1792 medii
1186 1753 1354 1807 ἅγεσθαι
1372 1756 1473 1794 conf.
1492 1764 1588 1794 nott.
1610 1756 1701 1805 adl,

1047 1813 1113 1853 59.
1135 1812 1198 1859 lv,
1220 1814 1285 1852 78.

1106 1922 1276 1971 κρατέων
1291 1923 1450 1969 ἕκαστος
1462 1943 1514 1951 -
1525 1917 1703 1974 καλύβης

1051 1995 1087 2018 κ.
1110 1996 1140 2017 τ.
1166 1981 1216 2028 L]
1241 1982 1343 2016 Haec
1365 1978 1412 2015 ad
1432 1992 1518 2016 eam
1537 1987 1704 2017 structu-

1051 2050 1154 2083 ram,
1185 2036 1232 2072 de
1253 2049 1327 2088 qua
1346 2035 1527 2072 Matthiae
1548 2037 1615 2073 Gr.
1637 2037 1704 2073 Gr.

1052 2094 1089 2137 ξ.
1111 2095 1191 2132 302
1222 2100 1314 2140 not„
1345 2099 1433 2129 suut
1465 2091 1705 2142 explicanda.

1052 2152 1206 2198 κρατεῖν
1236 2150 1289 2184 nil
1319 2147 1420 2185 aliud
1448 2147 1597 2185 videtur
1627 2161 1706 2186 esse

1052 2206 1124 2240 nisi
1151 2204 1276 2242 habere.
1305 2218 1334 2241 s,
1361 2204 1555 2255 possidere,
1593 2205 1706 2242 domi-

1053 2274 1132 2297 num
1153 2275 1232 2297 esse.
1262 2260 1323 2297 Ad
1345 2268 1613 2311 argumentum
1632 2262 1707 2298 loci

1053 2316 1233 2353 traditum
1245 2319 1470 2367 accepimus,
1485 2316 1582 2354 hauc
1595 2316 1707 2355 aedes

1055 2372 1275 2409 exstruendi
1295 2375 1481 2410 rationem
1510 2375 1571 2410 vel
1591 2372 1707 2410 hodie

1055 2431 1207 2479 reperiri
1237 2429 1338 2479 apud
1368 2430 1549 2467 Cosaccos
1585 2430 1709 2466 Doni-

1055 2499 1117 2521 cos
1132 2514 1140 2530 ‚
1192 2498 1356 2536 quorum
1398 2486 1485 2521 urbs
1533 2487 1708 2536 princeps

1055 2540 1300 2578 Tscherkask
1319 2542 1431 2578 simili
1446 2541 1561 2578 modo
1575 2543 1613 2578 in
1634 2542 1708 2578 ssu-

1055 2598 1116 2632 vio
1152 2596 1282 2647 rapido
1316 2604 1503 2634 exstructa
1531 2611 1609 2634 esse
1629 2598 1707 2634 ser-

1056 2660 1127 2698 tur,
1148 2654 1198 2688 ita
1219 2660 1258 2689 ut
1277 2654 1446 2704 singulae
1474 2653 1585 2690 aedes
1613 2655 1706 2704 palis

1057 2716 1327 2758 supet-structae
1366 2710 1438 2745 sint
1477 2710 1515 2745 in
1547 2711 1705 2747 fluvium

1058 2764 1237 2812 demissis,
1269 2766 1334 2816 qui
1357 2764 1457 2802 haud
1479 2779 1561 2804 raro
1582 2780 1706 2805 exuu-
