1897 3340
0 819 15 846 ι

0 880 8 901 ι

302 785 366 834 51

298 1252 364 1300 52

433 274 517 313 290
830 274 1289 312 MERODOTI

403 377 520 431 3,,ὅίν
548 396 624 435 μιν
652 384 712 436 τῷ
736 381 864 438 ἑτέρῳ
905 383 1072 437 βασιλέϊ
1111 381 1294 426 ἐλθόντα
1334 386 1690 440 συλλαμβάνειν.“

432 448 546 502 ἔλεγε
575 449 621 491 δὲ
649 453 787 492 ταῦτα
816 449 859 501 ἐξ
887 449 1111 506 ἐπιστολῆς
1140 453 1217 506 τῆς
1237 451 1512 506 Δημαρήτου.
1553 457 1691 498 Κλεο-

430 514 562 571 μένης
601 515 672 566 δὲ,
717 515 1066 572 ἀπελαυνόμενος
1111 517 1157 559 ἐκ
1197 519 1272 571 τῆς
1312 518 1510 573 Αἰγίνης,
1550 522 1687 574 εἴρετο

429 582 506 625 τὸν
537 585 674 635 Κρῖον
703 582 729 625 ὅ
768 601 810 626 τι
856 585 899 626 οἱ
936 586 1000 639 εἴη
1037 583 1086 626 τό
1136 582 1322 638 οὔνομα·
1376 582 1400 626 ὁ
1440 586 1487 629 δὲ
1521 586 1571 630 τό
1613 587 1688 631 ε’ὁν

403 649 601 704 4ἔφρασέ
630 651 683 692 οἵ.
725 649 748 694 ὁ
780 651 826 693 δὲ
855 651 1099 706 Κλεομένης
1127 650 1235 704 πρὸς
1266 649 1403 693 αὐτόν
1425 652 1526 708 ἔφη·
1557 653 1688 709 ,ξἨδη
1745 658 1825 702 460
1888 667 1889 670 ’

429 720 540 768 ,,νῦν
570 716 865 771 καταχάλκου,
899 711 932 759 ὦ
960 717 1086 772 Κριὲ,
1130 718 1182 759 τά
1214 717 1364 772 κέρεα,
1401 718 1459 769 ὥς
1488 721 1682 765 συνοισό-
1698 731 1743 764 66

426 799 580 839 ,,μενος
609 781 779 838 μεγάλῳ
809 787 970 841 κακςό.“

1031 782 1104 826 Ἐν
1143 785 1187 827 δὲ
1226 788 1279 840 τῇ
1314 785 1496 842 Σπάρτῃ
1525 793 1686 832 τοῦτον

427 849 506 893 τὸν
536 849 698 905 χρόνον
727 847 960 905 ὑπομένων
977 850 1237 908 Δημάρητος
1268 850 1291 894 ὁ
1317 849 1575 906 ’Λρίστωνος
1606 857 1688 900 διέ-

430 920 557 974 βαλλε
578 915 656 960 τὸν
675 917 937 972 Κλεομένεα,
970 919 1053 962 ἐστὶν
1074 918 1274 974 βασιλεὺς
1295 920 1367 961 καὶ
1397 915 1525 972 οὗτος
1543 927 1687 977 Σπαρ-
1719 962 1722 963 ⁷

428 979 626 1041 τιητέων,
669 985 808 1040 οἰκίης
848 983 894 1027 δὲ
929 990 1004 1042 τῆς
1042 985 1381 1042 ὑποδεεστέρης·
1431 987 1530 1031 κατ’
1583 990 1744 1034 ἅλλοῖο

427 1053 506 1108 μὲν
536 1051 668 1096 οὐδὲν
696 1052 1031 1109 ὑποδεεστέρης,
1062 1052 1147 1096 ἀπὸ
1175 1052 1259 1108 γὰρ
1289 1057 1368 1097 τοῦ
1400 1053 1536 1099 αὐτοῦ
1565 1056 1684 1112 γεγό-

423 1131 549 1162 νασι·
579 1120 688 1162 κατὰ
717 1122 1051 1177 πρεσβυγενείην
1080 1122 1126 1164 δέ
1155 1136 1241 1172 κως
1269 1123 1489 1177 τετίμηται
1516 1127 1685 1179 μᾶλλον

423 1186 452 1243 ἡ
483 1184 803 1240 Εὐρυσθένεος.

504 1255 847 1312 Λακεδαιμόνιοι
865 1253 970 1312 γὰρ,
1001 1253 1310 1312 ὁμολογέοντες
1330 1253 1481 1299 οὐδενὶ
1509 1259 1682 1312 ποιητῇ,

424 1462 545 1515 εἴρετο
565 1458 636 1503 τόν
650 1464 778 1515 Κρῒον
804 1457 829 1501 δ’
847 1476 885 1501 τι
901 1459 944 1500 οἷ
961 1459 1022 1511 εἴη

366 1515 408 1558 τό
446 1516 625 1570 οὕνομα]
668 1519 874 1569 „Suspicor
904 1518 1024 1567 Aegi-

363 1582 496 1612 netam
514 1577 629 1613 istum
649 1575 779 1612 Urium
798 1576 1023 1611 luctatorem

363 1631 499 1680 fuisse,
545 1645 661 1684 quem
691 1631 907 1668 Simonides
937 1642 1023 1666 oar-

363 1689 469 1724 mine
488 1689 769 1725 memoraverit.
811 1688 868 1724 Cf.
890 1685 1022 1723 Schol.

365 1743 414 1780 ad
432 1744 627 1796 Aristoph.
647 1744 745 1782 Nub.
760 1744 879 1784 1359.
899 1744 1022 1778 Acer-

364 1800 414 1837 bo
440 1802 524 1837 ioco
563 1800 746 1837 Herodoti
784 1801 1019 1846 Cleomenes,

364 1869 455 1893 cum
479 1858 665 1908 Aegineta
694 1857 763 1894 sibi
782 1869 925 1893 nomen
942 1869 1020 1891 esse

365 1911 519 1950 dixisset
545 1914 688 1966 Κρίου,
716 1910 794 1964 ’ἤδη
831 1914 908 1950 νῦν
940 1913 1020 1948 aie-

363 1969 454 2017 bat,
484 1966 755 2021 καταχάλκου,
786 1962 818 2007 ὦ
838 1965 942 2019 κριὲ,
972 1964 1020 2006 τὰ

363 2025 496 2077 κέρεα,
527 2026 581 2073 ὥς
597 2021 880 2076 συνοισόμενος
900 2020 1021 2076 μεγά-

364 2084 419 2134 λῳ
441 2085 563 2136 κακῷ.
621 2081 701 2120 Iam
718 2094 810 2118 nunc
830 2085 881 2127 tu,
903 2082 1017 2127 velut,

362 2140 419 2174 vir
446 2141 589 2187 gregis,
618 2141 741 2175 aerata
769 2142 831 2174 tua
846 2137 912 2187 sac
944 2149 1018 2173 cor—

362 2205 454 2240 nua,
477 2196 600 2244 quibus
616 2197 727 2245 possis
744 2194 877 2230 luctari
892 2194 1019 2230 culver-

363 2261 422 2285 sus
442 2261 606 2299 magnum
643 2250 794 2296 malum,
833 2249 923 2298 quod
953 2250 1020 2285 tibi

361 2306 523 2343 imminet.
566 2307 685 2342 Paulo
708 2304 1017 2342 inconsideratius

359 2369 565 2410 negaverat
596 2364 799 2412 Aegineta‚
839 2362 1017 2397 Cleome-

361 2426 452 2454 nem
495 2413 641 2457 ου’ὁένα
687 2416 796 2464 ἄξειν
831 2418 1016 2467 χαίροντα

359 2474 630 2524 Αἰγινητέωνε
674 2473 816 2510 dictum
837 2473 1016 2523 indigna-

360 2535 441 2576 tus,
473 2544 519 2566 ex
550 2531 678 2580 Κρίου
704 2532 859 2565 nomine
891 2536 1015 2580 captat

361 2583 528 2622 hominis
549 2586 727 2623 irridendi
760 2599 825 2622 rex
856 2587 1012 2636 Sparta—

360 2654 431 2679 nus
452 2645 714 2689 occasionem3
746 2649 857 2693 atque
888 2656 929 2678 ea
953 2643 998 2679 ‹ii-

361 2698 432 2745 cit,
455 2712 552 2750 quae
574 2701 612 2735 in
633 2700 710 2736 veri
732 2700 893 2735 nominis
914 2701 1012 2735 arie-

358 2761 438 2792 tem
450 2756 752 2806 petulantiorem‚
768 2752 879 2805 κριόν
898 2751 1012 2794 ‹iosa-

356 2808 552 2862 γόκερων,
584 2811 657 2848 dici
686 2818 879 2863 poterant,
907 2814 1010 2849 cuius

357 2869 547 2918 protervia
592 2869 699 2908 brevi
736 2868 972 2906 refutaretur.
984 2870 1009 2890 “

1089 1459 1176 1497 Val
1189 1459 1236 1497 cle
1248 1472 1308 1498 en.
1337 1458 1516 1498 adficiens
1535 1460 1658 1498 simile
1673 1460 1738 1498 ci-

1081 1519 1226 1554 ceronis
1247 1515 1391 1554 dictum
1409 1518 1449 1553 iu
1469 1518 1646 1566 Verrem,
1675 1519 1739 1555 oui

1079 1587 1101 1609 e
1120 1575 1277 1610 nomine
1296 1576 1406 1611 verris
1424 1574 1608 1612 iuvidiam
1628 1586 1737 1611 crea-

1078 1636 1147 1670 ret.
1205 1632 1248 1666 In
1269 1630 1373 1668 Verr.
1395 1631 1445 1677 Π,
1475 1633 1530 1671 78
1559 1631 1647 1668 coll.
1672 1631 1737 1679 IV,

1077 1686 1145 1726 25.
1166 1683 1236 1735 43,>
1249 1686 1319 1722 alia
1338 1685 1397 1723 his
1421 1688 1590 1736 gemina.
1610 1688 1736 1723 Hero-

1078 1741 1189 1778 dotea
1219 1755 1372 1794 quoque
1404 1743 1525 1795 θεὴ
1561 1741 1735 1781 Eustath.

1077 1798 1125 1834 ad
1137 1800 1344 1850 Dionys.51
1357 1802 1390 1846 l,
1404 1796 1615 1851 eademque
1626 1812 1736 1836 com—

1076 1855 1210 1902 mode,
1262 1861 1418 1891 notante
1449 1854 1529 1903 Cr.,
1563 1856 1736 1906 Apostoli

1052 1911 1197 1947 ‘verbis
1223 1911 1262 1946 in
1290 1912 1408 1962 Epist.
1439 1910 1489 1948 ad
1519 1913 1639 1950 Galat.
1669 1913 1735 1961 lV,

1075 1968 1128 2008 25
1161 1966 1331 2004 adhibuit
1362 1969 1520 2017 Borger,
1549 1970 1590 2004 iu
1618 1969 1731 2006 Com-

1074 2030 1192 2060 meut.
1222 2037 1259 2074 p.
1283 2026 1376 2064 309.
1433 2024 1508 2060 Pro
1539 2021 1731 2076 καταχᾶλ-

1074 2094 1148 2118 που
1181 2080 1316 2129 Steger
1345 2081 1511 2130 reposuit
1542 2083 1731 2133 καταχαλ-

1074 2138 1162 2182 κοῦ,
1192 2143 1233 2171 ut
1253 2138 1299 2172 sit
1318 2137 1491 2173 medium
1506 2138 1666 2176 verbum
1679 2135 1729 2175 ad

1073 2189 1122 2230 τοὶ
1146 2190 1259 2243 κέρεα
1280 2200 1465 2242 spectans.

1313 2250 1403 2298 Cap.
1427 2249 1490 2286 LI.

1131 2302 1335 2355 διέβαλλε]
1367 2307 1449 2341 Hoc
1469 2305 1618 2355 reposui
1637 2317 1728 2343 cum

1073 2359 1290 2410 Schweigh.
1325 2368 1361 2396 et
1393 2362 1509 2398 Gaisf.
1551 2374 1620 2412 pro
1650 2360 1726 2400 διέ-

1070 2417 1178 2467 βαλε.
1237 2419 1293 2453 De
1315 2419 1418 2453 verbi
1451 2418 1726 2468 significatione

1070 2476 1169 2510 conl'.
1182 2472 1228 2509 ad
1244 2475 1349 2519 V‚35
1370 2480 1511 2515 notata.
1526 2495 1581 2501 —
1601 2475 1727 2520 Quam

1070 2529 1282 2566 Herodotus
1313 2532 1371 2567 hic
1401 2530 1490 2567 dicit
1509 2531 1726 2582 πρεσβυγε-

1834 2564 1835 2576 ,

1069 2588 1192 2636 νείην,
1214 2588 1416 2624 Pausanias
1438 2588 1502 2634 111,
1523 2589 1546 2627 3
1561 2588 1597 2632 §.
1619 2590 1726 2629 8vo-
1786 2605 1791 2612 ·
1834 2591 1835 2600 ¹

1070 2646 1167 2679 cavit
1188 2644 1420 2695 πρεσβείην,
1455 2644 1479 2681 i.
1503 2656 1535 2678 e.
1557 2643 1724 2692 dignita-

1070 2704 1134 2735 tem
1168 2703 1309 2736 senioris
1336 2701 1414 2736 sive
1453 2702 1596 2736 maioris
1618 2703 1723 2736 natu.

1069 2758 1179 2793 Cous.
1210 2756 1367 2793 Siebelis
1391 2754 1439 2792 ad
1471 2754 1510 2793 h.
1530 2756 1556 2793 1.
1585 2769 1624 2807 p.
1657 2757 1722 2796 10.

1294 2813 1385 2862 Cap.
1405 2813 1487 2848 LII.

1122 2867 1401 2922 ὁμολογέοντες
1431 2863 1569 2909 ου’δενὶ
1604 2881 1722 2918 ποιη-
