1897 3340
328 239 332 243 ᾗ
368 193 451 233 :m

764 190 1224 229 HERODOTI

370 298 449 342 τὸν
481 301 633 351 Πᾶνα,
672 298 936 357 Ἀθηναίοισι
966 302 1165 342 κελεῦσαι
1205 297 1480 353 ἀπαγγεῖλαι,
1521 297 1631 340 διότι

373 366 540 410 ἑωυτοῦ
571 364 777 422 οὐδεμίαν
797 367 1041 423 ἐπιμέλειαν
1070 369 1307 417 ποιεῦνται,
1335 364 1482 415 ἐόντος
1501 365 1689 408 εὔνουὲο

367 433 649 490 Ἀθηναίοισι,
682 434 755 478 καὶ
783 439 975 491 πολλαχῆ
1001 435 1241 490 γενομένου
1270 435 1353 488 ἤδη
1382 433 1507 488 σφίσι
1535 448 1634 488 χρη-

343 504 529 558 4σίμου,
568 500 621 545 τὰ
662 500 704 545 δ’
745 502 807 545 ἔτι
847 503 920 546 καὶ
963 502 1187 558 ἐσομένου.

1256 501 1344 544 Καὶ
1382 504 1518 543 ταῦτα
1555 499 1635 554 μὲν

366 567 614 626 Ἀθηναῖοι,
645 569 950 613 καταστάντων
981 571 1104 624 σφίσι
1133 563 1181 612 εὖ
1211 569 1295 625 ἤδη
1325 572 1413 612 τῶν
1441 566 1633 624 πρηγμά-

370 654 483 689 των,
513 635 816 688 πιστεύσαντες
844 635 958 680 εἶναι
989 635 1164 694 ἀληθέα,
1196 635 1433 693 ἱδρύσαντο
1463 634 1552 679 ὑπό
1583 638 1636 692 τῇ

369 704 584 759 ἀκροπόλι
619 702 772 755 Πανός
813 704 935 759 ἱρὸν,
979 705 1053 748 καὶ
1092 703 1228 748 αὐτόν
1258 702 1344 746 οἷπὸ
1374 702 1532 760 ταύτης
1560 707 1688 759 ”59²⁵

369 772 562 827 ἀγγελίης
589 772 772 828 θυσίῃσι
800 771 1010 830 ἐπετείῃσι
1038 772 1111 815 καὶ
1140 773 1334 827 λαμπάδι
1365 771 1630 816 ἱλάσκονται.
1689 771 1769 812 487

209 836 308 881 106
373 843 478 883 Τότε
511 839 556 883 δὲ
584 839 798 895 πεμφθεὶς
825 839 914 883 ὑπὸ
945 843 1032 882 τῶν
1063 843 1315 896 στρατηγῶν
1346 839 1369 883 ὁ
1406 840 1631 883 Φειδιππί-

6 892 7 899 ’
38 900 183 934 Spartani
207 909 225 927 a
243 899 313 927 Phi-

16 976 17 980 ,
41 933 165 970 duppida
177 934 215 961 ad
225 934 305 962 auxi-

316 1163 476 1211 Gregor.
508 1160 596 1197 Cor.
625 1159 682 1195 De
714 1158 803 1196 dial.
829 1160 913 1195 lon.
935 1159 975 1204 §-

315 1222 364 1258 71
388 1231 427 1268 p.
458 1215 540 1258 480
569 1215 746 1264 Schaefi,
789 1217 975 1267 probante

316 1273 519 1320 Lai-chero,
550 1273 694 1310 restitui
712 1273 795 1310 vult
815 1268 976 1312 εὐνόου.

315 1330 390 1367 Pro
412 1341 484 1380 σφι
496 1328 584 1367 dedi
599 1342 689 1367 cum
701 1327 922 1380 Schweigh.
938 1334 976 1365 et

317 1386 434 1424 Gaisf.
471 1380 599 1436 σφίσι.
658 1385 770 1432 Quod
807 1387 977 1438 sequitur

317 1440 364 1482 τὰ
387 1438 433 1491 δ’,
463 1444 529 1479 ubi
571 1456 651 1480 non
688 1445 890 1495 praecessit
928 1438 976 1481 τοὶ

319 1498 403 1551 μὲν,
425 1501 548 1549 attigit
566 1498 749 1536 Matthiae
769 1501 837 1536 Gr.
858 1500 924 1537 Gr.
937 1511 976 1549 p.

320 1558 402 1596 579
425 1557 462 1601 ξ.
484 1557 565 1596 288
590 1563 671 1593 not.
692 1555 731 1595 4.

376 1629 656 1674 καταστάντων
680 1634 794 1683 σφίσι
823 1627 868 1673 εὖ
897 1630 977 1683 ἤδη

319 1694 398 1730 τῶν
438 1687 707 1742 πρηγμάτων]
758 1691 784 1728 i.
813 1703 848 1728 e.
879 1691 979 1726 rebus

320 1750 402 1785 hene
424 1749 635 1785 constitutis.
691 1746 842 1784 Eodem
861 1745 978 1783 modo

321 1808 455 1841 Noster
472 1805 554 1852 VII,
579 1806 658 1845 132
678 1804 765 1843 coll.
789 1803 881 1844 158.

379 1889 593 1945 ἱδρύσαντο
612 1890 692 1933 ὕπὸ
711 1895 760 1948 τῇ
787 1887 979 1944 ἀκροπόλι

326 1948 464 1996 Πανός
500 1947 616 2000 ἱρὸν]
656 1951 740 1987 Hoc
767 1949 883 1986 Panis
921 1949 982 1986 fa.-

324 2020 419 2043 num
448 2005 639 2058 hodieque
669 2012 884 2043 monstrant
911 2005 981 2042 sub

323 2066 402 2113 ipsa
433 2076 518 2100 arce
546 2064 661 2099 situm
682 2061 785 2099 haud
804 2063 919 2112 longe
934 2062 982 2098 ab

325 2120 491 2169 angustis
511 2118 701 2170 gradibus,
724 2119 859 2171 quibus
880 2131 901 2154 a
922 2131 983 2155 se-

326 2176 539 2225 ptentrione
560 2174 609 2212 ad
621 2188 748 2212 arcem
762 2173 983 2211 escendunt.

326 2233 426 2276 Quin
447 2233 534 2281 ipsis
553 2233 591 2267 in
613 2232 739 2268 numis
756 2231 830 2267 hoc
850 2232 984 2266 sanum

327 2295 541 2338 comparet,
572 2286 619 2323 de
641 2300 716 2338 quo
737 2288 844 2338 plura
865 2288 984 2323 Kruse

328 2344 453 2380 Hellas
473 2346 520 2391 11,
544 2346 563 2382 1
587 2356 675 2393 pag.
702 2345 777 2382 119
788 2356 893 2394 seqq.
916 2343 984 2381 Cr.

328 2400 376 2437 de
410 2398 483 2437 hoc
522 2401 683 2436 sacrario
723 2400 869 2436 consuli
906 2399 986 2437 vult

329 2457 472 2494 Stuart.
506 2457 545 2492 in
576 2457 734 2507 Antiqq.
764 2454 904 2492 Athen.
940 2457 984 2494 P.

330 2515 363 2549 ll
384 2527 422 2563 p.
438 2512 518 2554 248
532 2526 628 2553 vers.
641 2525 812 2562 german.
829 2514 987 2559 (Darni-

331 2568 426 2607 stad.
450 2569 586 2617 1828).
637 2571 720 2605 linc
742 2581 895 2620 quoque
906 2582 988 2619 per-

332 2628 426 2663 tinet
454 2626 611 2662 scoliam
639 2626 677 2661 in
707 2624 768 2662 dei
805 2624 989 2663 honorem

334 2689 415 2733 post
425 2695 593 2732 pugnam
604 2679 882 2718 Marathoniam
896 2695 988 2718 ean-

304 2769 305 2772 ,
333 2746 454 2775 tatum
483 2737 584 2788 apud
602 2738 742 2775 Athen.
772 2739 855 2786 XV,
879 2738 926 2778 14
950 2753 986 2789 p.

333 2794 412 2835 694
433 2797 476 2834 D.
502 2791 717 2846 (Analectt.
750 2802 838 2832 vett.
869 2802 984 2846 poett.

373 911 449 964 δης
491 903 641 959 οὗτος,
691 906 760 950 ὅτε
790 905 868 961 πέρ
901 909 943 951 οἱ
971 908 1053 964 ἔφη
1074 907 1146 950 καὶ
1176 906 1253 950 τόν
1280 910 1409 950 Πᾶνα
1429 910 1634 963 φανῆναι,

1032 1160 1048 1194 1
1069 1171 1108 1208 p.
1131 1158 1223 1198 156.
1243 1157 1330 1194 VIII
1350 1157 1402 1194 Τ.
1423 1158 1441 1194 1
1459 1170 1500 1208 p.
1523 1158 1576 1198 89
1596 1157 1691 1207 Iac.)

1033 1220 1071 1251 et
1108 1214 1301 1265 inscriptio
1340 1211 1454 1251 Panis
1491 1220 1637 1251 statuae
1671 1227 1693 1250 a

1034 1269 1234 1308 Simonide
1253 1271 1353 1307 facta
1374 1267 1482 1320 (ibid.
1503 1272 1521 1307 I
1539 1284 1576 1321 p.
1599 1273 1695 1311 131.

1034 1328 1199 1365 XXVIII
1229 1328 1280 1364 T.
1309 1328 1327 1362 1
1358 1340 1397 1378 p.
1429 1329 1482 1368 63
1511 1328 1586 1364 lac.
1607 1327 1694 1364 coll.

1033 1385 1086 1421 ΙΙΙ
1105 1398 1143 1434 p.
1173 1383 1255 1424 205
1285 1383 1471 1420 CCLXIV
1499 1385 1577 1421 sive
1610 1384 1696 1420 An-

1033 1439 1179 1492 tholog.
1191 1441 1274 1477 Lib.
1287 1440 1339 1477 IV
1358 1454 1397 1491 p.
1411 1440 1609 1488 1721ao.).
1635 1439 1696 1478 Ad

1035 1493 1267 1536 ἱλάσκονται
1286 1497 1389 1534 conf.
1410 1497 1455 1545 V,
1477 1496 1543 1538 47.
1563 1496 1629 1545 IV,
1656 1499 1696 1537 7.

1038 1554 1125 1591 coll.
1165 1554 1230 1600 VI,
1271 1556 1338 1593 69.
1387 1554 1492 1590 Voce
1518 1549 1697 1604 λαμπάδι

1035 1609 1224 1646 iudicatur
1245 1608 1273 1660 ἦ
1290 1609 1605 1660 λαμπαδηφορία
1626 1608 1697 1650 ε.ό

1036 1666 1316 1717 λαμπαδοῦχος
1335 1662 1457 1720 α’γιὲν,
1486 1667 1591 1703 cuius
1612 1680 1697 1703 cre—

1036 1723 1104 1760 bro
1141 1722 1184 1759 fit
1211 1723 1357 1759 mentio
1386 1723 1427 1758 iu
1463 1723 1696 1760 salomnibus

1037 1777 1266 1831 quibusdam
1302 1777 1616 1827 Atheniensium,
1654 1780 1697 1816 in

1037 1835 1226 1873 honorem
1243 1835 1406 1872 Vulcani
1417 1865 1428 1884 ,
1462 1834 1698 1884 Promethei,

1037 1892 1176 1940 Panis,
1207 1893 1402 1930 Minervae
1434 1899 1550 1944 atque
1581 1893 1698 1929 etiam

1038 1951 1195 1996 Dianae,
1207 1949 1342 2001 quibus
1353 1949 1574 1986 numinibus
1585 1950 1698 2000 igne-

1040 2019 1104 2042 am
1126 2004 1321 2057 quandam
1349 2006 1430 2042 vim
1451 2018 1493 2042 ac
1510 2005 1697 2043 sideream

1040 2062 1318 2112 coelestemque
1338 2062 1412 2098 coli
1431 2075 1546 2098 nemo
1566 2063 1698 2099 nescit.

1039 2120 1096 2155 Λο
1124 2119 1280 2154 iuvenes
1306 2119 1345 2153 in
1374 2118 1439 2154 tali
1464 2119 1559 2155 sesto
1587 2132 1699 2156 cursu

1041 2175 1235 2211 certabant
1271 2186 1390 2210 manu
1428 2182 1616 2224 gestantes
1646 2176 1699 2212 sa-

1041 2244 1125 2268 cem
1147 2243 1357 2278 accensam,
1378 2243 1476 2282 quae
1495 2245 1544 2268 ne
1564 2232 1699 2283 inipso

1042 2300 1153 2325 cursu
1185 2288 1508 2336 exstingueretur,
1529 2290 1698 2325 maxima

1041 2344 1267 2380 certantium
1288 2344 1357 2379 suit
1378 2357 1479 2380 cura.
1537 2346 1602 2382 Tu
1622 2344 1700 2383 vid.

1043 2400 1280 2450 potissimum
1319 2400 1569 2438 Broendsted.
1599 2403 1697 2441 Reis.

1042 2471 1082 2493 u.
1098 2454 1430 2508 Untersuchungg.
1447 2459 1481 2493 11
1501 2470 1588 2508 pag.
1606 2462 1699 2505 290,

1044 2513 1107 2550 ubi
1130 2512 1335 2550 Herodotei
1350 2527 1505 2566 quoque
1521 2516 1594 2552 loci
1614 2528 1699 2551 me—

1047 2571 1171 2609 minit.
1215 2571 1289 2606 Cr.
1311 2579 1502 2621 praeterea
1537 2572 1700 2608 conferri

1046 2628 1138 2673 vult,
1160 2639 1258 2679 quae
1277 2628 1316 2664 in
1337 2629 1514 2679 Praepar.
1539 2626 1588 2665 ad
1606 2629 1700 2665 Plo-

1044 2684 1112 2721 tin.
1134 2686 1190 2720 De
1210 2684 1360 2735 pulerit.
1387 2699 1425 2736 p.
1455 2685 1601 2722 XXVII
1621 2698 1700 2736 seq.

1045 2748 1081 2777 et
1111 2740 1212 2791 apud
1244 2740 1384 2778 Herod.
1416 2742 1523 2788 wll,
1555 2743 1608 2782 98
1629 2755 1700 2778 ex-

1043 2804 1152 2834 stant.

1857 1146 1868 1539 g———.-—-.‚-n-,
1862 1092 1864 1099 ⁴
1862 1068 1864 1083 st
1862 1042 1864 1054 -
