1897 3340
43 847 106 891 19

533 196 944 237 POLYMNIA.
1004 196 1111 232 vll.
1367 200 1447 238 471

182 309 257 361 ,,ἐκ
296 313 377 353 τοῦ
411 313 524 353 θεοῦ
553 304 825 363 πεμπόμενα,
855 306 1053 361 ’χρῆσθαι
1083 303 1131 347 δὲ
1159 303 1308 346 κέλευε
1337 308 1451 347 τοῖσι

182 378 254 429 ,,ἐκ
307 377 380 421 σέο
418 377 630 431 πρώτοισι
671 366 1037 428 προειρημένοισι
1082 370 1125 422 ἐς
1183 371 1263 426 τὴν
1312 387 1451 425 παρα-

180 444 393 501 ,,σκευήν·
431 445 548 488 ποίεε
578 443 624 486 δὲ
655 439 794 493 οὕτω,
833 439 968 490 ὅκως,
1007 442 1089 482 τοῦ
1123 441 1233 482 θεοῦ
1272 441 1507 492 noceam-80

153 511 378 565 7,,δόντος,
408 515 497 554 τῶν
519 512 611 553 σῶν
631 506 822 564 ἐνδεήσει
850 506 1028 564 μηδέν.“
1063 504 1244 550 Τούτων
1273 507 1447 563 λεχθέν-

178 597 291 633 των,
340 580 533 623 ἐνθαῦτα
580 575 842 631 ἐπαρθέντες
891 580 945 632 τῇ
991 573 1112 626 ὄψει,
1152 572 1210 626 (ὃς
1238 574 1376 631 ἡμέρη
1406 575 1445 619 ἐ·

177 648 322 702 γένετο
351 645 549 701 τάχιστα,
580 644 742 700 Ξέρξης
770 660 815 688 τε
843 642 1125 699 ὑπερετίθετο
1165 646 1303 687 ταῦτα
1335 643 1448 697 Πέρ-

177 725 300 770 σῃσι·
339 713 430 756 καὶ
463 710 756 768 Ἀρτάβανος,
806 710 856 763 ὂς
892 712 1109 768 πρότερον
1149 709 1447 756 ἀποσπεύδων

174 785 339 837 μοῦνος
368 779 583 835 ἐφαίνετο,
615 779 711 824 τότε
742 781 1018 825 ἐπισπεύδων
1051 779 1248 837 φανερὸς
1280 775 1350 836 ἦν.

252 847 512 907 Ὡρμημένῳ
542 849 589 892 δὲ
619 850 757 907 Ξέρξῃ
789 848 1140 905 στρατηλατέειν,
1173 848 1279 906 μετὰ
1308 850 1445 891 ταῦτα

169 917 290 973 τρίτη
320 916 420 967 ὄψις
449 916 497 960 έν
524 920 585 975 τῷ
611 916 736 977 ὕπνῳ
767 917 958 975 ἐγένετο,
988 917 1069 974 τήν
1099 919 1143 961 οἱ
1161 918 1293 972 μάγοι
1324 917 1441 971 ἔκρι-

139 1059 263 1095 Ξσειν
301 1052 346 1096 τέ
377 1055 422 1096 οἱ
451 1053 619 1106 πάντας
658 1053 940 1110 ἀνθρώπους.
999 1053 1026 1110 ἡ
1059 1053 1105 1096 δὲ
1136 1055 1237 1105 ὄψις
1267 1048 1322 1110 ἦν
1351 1054 1441 1110 ἥδε·

166 1120 313 1164 ἐδόκεε
346 1120 370 1165 ὁ
402 1121 566 1180 ,Ξέρξης
594 1121 930 1180 ἐστεφανῶσθαι
958 1121 1104 1179 ἐλαίης
1133 1126 1310 1178 θαλλῷ·
1356 1120 1499 1165 άπὸθο

168 1190 214 1233 δὲ
244 1193 319 1246 τῆς
341 1189 482 1248 ἐλαίης
512 1190 618 1243 τούς
649 1190 841 1243 κλάδους
868 1195 952 1249 γῆν
970 1196 1118 1234 πᾶσαν
1135 1190 1335 1246 ἐπισχεῖν·
1366 1206 1440 1246 με-

168 1255 221 1300 τὰ
264 1258 337 1310 δὲ,
396 1257 704 1316 ἀφανισθῆναι
759 1260 859 1315 περὶ
907 1263 963 1317 τῇ
1010 1263 1183 1316 κεφαλῇ
1234 1260 1440 1314 κείμενον

137 1324 250 1370 3τόν
288 1325 521 1381 στέφανον.
580 1326 844 1382 Κρινάντων
884 1327 930 1372 δὲ
968 1327 1106 1383 ταύτῃ
1136 1330 1225 1371 τῶν
1272 1326 1440 1382 μάγων,

168 1396 377 1447 Περσέων
408 1410 453 1438 τε
481 1398 571 1438 τῶν
600 1397 926 1452 συλλεχθέντων
954 1394 1114 1440 αὐτίκα
1144 1398 1231 1446 πᾶς
1259 1393 1372 1451 άνήρ
1395 1394 1440 1446 ἐς

164 1460 246 1519 τήν
285 1460 421 1521 ἀρχὴν
449 1463 528 1519 τὴν
569 1463 741 1508 ἑωυτοῦ
771 1463 1010 1517 ἀπελάσας,
1050 1461 1135 1521 εἶχε
1177 1465 1495 1520 προθυμίην95

163 1666 268 1717 ’ὅκως
291 1673 366 1710 τοῦ
394 1673 498 1710 θεοῦ
520 1667 769 1724 παραδιδόν-

104 1742 185 1776 τος,
215 1730 294 1767 τῶν
317 1730 402 1767 σοῖν
421 1725 601 1779 ἐνδεήσει
622 1726 767 1780 μηδὲν]

103 1785 132 1822 i.
153 1798 189 1821 e.
231 1787 287 1822 ita
323 1787 397 1822 iam
427 1797 514 1833 age,
554 1789 617 1833 ut,
662 1799 768 1836 quum

107 1842 194 1879 deus
210 1839 322 1893 (haec
341 1841 434 1888 tibi)
460 1844 655 1891 permittat,
677 1842 769 1878 nihil

106 1897 199 1948 quod
215 1911 239 1935 a
256 1902 288 1935 te
296 1890 540 1948 postularit&
560 1899 766 1948 proficisci)

101 1957 214 2006 possit
234 1954 461 1992 desideretur.
492 1955 567 1991 Ubi
588 1968 655 2006 pro
678 1955 771 1997 olim

103 2013 209 2062 vulg.
224 2007 392 2065 ε’νδεήσῃ
405 2041 414 2059 ,
435 2024 538 2048 nunc
559 2025 580 2049 e
600 2013 770 2063 pluribus

101 2068 216 2106 codd.
238 2070 320 2106 iure
340 2075 536 2119 receptum
567 2067 769 2119 ἐνδεήσειε

105 2123 152 2162 de
182 2138 259 2177 quo
287 2125 416 2163 futuro
448 2125 550 2162 conf.
582 2125 768 2163 Vale-ken.

104 2181 152 2219 ad
171 2181 343 2233 Euripid.
365 2181 562 2222 Phoeniss.
583 2185 635 2223 93
658 2189 695 2220 et
716 2184 768 2220 ci-

104 2245 181 2275 tata
212 2238 259 2275 ad
290 2240 335 2286 V,
363 2241 415 2279 23
437 2239 504 2276 fin.
561 2238 624 2276 Ad
645 2241 767 2291 ipsam

105 2294 338 2331 locutionem
360 2295 463 2332 conf.
482 2297 547 2343 ΠΙ,
573 2295 672 2337 155:
712 2292 764 2347 ἦν

107 2346 162 2399 μή
178 2352 258 2387 τῶν
280 2353 360 2388 σῶν
381 2348 529 2405 δεήσῃε
561 2355 634 2390 nisi
656 2357 695 2390 tu
707 2354 764 2391 ‹le-

107 2408 176 2451 sis,
197 2412 239 2442 ut
260 2406 356 2441 bene
376 2408 487 2443 vertit
507 2407 700 2448 Schaeser.
717 2409 766 2446 ad

105 2463 298 2498 Lambert.
321 2463 406 2498 Bos.
427 2464 484 2498 De
512 2465 647 2515 ellipss.
678 2479 767 2517 pag.

107 2520 201 2559 228.
259 2517 320 2554 Ad
341 2519 456 2555 verba
475 2522 546 2558 τοῦ
565 2524 669 2560 θεοῦ
687 2537 765 2560 πα-

107 2572 341 2625 ραδιδόντος
374 2574 476 2612 conf.
515 2576 560 2621 V,
593 2580 660 2624 67,
699 2579 766 2614 ubi

106 2630 242 2667 eadem
264 2632 417 2668 locutio.
451 2654 501 2659 —
551 2633 643 2669 Mox
665 2633 766 2671 edidi

106 2685 263 2726 τούτων
282 2686 524 2737 λεχθέντων,
553 2689 619 2725 ubi
649 2691 764 2740 vulgo

107 2742 277 2782 τουτέων
314 2743 357 2783 δέ
396 2743 642 2794 λεχθέντων,
662 2746 767 2797 quod

108 2801 169 2836 vel
190 2798 357 2838 Bekker.
377 2801 545 2838 retinuit.
603 2803 661 2838 De
685 2816 768 2841 ver-

825 1673 875 1710 bo
895 1670 1188 1726 ’ὑπερτίθεσθαι
1209 1672 1310 1709 conf.
1327 1679 1424 1710 nott.
1446 1671 1495 1709 ad

824 1730 906 1778 VII,
937 1732 962 1770 8
993 1731 1032 1776 §.
1061 1732 1087 1770 2
1117 1736 1153 1766 et
1174 1728 1222 1765 de
1248 1731 1365 1766 verbo
1397 1725 1495 1769 άπο-

826 1783 1014 1826 σπεύδειν
1036 1793 1133 1823 nott.
1165 1785 1213 1822 ad
1241 1787 1287 1835 V,
1311 1790 1378 1827 17.

1042 1876 1135 1926 Cap.
1160 1876 1272 1913 XIX.

885 1953 1025 2007 φέρειν
1053 1969 1094 1994 τε
1127 1953 1194 1994 ἐπὶ
1227 1956 1364 1993 πᾶσαν
1381 1955 1489 2006 γῆν]

827 2012 853 2049 i.
885 2026 918 2048 e.
949 2016 1202 2062 spectare,
1237 2013 1494 2061 pertinere

828 2069 878 2106 ad
906 2082 1034 2107 omnem
1053 2073 1195 2106 terram.
1243 2069 1302 2104 De
1323 2081 1399 2120 quo
1420 2081 1490 2104 usu

826 2127 932 2163 verbi
942 2124 1203 2176 ‹psspamplura
1215 2137 1306 2162 mon
1312 2139 1374 2161 ere
1385 2123 1490 2162 haud

826 2195 934 2234 opus.
993 2181 1056 2219 Ad
1076 2183 1182 2219 verbi
1213 2182 1348 2221 δοκεῖν
1376 2195 1490 2219 usum

823 2240 919 2277 conf
933 2240 1016 2288 VII,
1049 2241 1101 2280 12
1131 2246 1168 2276 et
1189 2238 1238 2275 ad
1268 2239 1384 2277 verba
1407 2237 1486 2291 ὥρ-

822 2295 985 2351 μημένῳ
1034 2293 1078 2335 δὲ
1105 2317 1162 2323 —
1190 2294 1489 2348 στρατηλατέειν

820 2361 917 2392 nott.
937 2354 986 2391 ad
1010 2354 1092 2400 VII,
1113 2351 1152 2393 4.

880 2407 957 2461 εἶχε
991 2409 1229 2462 προθυμίην
1257 2410 1393 2447 πᾶσαν
1421 2406 1488 2448 ἐπὶ

821 2471 926 2506 τοῖσι
959 2465 1229 2519 εἰρημένοισι]
1284 2464 1487 2515 Schweig-

821 2522 1047 2562 haeuserus:
1098 2523 1258 2560 studium
1292 2535 1408 2570 omne,
1445 2525 1486 2559 ut

822 2581 920 2617 iussa
940 2584 1220 2630 exsequerentur,
1232 2579 1484 2616 adhibuerunt.

821 2637 943 2674 Possis
960 2650 1113 2688 quoque
1128 2635 1286 2673 reddere
1306 2634 1372 2674 ἐπὶ
1382 2637 1484 2673 τοῖσι

821 2690 1087 2742 εἰρημένοισιτ
1109 2696 1297 2743 postquam
1322 2691 1404 2727 haec
1423 2702 1484 2726 rex

822 2749 954 2796 edixit3
993 2756 1035 2786 ut
1071 2750 1112 2786 in
1146 2749 1259 2786 simili
1290 2747 1483 2784 locutione

821 2800 878 2844 ἐπ’
891 2804 1186 2858 ἐξεργασμένοις
1200 2805 1265 2850 IV,
1281 2802 1371 2850 164,
1385 2813 1483 2853 quae

1457 785 1502 820 85

1503 847 1644 876 Tertium
1668 848 1777 878 Xerxis

1502 883 1658 910 somnium.
1684 883 1760 912 Eius

1501 916 1715 951 interpretatio
1735 927 1755 945 a

1498 950 1595 984 magis
1613 950 1696 978 sacta

169 999 254 1026 ναν
293 981 563 1037 ἀκούσαντες
599 986 753 1042 φέρειν
782 1003 826 1030 τε
854 987 925 1030 ἐπὶ
954 988 1101 1029 πᾶσαν
1128 987 1224 1041 γῆν,
1255 984 1440 1030 δουλεύ-
1499 983 1601 1045 gffllffi
1617 989 1696 1054 ἓξὲξ,

1699 961 1776 1013 νὲῗῖ

1871 1010 1881 1027 N
