1897 3340
306 714 374 760 84

105 777 190 805 Unde
207 777 352 813 Spartani

104 811 251 840 insaniam
270 812 359 840 Cleo-

433 267 517 306 342
831 267 1285 304 MERoDoTl

434 378 562 426 λους·
615 374 757 417 ἔπειτα
786 375 832 418 δὲ
870 374 914 426 ἐς
941 375 1044 426 τούς
1074 374 1263 426 δούλους
1302 370 1409 428 ἦλθε
1443 372 1555 430 ἀνὴρ
1586 375 1685 428 μάν-

431 458 494 492 τις
522 441 790 496 Κλέανδρος,
818 443 944 497 γένος
976 442 1059 486 ἐών
1094 443 1304 497 Φιγαλεὺς
1334 441 1407 486 ἀπ’
1444 442 1684 497 Ἀρκαδίης·

433 503 563 560 οὗτος
589 509 693 560 τούς
727 508 914 560 δούλους
951 509 1165 564 ἀνέγνωσε
1205 510 1432 554 ἐπιθέσθαι
1472 513 1584 552 τοῖσι
1624 511 1688 552 δε·
1743 506 1825 548 476

405 575 632 633 Βσπότῃσι.
683 577 729 620 ἐκ
756 577 919 621 τούτου
949 578 994 620 δὲ
1022 576 1209 631 πόλεμός
1238 590 1317 633 σφι
1345 573 1400 633 ἦν
1427 577 1496 620 ἐπὶ
1527 576 1689 632 χρόνον
1700 584 1743 617 71

435 644 615 700 συχνὸν,
646 644 688 695 ἐς
717 643 742 687 ὃ
772 644 824 700 δή
855 644 981 700 μόγις
1013 646 1057 687 οἱ
1080 643 1262 700 Ἀργεῖοι
1291 643 1593 700 ἐπεκράτησαν.

513 711 694 766 Ἀργεῖοι
723 711 802 766 μέν
830 728 914 754 νυν
943 711 1014 755 διὰ
1043 716 1181 755 ταῦτα
1200 711 1444 765 Κλεομένεά
1474 724 1583 768 φασι
1614 729 1690 767 μα-

436 777 563 822 νέντα
584 778 825 822 ἀπολέσθαι
854 783 1010 830 κακῶς.
1071 779 1206 823 Αὐτοὶ
1224 780 1270 823 δὲ
1289 783 1561 837 Σπαρτιῆταί
1583 792 1689 835 φασι

379 954 482 990 enim
512 952 740 990 adiectivum
762 948 935 1004 ἄρθμιος
954 967 1033 991 con-

379 1024 474 1056 cors,
505 1012 649 1057 amicus,
679 1011 759 1056 Vll,
792 1013 884 1051 101.
903 1012 972 1062 IX,
995 1012 1035 1052 9.

379 1069 443 1107 37.
466 1065 645 1116 Theogn.
666 1068 761 1106 326.

434 1141 535 1196 ἀνήρ
593 1141 733 1196 μάντις
779 1143 1033 1195 Κλέανδρος]

378 1201 442 1238 Sic
468 1198 641 1252 ποιητήν
675 1198 801 1252 ἄνδρα
831 1200 926 1238 dixit
945 1202 1035 1237 Ari-

378 1256 501 1307 stoph.
528 1256 766 1308 Thesmoph.
797 1256 875 1298 156
898 1265 934 1294 et
953 1260 1035 1294 He-

379 1313 462 1350 rod.
487 1314 516 1360 Ι,
534 1316 587 1354 62
606 1309 877 1367 χρησμολόγον
896 1311 1036 1365 ἄνδρα,

341 1411 344 1414 ⁴
379 1371 447 1417 ΙΧ,
466 1370 519 1411 75
542 1367 668 1423 ἄνδρα
687 1366 946 1410 πεντάεθλον.
965 1374 1040 1408 At-

380 1440 455 1478 que
475 1427 537 1473 VI,
559 1429 632 1467 92:
678 1422 779 1477 οἷνήρ
811 1423 1037 1479 στρατηγός.

380 1482 492 1520 Unde
510 1485 575 1530 ΙΙΙ,
599 1482 677 1524 125
711 1483 804 1531 (ubi
823 1483 899 1522 vid.
922 1484 1038 1534 nott.)

382 1547 503 1586 erunt,
530 1539 596 1592 qui
613 1540 766 1576 rescribi
783 1541 918 1577 malint
934 1544 1040 1592 Κρο-

378 1592 598 1647 τωνιήτην,
648 1593 776 1647 ἄνδρα
816 1595 953 1647 ἰητρόν
998 1611 1039 1636 τε

378 1649 503 1691 ἐόντα.
562 1652 701 1700 „Haud
721 1654 799 1689 veri
826 1654 956 1690 similis
979 1655 1039 1691 vi-

381 1707 530 1744 debitur
551 1710 793 1745 nonneminis
809 1711 1037 1757 coniectura,

380 1766 556 1814 suspicati
593 1766 873 1802 Mantinensem
926 1767 1039 1803 fuisse

381 1820 614 1858 Cleandrum
629 1851 638 1869 ‚
689 1829 838 1872 patrem
877 1836 966 1859 vero
1003 1829 1040 1859 et

380 1878 543 1914 maiores
553 1876 818 1927 Phigalenses3
854 1880 1041 1930 scripsisse

381 1933 467 1971 ideo
502 1933 739 1972 Herodotum
778 1930 880 1986 ἀνὴρ
917 1938 1036 1974 Μαν-

381 1987 512 2037 τινεύς
539 1989 792 2042 Κλέανδρος,
822 1991 936 2042 γένος
965 1988 1040 2031 ἒών

389 2043 600 2096 Φιγαλεύς.
659 2049 869 2084 Pausaniae
890 2062 928 2099 p.
962 2050 1042 2089 698

384 2103 501 2150 [V111‚
543 2105 595 2142 39
636 2105 672 2149 ξ.
717 2105 766 2152 1]
809 2111 1044 2141 memoratur

385 2154 489 2209 ἀνήρ
501 2156 731 2204 Μαντινεύς
742 2159 968 2211 Κλέανδρος
977 2161 1042 2196 illo

385 2216 500 2264 longe
516 2215 587 2251 fuit
598 2217 797 2263 recentior,
816 2223 918 2252 tutor
929 2217 1042 2268 quip-

387 2284 435 2321 pe
464 2269 821 2321 Philopoemenis.“
877 2272 1040 2309 Valck-

387 2326 472 2364 Vid.
495 2327 596 2364 Plut.
626 2326 867 2379 Philopoem.
900 2333 916 2369 1
951 2329 1043 2381 ibiq.

387 2390 521 2421 notatt.

449 2469 671 2525 Φιγαλεῦς]
704 2475 758 2509 Ita
779 2473 970 2510 Sancrofti
996 2473 1044 2509 li—

390 2530 456 2565 ber
487 2527 661 2575 exhibet,
692 2542 781 2565 cum
811 2530 903 2565 olim
930 2543 1045 2580 prave

393 2592 553 2622 exstaret
563 2587 601 2622 in
615 2584 701 2622 edd.
718 2581 926 2636 Φιγασεύς.
947 2587 1045 2622 Nam

392 2642 492 2678 urbis
504 2641 711 2679 Arcadicae
722 2643 867 2679 incolae
876 2643 1046 2692 plerum-

395 2711 468 2749 que
499 2698 677 2735 dicuntur
711 2700 892 2750 Φιγαλεῖς
922 2698 1046 2749 (apud

394 2759 555 2793 Pansan.
583 2758 629 2803 V,
657 2755 696 2800 5,
729 2754 766 2793 4.
813 2756 911 2801 vul,
932 2755 987 2796 42
1008 2757 1044 2800 ξ.

396 2812 433 2852 4.
454 2811 503 2852 41
528 2814 566 2858 ξ.
587 2811 626 2852 4.
647 2810 701 2852 40
722 2812 804 2848 init.
836 2812 950 2860 alibi)
981 2819 1046 2848 aut

396 2871 553 2915 Φιαλεῖς
568 2867 687 2921 (apud
698 2867 853 2905 Diodor.
868 2868 944 2905 Sic.
957 2869 1040 2915 XV,

1089 951 1166 1000 40,
1194 952 1260 989 ubi
1291 952 1367 989 vid.
1397 954 1647 1004 Wesseling.)
1682 960 1746 989 aut

1094 1005 1278 1060 Φιγάλιοι
1316 1008 1417 1059 apud
1452 1011 1614 1046 Pausan.
1648 1009 1745 1055 Vlll,

1093 1067 1145 1104 12
1161 1066 1198 1110 ξ.
1219 1068 1257 1111 2,
1272 1064 1389 1101 modo
1409 1078 1545 1102 sanum
1565 1068 1610 1102 sit
1638 1065 1745 1104 illud.

1090 1122 1209 1171 Ipsius
1230 1122 1331 1158 urbis
1351 1134 1491 1158 nomen
1506 1123 1673 1172 Φιγαλία
1694 1129 1749 1159 est

1092 1176 1193 1227 apud
1214 1176 1356 1214 Athen.
1377 1180 1445 1225 XI,
1471 1178 1520 1218 14
1540 1193 1579 1229 p.
1600 1179 1681 1220 465
1701 1179 1748 1225 D,

1092 1241 1129 1270 et
1148 1235 1316 1284 pluribus
1337 1234 1438 1284 apud
1450 1236 1679 1272 Pausaniam
1689 1235 1749 1271 lo-

1093 1292 1144 1327 cis
1166 1290 1265 1338 (VII,
1290 1294 1340 1331 17
1362 1292 1445 1338 §.8‚
1467 1292 1534 1328 ubi
1548 1291 1748 1328 conf.Sie-

1093 1347 1186 1384 belis
1206 1359 1293 1397 pag.
1311 1348 1377 1388 51.
1399 1348 1462 1394 VI,
1485 1351 1510 1388 6
1533 1349 1569 1393 ξ.
1594 1352 1630 1388 1.
1650 1349 1750 1395 VIII,

1095 1405 1148 1444 39
1182 1404 1264 1440 init.
1296 1402 1342 1444 41
1374 1405 1408 1449 ξ.
1433 1402 1472 1452 4,
1507 1411 1621 1456 atque
1648 1403 1753 1441 haud

1094 1460 1170 1496 scio
1192 1472 1240 1496 au
1260 1461 1305 1508 V,
1322 1463 1384 1507 18,
1407 1462 1446 1507 2,
1466 1461 1532 1497 ubi
1563 1457 1753 1512 Φιγάλεια

1094 1517 1238 1552 restitui
1264 1515 1448 1565 debeat);
1491 1517 1663 1568 Φιγαλὲα
1689 1519 1752 1554 in-

1094 1574 1244 1609 venitur
1264 1572 1366 1623 apud
1398 1572 1582 1624 Stephau.
1604 1575 1698 1625 ByZ.
1720 1587 1750 1614 s,

1093 1642 1131 1665 v.
1152 1641 1239 1678 pag.
1263 1632 1357 1669 697.
1415 1631 1480 1666 Tu
1511 1631 1657 1666 consul.
1693 1637 1751 1667 et-

1093 1685 1171 1720 iam
1189 1687 1376 1722 Maunert.
1404 1687 1545 1736 Geogr.
1566 1685 1603 1723 d.
1626 1688 1690 1724 Gr.
1712 1700 1750 1725 ιι.

1095 1743 1207 1778 Rom.
1225 1742 1310 1777 VHI
1331 1755 1368 1792 p.
1390 1741 1470 1782 475
1497 1755 1575 1794 seq.
1607 1750 1643 1779 et
1664 1743 1751 1779 Sie-

1095 1798 1200 1833 belis.
1222 1797 1270 1834 ad
1290 1799 1452 1835 Pausan.
1474 1799 1572 1845 VIII,
1593 1801 1645 1839 39
1661 1801 1698 1844 ξ.
1711 1802 1751 1840 3,

1095 1852 1437 1891 Add.Bachmann.
1451 1853 1498 1890 ad
1506 1854 1751 1906 Lycophron.

1095 1909 1305 1946 Alexandr.
1318 1913 1398 1950 212
1410 1923 1497 1960 pag.
1509 1912 1575 1952 58.
1604 1913 1753 1948 Etiam—

1096 1979 1192 2002 num
1213 1979 1310 2018 quae
1339 1968 1619 2018 antiquissimae
1649 1969 1753 2006 urbis

1099 2030 1299 2073 supersunt
1337 2024 1518 2074 reliquiae
1531 2054 1540 2072 ,
1590 2026 1753 2062 ambitus

1098 2080 1231 2129 magni
1262 2092 1347 2115 eam
1366 2079 1479 2116 fuisse
1499 2088 1702 2130 testantur,
1722 2083 1753 2118 si

1100 2134 1256 2186 quidem
1275 2136 1350 2171 illic
1382 2143 1455 2172 tres
1475 2149 1578 2174 nunc
1598 2138 1754 2189 reperiri

1099 2190 1276 2228 dicuntur
1294 2193 1379 2238 vici,
1396 2194 1568 2229 Paulitza
1584 2202 1621 2230 et
1638 2207 1754 2245 supe-

1098 2249 1174 2284 rior
1204 2255 1241 2284 et
1268 2248 1422 2284 inferior
1449 2256 1562 2300 atque
1591 2251 1753 2298 Coritza,

1100 2305 1165 2355 qui
1194 2305 1297 2340 vicus
1317 2306 1510 2355 proximus
1531 2319 1609 2342 esse
1638 2308 1755 2344 fertur

1099 2361 1217 2397 veteri
1236 2361 1318 2396 urbi
1340 2362 1387 2398 ob
1407 2363 1592 2412 Apollinis
1611 2365 1756 2414 Epicu—

1100 2418 1146 2452 rii
1174 2418 1361 2467 templum
1400 2420 1600 2455 recentiori
1634 2426 1756 2457 aetate

1101 2472 1294 2509 detectum
1329 2473 1636 2527 descriptumque
1670 2489 1756 2513 ma-

1099 2531 1204 2565 xime
1224 2531 1374 2580 insigni,
1425 2531 1589 2569 Edocuit
1608 2545 1672 2569 me
1692 2545 1757 2569 ce-

1101 2586 1321 2623 leberrimus
1331 2589 1388 2623 De
1399 2587 1756 2640 Stackelborg.‚quo

1103 2645 1310 2680 accuratius
1343 2657 1459 2681 nemo
1488 2657 1578 2681 sane
1609 2645 1675 2682 has
1696 2658 1757 2682 re-

1102 2700 1232 2749 giones
1252 2701 1500 2750 perlustravit.

1160 2808 1386 2862 ἀνέγνωσε]
1434 2814 1458 2848 i.
1493 2826 1526 2849 e.
1564 2814 1751 2864 persuasit.

1104 2867 1188 2905 Vid.
1214 2881 1325 2919 supra
1346 2870 1408 2915 Vl,
1425 2870 1492 2910 75.

1866 1647 1890 1677 i)

1865 1692 1889 1711 ¹e

1865 1743 1867 1750 v

1866 1759 1867 1771 η

1865 1881 1893 1925 ”ἓ

1865 1937 1887 1955 ¹=

1864 1969 1867 1991 4,
