1897 3340
445 275 528 313 340
846 271 1127 306 HEROI)
1160 271 1302 305 0'1'1

446 378 700 436 ἀπηγόρευε,
729 376 817 432 φάς
835 376 916 421 οὐκ
948 377 1072 421 ὅσιον
1093 376 1203 421 εἶναι
1234 378 1354 432 ξείνῳ
1384 376 1540 420 αὐτόθι
1558 376 1698 420 θύειν.

447 447 470 493 ὁ
502 448 548 492 δὲ
579 445 824 501 Κλεομένης
852 444 931 488 τόν
961 445 1054 500 ἱρέα
1085 444 1247 488 ἐκέλευε
1277 443 1379 494 τοὺς
1415 445 1590 495 εἵλωτας
1612 444 1695 487 ἀπὸ

447 520 527 560 τοῦ
562 516 717 570 βωμοῦ
747 512 995 567 ἀπάγοντας
1022 512 1313 568 μαστιγῶσαι,
1344 511 1417 554 καὶ
1446 509 1580 562 αὐτὸς
1600 511 1698 554 ἔθυ-

315 584 381 629 82
442 596 508 628 σε·
541 579 727 636 ποιήσας
757 580 803 623 δὲ
832 583 990 631 ταῦτα,
1019 577 1143 635 ἆπήϊε
1165 579 1208 630 ἐς
1234 578 1315 634 τήν
1344 576 1570 633 Σπάρτην.
1610 580 1698 621 Νο-

112 649 386 718 ἓξῐζῑῖξᾞηῇῐζῗζι,
444 649 659 706 στήσαντα
689 645 735 690 δέ
775 664 851 702 μιν
878 645 1052 702 ὑπῆγον
1082 648 1126 689 οἱ
1153 647 1304 701 ἐχθροὶ
1341 644 1428 689 ὑπὸ
1468 645 1570 696 τοὺς
1599 644 1700 700 ἐφό-

112 718 370 786 gssffiissnilssffi‘
443 735 569 775 ρους,
609 714 800 771 φάμενοί
836 730 911 770 μιν
951 712 1316 768 δωροδοκήσαντα
1360 711 1442 756 οὐκ
1481 712 1613 756 ἑλέειν
1649 709 1697 753 τὸ
1711 712 1755 752 45

111 786 386 856 fflffiflffbffigg‘g‘
415 787 612 840 ε’Ἀργος,
663 782 828 838 παρεὸν
879 778 1087 832 εὐπετέως
1133 797 1209 837 μιν
1249 780 1368 823 ἑλεῖν.
1440 778 1489 822 Ὁ
1526 779 1572 822 δέ
1620 790 1698 834 σφι

110 858 387 926 2‡'‡¹⁰‹”‚¹i¹iis'1¹‘¹¹a'r
445 854 578 905 ἔλεξε,
616 849 716 893 οὔτε
756 849 793 891 εἰ
831 847 1117 902 ψευδόμενος,
1157 846 1256 915 οὔτε
1287 850 1323 890 εἰ
1353 846 1517 903 ἀληθέα
1547 845 1698 901 λέγων,

111 920 383 983 ξςῗῇἧξᾞζιζζῃῐ
441 922 522 977 ἔχω
555 916 781 974 σαφηνέως
811 913 946 957 εἶπαι·
978 914 1088 966 ἔλεξε
1119 912 1162 956 δ’
1195 916 1258 957 ὠν
1289 915 1484 970 φάμενος
1511 913 1628 965 ,,ἐπεί
1656 928 1700 956 τε

442 988 521 1042 ,,δὴ
551 985 600 1029 τό
631 987 709 1027 τοῦ
729 982 893 1037 ’Ἀργου
923 980 1022 1036 ἱρόν
1052 978 1155 1034 εἷλε,
1187 982 1355 1025 δοκέειν
1385 984 1427 1026 οἱ
1458 979 1700 1035 ἐξεληλυθέ-
1713 985 1758 1019 50

441 1072 542 1108 ,,ναι
569 1052 646 1096 τὸν
675 1048 868 1107 χρησμὸν
894 1052 974 1092 τοῦ
1004 1052 1134 1092 θεοῦ·
1165 1048 1274 1104 πρὸς
1305 1045 1367 1093 ὧν
1397 1052 1532 1093 ταῦτα
1562 1046 1617 1091 οὐ
1643 1049 1702 1091 δι-

443 1125 622 1176 ,,καιεῦν
649 1122 809 1173 πειρᾶν
837 1121 913 1174 τῆς
942 1116 1110 1170 πόλιος,
1141 1118 1247 1172 πρίν
1276 1133 1323 1172 γε
1353 1115 1406 1172 δὴ
1435 1118 1570 1170 ἱροῖσι
1600 1114 1701 1171 χρή-

443 1202 614 1246 ,,σηται,
655 1186 728 1230 καὶ
769 1183 912 1242 μάθῃ,
955 1186 1036 1228 εἴτε
1067 1185 1111 1227 οἱ
1139 1181 1163 1227 ὁ
1197 1183 1302 1235 θεός
1331 1186 1587 1238 παραδιδοῖ,
1618 1185 1701 1227 εἴτε

413 1260 519 1309 3,,οῑ
539 1254 743 1312 ἐμποδών
763 1253 924 1309 ἕστηκε.
954 1250 1297 1308 καλλιερευμένῳ
1320 1252 1365 1294 δὲ
1384 1252 1431 1294 έν
1450 1257 1508 1309 τῷ
1522 1251 1698 1309 ἹΙραίῳ,
1861 1252 1863 1302 j
1882 1248 1897 1299 ζ’

442 1327 515 1378 „gu
544 1327 623 1367 τοῦ
654 1321 900 1378 ἀγάλματος
933 1323 1021 1363 τῶν
1063 1321 1260 1376 στηθέων
1289 1317 1433 1400 φλόγα
1469 1319 1608 1374 πυρός
1638 1319 1756 1361 ἐπι-55

441 1393 654 1458 υλάμψαν
684 1393 843 1446 μαθεῖν
872 1388 918 1432 δε
950 1386 1084 1438 αὐτὸς
1113 1387 1227 1430 οὕτω
1251 1386 1339 1468 τὴν7
1358 1384 1604 1443 ἄτρεκηῖην,
1635 1385 1701 1428 ὅτι

443 1461 552 1513 „mix
583 1456 717 1512 αἷρέει
745 1455 795 1500 τὸ
814 1454 992 1511 Ἄργος·
1037 1457 1074 1498 εἰ
1101 1455 1180 1511 μὲν
1208 1453 1292 1510 γὰρ
1323 1454 1370 1497 ἐκ
1407 1458 1482 1510 τῆς
1508 1456 1702 1536 κεφαλῆς

443 1531 549 1581 ,,τοῦ
581 1524 829 1581 ἀγάλματος
870 1522 1097 1579 ἐξέλαμψε,
1146 1522 1307 1577 αἱρέειν
1337 1522 1391 1566 ἂν
1421 1519 1518 1566 κατ’
1565 1519 1700 1576 ἄκρης

1888 686 1889 702 22
1887 663 1890 673 ν
1883 294 1897 641 mmo—n*-

386 1723 481 1767 272,
510 1719 577 1756 ubi
607 1720 742 1756 similia
775 1717 965 1770 quaedam
984 1718 1042 1754 af-

386 1777 560 1813 feruutur
589 1788 609 1811 e
639 1777 873 1812 Graecorum
896 1776 1045 1825 religio-

386 1834 499 1870 nibus
529 1838 566 1868 et
584 1834 709 1876 sacris,
723 1844 820 1883 quae
841 1845 930 1868 cum
951 1832 1045 1867 alie-

387 1889 534 1939 nigenis
554 1889 830 1925 communicari
848 1888 951 1924 nesus
975 1886 1044 1923 ha-

388 1946 543 1982 bebant.

558 2044 649 2095 cap.
678 2045 877 2082 LXXXII.

445 2132 604 2185 ὑπῆγον
625 2153 680 2162 -
703 2129 787 2172 ’ὑπό
822 2129 916 2177 τούς
948 2127 1047 2180 ἐφό-

389 2190 514 2242 ρους]
562 2191 620 2225 De
648 2190 840 2225 locutione
878 2187 1044 2224 diximus

387 2245 437 2282 ad
465 2246 528 2292 VI,
559 2248 628 2285 72.
693 2243 805 2290 Quod
845 2243 894 2280 ad
928 2256 1043 2294 argu-

388 2308 585 2346 mentum,
624 2301 722 2337 bene
743 2300 831 2337 hinc
864 2301 1044 2350 intelligi-

388 2364 471 2405 tur,
493 2357 611 2408 qualis
630 2358 707 2392 iam
728 2357 790 2393 illst
817 2363 937 2393 aetate
957 2357 1043 2392 sue—

389 2415 438 2450 rit
457 2412 698 2464 Ephororum
719 2420 902 2463 potestas,
923 2413 961 2448 in
982 2426 1044 2448 re-

390 2471 460 2506 bus
473 2470 630 2520 publicis
641 2470 926 2518 Spartanorum,
938 2475 1044 2519 post-

392 2525 508 2562 modo
529 2526 588 2561 vel
608 2527 728 2573 magis
749 2532 856 2561 aucta
870 2555 878 2571 ‚
910 2532 951 2560 ut
980 2525 1045 2575 qui

392 2584 490 2633 ipsos
510 2594 615 2631 reges
636 2588 722 2617 ante
751 2581 913 2617 tribunal
932 2594 1045 2617 suum

391 2650 526 2676 vocare
556 2650 694 2688 eosque
724 2636 1045 2687 comprehendere

392 2701 430 2731 et
449 2694 680 2731 senatoribus
710 2693 757 2729 ad
788 2695 956 2730 solemne
985 2695 1045 2729 iu-

393 2750 535 2787 dicium
546 2749 692 2786 adscitis
712 2749 964 2786 condemnare
973 2763 1044 2800 po-

393 2808 546 2843 tuerint.
590 2807 703 2841 Plura
724 2804 794 2842 hac
816 2805 862 2842 dc
884 2819 923 2841 re
935 2807 977 2842 C.
999 2807 1045 2843 O.

391 2863 538 2899 muller.
558 2863 649 2899 Dor.
666 2863 701 2897 ΙΙ
711 2876 749 2912 p.
763 2865 779 2901 ‘l
792 2865 854 2903 18.
876 2861 1044 2899 Wachs-

1099 1716 1223 1755 muth.
1251 1719 1400 1754 Hellen.
1429 1714 1706 1753 Alterthumsk.
1726 1716 1755 1761 1,

1103 1779 1122 1815 1
1146 1788 1234 1826 pag.
1266 1777 1361 1814 223.
1391 1774 1560 1811 Verbum
1581 1773 1756 1824 δωροδο-

1099 1835 1184 1870 κεῖν
1209 1832 1399 1881 attigimus
1430 1829 1479 1865 ad
1512 1830 1573 1875 Vl,
1594 1832 1661 1876 72,
1692 1829 1756 1864 ubi

1101 1889 1217 1924 etiam
1237 1886 1284 1923 de
1303 1899 1397 1923 voce
1416 1883 1580 1932 παρεόν.

1155 1953 1204 1994 ‘O
1223 1953 1265 1994 δέ
1286 1966 1358 2003 σφι
1378 1951 1497 2001 ἔλεξε]
1548 1953 1652 1998 Quae
1679 1953 1758 2003 ipsa

1101 2012 1270 2062 pluribus
1280 2010 1450 2048 vocibus'
1440 2010 1654 2057 mteriectis,
1665 2021 1759 2045 mox

1103 2074 1326 2123 repetuntur
1365 2066 1487 2102 verbis
1541 2065 1677 2112 ἔλεξε
1717 2060 1759 2104 δ’

1104 2125 1160 2162 ὠν
1181 2138 1211 2173 φ
1223 2120 1247 2162 α’
1261 2139 1287 2173 μ
1300 2137 1316 2161 ε
1328 2136 1380 2160 νο
1392 2137 1423 2168 ς,
1444 2120 1491 2157 de
1512 2135 1575 2173 qu·
1565 2122 1587 2157 ἒι
1607 2119 1757 2158 dicendi

1101 2179 1265 2215 formula
1286 2178 1386 2215 conf.
1410 2178 1472 2223 VI,
1496 2180 1562 2218 67.
1592 2176 1654 2214 Ad
1675 2176 1756 2225 ἐξε-

1100 2238 1195 2285 ληλυ
1203 2234 1317 2273 θέναι
1335 2234 1435 2270 conf.
1446 2240 1539 2270 nott.
1553 2233 1600 2270 ad
1614 2234 1756 2281 VI‚803

1101 2298 1137 2327 et
1159 2290 1207 2327 ad
1229 2292 1406 2329 δικαιεῦν
1427 2291 1488 2336 YI,
1512 2293 1576 2330 73.
1607 2291 1664 2325 De
1684 2301 1756 2325 vo-

1100 2348 1183 2383 cula
1194 2346 1300 2398 πρὶν,
1323 2353 1503 2397 sequente
1513 2347 1754 2382 coniunctivo

1098 2405 1248 2440 monuit
1277 2404 1324 2439 G.
1355 2404 1564 2438 Hermann.
1593 2403 1753 2453 Opuscc.

1099 2460 1150 2496 IV
1170 2474 1207 2510 p.
1233 2462 1322 2505 108,
1352 2459 1575 2509 particulam
1597 2454 1646 2497 ὅίν
1669 2470 1754 2494 eam

1101 2517 1149 2552 ob
1172 2528 1323 2552 causam
1334 2515 1458 2551 omitti
1478 2513 1629 2562 docens,
1650 2513 1753 2566 quod

1100 2573 1181 2608 talis
1202 2571 1384 2608 habeatur
1404 2584 1460 2608 res
1476 2600 1486 2618 ,
1523 2572 1564 2607 in
1585 2583 1660 2622 qua
1691 2571 1754 2607 ni·-

1102 2627 1154 2664 hil
1176 2628 1384 2680 quidquam
1404 2627 1689 2664 incertitudinis.

1137 2725 1140 2730 .
1157 2693 1494 2748 καλλιερευμένῳ]
1562 2695 1627 2730 Tu
1673 2691 1749 2731 vid.

1099 2757 1196 2788 nott.
1217 2750 1264 2787 ad
1280 2752 1341 2798 VI,
1363 2753 1428 2791 76.
1486 2750 1591 2795 Quae
1621 2750 1752 2801 proxi-

1099 2821 1161 2843 me
1192 2814 1426 2858 sequuutur,
1463 2808 1551 2844 citat
1580 2804 1750 2844 Eustath.

1100 2862 1147 2899 ad
1176 2864 1220 2904 ιι.
1249 2877 1288 2914 p.
1321 2864 1415 2910 513,
1446 2865 1494 2903 ιο
1513 2876 1542 2900 s.
1563 2865 1655 2910 388,
1684 2863 1749 2901 22.
