1897 3340
388 227 444 267 lo

390 332 504 376 ’νέων
533 333 762 387 χρημάτων
791 330 1008 386 μεγάλων·

783 224 1240 260 HERODOT'I

1066 332 1140 374 καὶ
1168 331 1217 375 τὸ
1249 331 1326 386 μὲν
1356 331 1548 385 ἐστίχθαι
1575 328 1643 374 εὐ·
1655 338 1698 372 65

390 402 508 456 γενὲς
535 400 748 452 κέκρικεν
786 399 837 442 τὸ
868 398 907 442 δ’
939 398 1163 450 ἄστικτον,
1195 398 1382 454 ἀγεννές.
1425 397 1561 452 ἀργόν
1589 396 1641 440 εἷ-

362 477 488 519 3ναι,
530 467 779 512 κάλλιστον·
823 470 902 523 γῆς
940 467 985 510 δὲ

339 632 476 681 1679).
507 631 580 675 Qui
600 642 681 666 mos
699 641 788 665 cum
811 628 985 664 omnibus

332 688 412 723 fere
449 688 622 737 gentibus
658 684 868 721 rudioribus
900 684 986 719 fue-

336 746 381 780 rit
393 745 623 788 comnmnis,
647 740 747 777 haud
757 742 898 776 mirum
918 747 984 787 est,

333 813 425 835 enm
463 798 563 850 apud
613 796 800 834 Thraciae
854 803 985 845 gentes

333 855 446 892 rudes
483 863 594 907 atque
632 854 790 890 'limitas
832 865 984 903 quoque

335 925 505 949 inv-eniri.

391 967 458 1006 καὶ
479 965 521 1006 τὸ
544 963 614 1018 μὲν
635 964 811 1015 ἐστίχθαι
830 960 983 1014 εὐγενὲς

333 1023 540 1072 κέκριται]
572 1023 704 1071 Attigit
732 1019 825 1056 haec
844 1021 983 1056 Eusta-

332 1080 432 1117 thius
462 1079 509 1115 ad
536 1080 578 1115 11.
608 1092 646 1128 Ρ.
669 1079 760 1122 933,
793 1079 817 1116 7
838 1089 866 1112 s·
889 1073 981 1123 904,

333 1139 358 1176 8
387 1144 423 1173 et
450 1136 497 1172 ad
528 1137 683 1185 Dionys.
715 1134 863 1182 Perieg.
885 1134 979 1172 322,

334 1194 435 1228 {nter
455 1199 596 1228 veteres
610 1190 711 1226 hunc
727 1202 885 1231 morem,
909 1200 984 1239 quo

334 1251 398 1301 qui
419 1256 544 1285 cutem
564 1248 660 1283 notis
682 1246 896 1283 distinctam
916 1258 986 1294 ge-

333 1311 441 1351 runt,
471 1306 675 1354 pulcriores
696 1301 905 1347 habentur,
927 1308 985 1337 te-

330 1368 476 1397 stantur
501 1358 730 1396 Artemidor.
775 1358 846 1394 On.
876 1359 906 1403 I,
946 1358 984 1400 9,

332 1419 401 1465 Dio
423 1416 613 1468 Chrysost.
636 1418 698 1452 Or.
719 1415 808 1451 xlv
829 1427 866 1464 Ρ.
902 1413 982 1453 235

332 1475 378 1510 D.
400 1481 458 1520 et,
490 1474 555 1523 qui
576 1471 622 1514 de
643 1483 753 1507 causa
783 1477 819 1506 et
839 1470 983 1518 origine

331 1531 551 1579 stigmatum
563 1529 652 1577 agit,
663 1525 872 1562 Phanocles
884 1523 986 1574 apud

334 1586 440 1622 Stob.
464 1586 587 1621 Serm.
619 1584 725 1618 LXII
754 1595 792 1632 p.
814 1580 909 1621 400.
935 1581 985 1616 T.

334 1643 366 1677 11
387 1655 424 1691 p.
446 1641 527 1681 478
549 1639 664 1676 Gaisf.
712 1639 812 1683 Quos
828 1636 986 1673 laudans

334 1698 605 1746 VVesselingius
627 1695 674 1732 de
695 1693 767 1731 hoc
800 1706 906 1729 more
927 1693 986 1728 lo—

333 1755 583 1804 cupletissime
632 1752 750 1801 egisse
789 1749 892 1786 addit
928 1750 983 1785 Io.

334 1809 525 1846 Rhodium
563 1810 602 1844 in
643 1807 832 1844 Scribonii
870 1806 984 1854 Largi

332 1868 508 1917 Compos.
539 1863 640 1901 Med.
675 1877 712 1913 p.
735 1866 836 1908 2313
868 1874 984 1913 quein

332 1936 419 1959 vero
441 1924 579 1959 librum
596 1919 884 1969 mihiinspicere
904 1931 982 1954 non

332 1980 447 2015 licuit.
499 1978 563 2015 Cr.
607 1976 751 2014 confert
789 1973 982 2011 Plutarch.

331 2037 387 2071 De
419 2036 460 2071 S.
490 2037 535 2070 N.
570 2034 616 2072 V.
645 2046 731 2083 pag.
764 2034 817 2071 52
855 2032 983 2081 ibique

332 2088 605 2142 VVyttenbach.
626 2090 787 2139 pag.67,
809 2088 873 2138 qui
895 2087 983 2122 Cle-

332 2146 434 2184 archi
455 2148 581 2183 locum
602 2145 709 2181 affert
730 2142 830 2194 apud
840 2142 980 2182 Athen,

330 2205 403 2240 ΧΠ
442 2216 516 2254 pag
555 2202 648 2243 524.
688 2202 734 2236 D.
771 2212 858 2250 pag.
900 2198 981 2239 448

331 2257 550 2309 Schweigh.
634 2259 710 2294 Nec
749 2268 983 2307 quemquam

332 2316 438 2365 sugit,
470 2317 676 2351 etiamnum
698 2315 734 2348 in
756 2313 841 2349 seris
862 2312 984 2347 Ame-

332 2374 428 2409 ricae
469 2379 581 2423 atque
615 2370 823 2406 Australiae
853 2369 983 2405 incolis

332 2427 557 2480 quibusdam
579 2426 743 2463 eundem
765 2432 864 2461 certe
894 2437 981 2461 mo—

331 2499 411 2521 rem
431 2485 618 2530 obtinere,
659 2489 700 2519 ut
729 2488 855 2518 cutem
884 2483 981 2517 notis

332 2542 452 2587 variis,
476 2540 715 2589 imaginibus,
734 2539 825 2582 aliis,
847 2537 980 2574 distin-

331 2605 430 2634 ctam
451 2597 712 2647 coloribusque
740 2596 849 2632 variis
867 2593 979 2630 indu—

330 2661 427 2691 ‹ztam
450 2652 611 2690 habeant
633 2665 753 2717 eoque
774 2652 980 2701 plurimum

329 2724 368 2746 se
388 2711 545 2755 iactent,
577 2722 694 2760 quum
714 2710 752 2743 in
774 2721 818 2743 eo
843 2719 980 2756 magna

331 2767 533 2803 venustatis
552 2778 636 2817 pars
658 2764 758 2815 apud
786 2764 867 2801 illos
889 2777 979 2799 cen-

330 2830 462 2863 §eatur
484 2844 537 2850 ——
577 2825 617 2858 ln
647 2835 729 2873 sqq
761 2834 848 2857 cnm
871 2821 980 2857 Gais-

1025 465 1206 522 ἐργάτην
1218 499 1228 518 ,
1269 464 1538 521 ἀτιμότατον.
1591 465 1640 508 τὸ

1041 627 1137 664 ford.
1170 642 1189 664 e
1221 628 1437 664 Florentino
1459 627 1614 678 aliisque
1634 639 1696 662 re—

1042 686 1148 734 posui
1169 679 1343 733 οἷγεννὲς.
1403 683 1527 732 Vulgo
1549 678 1696 730 α’γενὲς.

1041 741 1107 776 Tu
1135 740 1212 776 vid.
1242 740 1454 776 Stallbaum
1477 737 1524 774 ad
1544 736 1693 774 Phileb.

1040 808 1128 845 pag.
1152 799 1228 836 133
1249 809 1328 846 seq.
1387 794 1487 831 Held
1515 793 1564 830 ad
1594 794 1695 830 Plut.

1041 852 1184 888 Timol.
1209 852 1257 892 15
1279 864 1366 901 pag.
1387 851 1483 891 400.
1521 852 1696 900 Namque

1041 903 1177 958 α’γενὲς
1217 906 1264 943 ad
1304 908 1444 943 natales
1484 912 1520 942 et
1558 918 1693 955 genus,

1040 959 1200 1015 οἷγεννὲς
1221 962 1268 999 ad
1280 964 1452 999 animum
1471 962 1601 998 referri
1610 962 1697 997 vul-
1723 983 1725 985 -

1039 1033 1088 1070 go
1109 1019 1274 1056 tradunt.
1311 1017 1696 1068 Schweighaeusems

1038 1078 1077 1112 in
1108 1082 1215 1112 textu
1245 1088 1482 1127 quamquam
1510 1073 1695 1112 exhibens

1039 1128 1139 1183 ἆγεν
1153 1131 1227 1178 νές,
1240 1133 1374 1168 melius
1385 1139 1513 1168 tamen
1522 1131 1696 1167 cumEu-

1040 1187 1177 1225 stathio
1199 1187 1247 1225 ad
1266 1190 1424 1239 Dionys.
1446 1189 1595 1235 Perieg.
1614 1189 1696 1228 322

1041 1245 1152 1282 scribi
1182 1244 1271 1282 dicit
1292 1241 1437 1295 ἅγενές.
1483 1244 1534 1280 At
1553 1245 1591 1279 in
1613 1244 1694 1278 Eu-

1040 1300 1195 1346 statilio,
1217 1302 1370 1352 qualem
1391 1299 1563 1337 exhibuit
1572 1301 1695 1335 Bern-

1041 1356 1175 1408 hardy,
1206 1365 1305 1394 recte
1336 1370 1438 1393 nunc
1468 1358 1694 1406 impressiun

1040 1413 1150 1451 video
1172 1409 1363 1466 ἀγεννές.
1413 1414 1521 1449 Conf.
1542 1424 1696 1463 quoque

1042 1469 1234 1507 Schaefer.
1256 1469 1304 1506 ad
1334 1469 1528 1506 Plutarch.
1548 1470 1622 1505 Vit.
1643 1469 1694 1505 T.

1041 1527 1091 1562 lV
1110 1539 1149 1576 p.
1166 1526 1246 1566 295
1263 1524 1322 1562 ed.
1344 1525 1497 1563 Teubn.

1100 1633 1224 1688 α’ργόν
1249 1633 1362 1684 εἶναι,
1382 1633 1635 1676 κάλλιστονκ.
1659 1653 1690 1674 τ.

1042 1698 1073 1732 λ.
1087 1695 1146 1742 ],
1151 1693 1323 1738 ,Ouando
1345 1696 1417 1744 γῆς
1437 1691 1602 1744 ἐργάτην
1623 1706 1693 1743 op-

1041 1752 1146 1801 ponit
1166 1752 1329 1801 ipsisque
1349 1765 1390 1789 το
1426 1751 1494 1799 ζῆν
1516 1745 1594 1788 vind
1619 1764 1693 1788 πο-

1040 1806 1159 1856 λέμου
1194 1806 1326 1843 itidem
1355 1801 1562 1844 κάλλιστον
1582 1804 1693 1841 habi-

1040 1870 1121 1899 tum
1141 1864 1284 1910 scribit,
1327 1864 1487 1913 primam
1516 1861 1692 1898 Herodo-

1038 1926 1096 1956 tus
1119 1921 1218 1956 vocis
1236 1920 1435 1969 respiciens
1455 1918 1691 1968 significandi

1041 1975 1180 2019 dotem,
1195 1976 1267 2026 quai
1279 1983 1383 2012 notat
1404 1971 1522 2027 οἷργός
1541 1976 1586 2012 ab
1595 1988 1692 2025 opere

1039 2034 1169 2068 rustico
1188 2036 1365 2069 vacantem
1381 2062 1390 2079 ‚
1422 2031 1691 2082 honestiusque

1039 2089 1211 2137 intelligit
1231 2091 1349 2135 otium,
1369 2088 1548 2140 quodque
1564 2086 1691 2124 homi-

1038 2158 1104 2181 nes
1132 2145 1324 2182 bellicosos
1355 2158 1432 2181 non
1467 2144 1688 2191 dedeceret3

1041 2196 1161 2253 ἅργόν
1175 2197 1276 2239 εἶναι
1295 2209 1331 2237 et
1350 2199 1564 2251 πολεμικόν
1577 2202 1616 2237 in
1629 2207 1690 2238 ta-

1039 2258 1133 2293 libus
1154 2257 1390 2294 tantumdem
1410 2271 1530 2308 paene
1549 2258 1688 2294 valent.

1039 2314 1177 2350 Talem
1216 2310 1357 2366 οἷργίαν
1402 2310 1581 2364 ἀδελφήν
1617 2316 1690 2365 τῆς

1039 2369 1263 2419 ἐλευθερίας
1287 2370 1431 2407 dixerat
1453 2372 1638 2417 Socrates,
1658 2371 1689 2406 si

1039 2426 1127 2462 dicti
1156 2427 1368 2476 legitimum
1395 2434 1541 2477 patrem
1570 2425 1688 2463 tradi-

1038 2482 1091 2519 dit
1111 2483 1257 2519 Aelian.
1278 2483 1322 2519 V.
1336 2485 1382 2519 H.
1403 2485 1452 2530 X,
1478 2483 1539 2527 14,
1560 2490 1687 2519 osten-

1037 2538 1125 2575 dere
1146 2540 1261 2576 voluit
1277 2541 1464 2577 Maximus
1485 2540 1581 2590 Tyr.
1591 2540 1687 2575 Diss

1037 2597 1169 2631 xxlx
1209 2611 1265 2633 οτι
1303 2594 1617 2661 &voitskbctspot'
1637 2596 1687 2648 τῆ

1038 2647 1144 2691 πόλει
1177 2652 1217 2690 οἱ
1238 2654 1578 2702 προπολεμοῦντες
1598 2647 1625 2701 ἢ
1649 2651 1689 2690 οἱ

1037 2710 1211 2759 γεωργοῦ
1218 2712 1324 2754 ung-⁴
1427 2708 1605 2755 „Artibus
1617 2708 1686 2744 ab-

1036 2766 1214 2801 stinentes
1231 2765 1422 2801 sellulariis
1434 2777 1600 2832 agroque
1619 2776 1686 2801 οο-

1039 2820 1149 2857 tendo
1155 2828 1290 2872 ,atque
1310 2820 1406 2858 adeo
1428 2815 1554 2873 ἀργοὶ,
1585 2820 1684 2871 apud

1699 497 1780 540 375
