1897 3340
377 249 461 288 2138

777 248 1243 286 HERODOTI

376 356 485 406 νὼς,
519 353 573 397 τοὶ
593 353 640 398 δὲ
668 353 858 410 νεώτερα
875 355 1122 413 Ἀθηναῖος·
1159 357 1371 407 Φιλαίου,
1399 358 1482 399 τοῦ
1509 357 1640 399 Αἴαν-

375 439 450 473 τος
478 421 656 476 παιδὸς,
701 426 939 481 γενομένου
976 424 1156 479 πρῶτον
1194 428 1268 479 τῆς
1306 424 1447 479 οἰκίης
1481 422 1642 478 ταύτης

346 488 624 546 2Ἀθηναίου.
686 487 828 543 Οὗτος
850 491 874 536 ὁ
901 491 1167 547 Μιλτιάδης,
1202 488 1441 545 κατήμενος
1461 488 1508 532 ἐν
1527 494 1643 533 τοῖσι

374 555 650 612 προθύροισι
687 563 803 603 τοῖσι
841 559 1031 610 ἑωυτοῦ,
1071 557 1213 612 ὁρέων
1248 556 1353 609 τούς
1381 554 1640 611 Δολόγκους

373 624 638 679 παριόντας,
683 625 847 682 ἐσθῆτα
886 626 1062 680 ἔχοντας
1098 623 1182 669 οὐκ
1219 626 1426 680 ἐγχωρίην
1463 623 1536 667 καὶ
1574 625 1638 667 αἰ-
1649 629 1695 666 55

371 691 502 749 χμοὲς,
530 691 857 748 προσεβώσατο·
886 694 961 736 καί
990 704 1070 747 σφι
1096 696 1412 747 προσελθοῦσι,
1450 691 1637 748 ἐπηγγεί-

344 765 485 804 Βλατο
514 758 773 815 καταγωγὴν
803 759 879 804 καὶ
918 760 1063 812 ξείνια.
1114 761 1158 804 οἱ
1195 760 1241 804 δὲ
1279 758 1526 814 δεξάμενοι,
1565 758 1640 802 καὶ

373 827 662 880 ξεινισθέντες
688 825 773 869 ὑπ’
809 825 970 882 αὐτοῦ,
1009 827 1238 884 ἐξέφαινον
1265 830 1355 870 πᾶν
1384 829 1429 870 οἱ
1457 826 1506 870 τὸ
1535 843 1639 882 μανι

371 894 515 951 τήϊον·
547 893 815 951 ἐκφήναντες
845 896 914 949 δὲ,
961 895 1135 939 ἐδέοντο
1167 894 1307 940 αὐτοῦ
1343 898 1403 954 τῷ
1442 897 1533 951 θεῷ
1562 911 1638 950 μιν
1703 930 1707 933 ,

343 966 367 1002 4
375 963 622 1009 πείθεσθαι.

699 962 946 1008 Μιλτιάδεα
995 965 1042 1007 δὲ
1093 962 1344 1008 ἀκούσαντα
1391 962 1695 1016 παραυτίκα60

371 1029 512 1072 ἔπεισε
541 1027 565 1074 ὁ
595 1028 746 1085 λόγος,
778 1027 851 1074 οἷα
879 1029 1128 1087 ἀχθόμενόν
1162 1047 1207 1075 τε
1232 1035 1286 1088 τῇ
1319 1027 1638 1083 Πεισιστράτου

343 1094 509 1152 δᾶρχῇ,
548 1097 622 1141 καὶ
655 1096 925 1153 βουλόμενον
959 1098 1009 1142 ἐκ
1045 1100 1200 1143 ποδῶν
1227 1097 1354 1143 εἶναι.
1403 1096 1561 1141 αὐτίκα
1591 1098 1639 1142 δὲ

369 1162 524 1221 ἐστάλη
562 1163 606 1217 ἐς
633 1164 861 1222 Δελφοὺς,
904 1165 1237 1224 ἐπειρησόμενος
1273 1167 1323 1211 τὸ
1362 1163 1641 1223 χρηστήριον,

312 1383 517 1432 Tisander,
546 1381 814 1436 Hippoclides,
833 1383 978 1422 Miltia-

313 1440 402 1490 des,
430 1441 633 1494 Cypselus,
663 1440 852 1478 Miltiades
869 1471 879 1490 ,
911 1442 978 1494 qui

313 1496 596 1536 Chersonesum
616 1496 800 1535 condidit.
829 1499 875 1535 In
901 1511 977 1550 qua

312 1561 444 1591 tamen
479 1555 707 1604 genealogia
737 1561 812 1591 tres
837 1552 977 1606 γενεάς

312 1610 443 1648 deesse
477 1610 583 1648 idem
621 1611 793 1658 monuit,
835 1623 924 1647 cum
954 1624 976 1648 a

310 1680 406 1704 nece
426 1667 551 1704 Aiacis
582 1666 720 1716 (1270
741 1680 776 1703 a.
801 1664 892 1704 Chr.
913 1665 971 1718 n.)

311 1736 432 1776 usque
453 1722 501 1760 ad
521 1722 733 1760 Miltiadem
753 1729 887 1759 natum
899 1725 974 1760 sint

310 1781 426 1830 elapsi
447 1781 538 1816 anni
558 1782 652 1827 670,
671 1781 737 1832 qui
757 1781 891 1830 viginti
909 1793 975 1832 γε·

309 1833 404 1882 vedas-
425 1838 670 1874 constituant.
726 1837 971 1884 Pausaniam,

310 1894 378 1945 qui
391 1893 455 1941 VI,
480 1895 530 1933 19
552 1894 590 1938 §.
612 1895 637 1933 3
665 1891 890 1939 Miltiadem,
914 1892 976 1930 Ci-

309 1952 419 1987 monis
431 1949 577 2000 filium,
609 1948 823 1986 condidisse
853 1948 976 1987 Cher-

309 2019 494 2044 sonesum
534 2004 670 2054 tradit,
715 2006 856 2043 falsum
896 2019 975 2044 esse

310 2061 416 2100 idem
436 2063 566 2099 statuit
588 2060 802 2100 Larcherus
817 2092 826 2110 ,
859 2062 976 2099 item-

310 2133 386 2171 que
416 2120 644 2166 Aelianum,
664 2119 710 2156 V.
731 2121 781 2156 H.
802 2119 896 2166 XII,
920 2118 973 2160 35

309 2182 384 2213 tres
404 2174 594 2213 Miltiades
615 2182 920 2212 enumerantem.

367 2231 410 2271 ἕν
431 2234 533 2271 τοῖσι
546 2228 810 2283 προθύροισι]
835 2233 972 2268 Ianuas

309 2288 481 2339 intelligo
511 2301 533 2325 a
561 2289 622 2325 via
652 2288 701 2324 ad
728 2288 971 2335 vestibulum,

310 2359 332 2381 e
363 2357 440 2396 quo
460 2345 541 2395 ipso
563 2343 611 2380 ad
641 2343 754 2381 aedes
785 2345 972 2390 introitus,

309 2400 512 2449 ducentes,
542 2408 585 2437 ut
605 2402 670 2448 111,
694 2400 747 2441 35
768 2401 854 2437 coll.
880 2399 971 2440 140.

308 2459 371 2505 VI,
403 2460 471 2498 91.
539 2456 655 2508 Apud
703 2457 971 2493 Marcellinum

309 2515 334 2553 Ι.
365 2515 390 2551 Ι.
428 2513 616 2550 Miltiades
655 2512 794 2550 sedisse
833 2512 971 2549 dicitur

307 2567 385 2619 πρὸ
417 2572 498 2609 τῶν
524 2566 629 2619 ’ὅρων
670 2572 742 2619 τῆς
781 2566 970 2619 Ἀττικῆς,

309 2627 375 2664 ubi
384 2628 604 2677 Rutgersius
616 2640 664 2662 ex
675 2625 870 2662 Herodoto
884 2639 970 2662 cor-

309 2684 381 2734 rigi
419 2684 540 2722 voluit
578 2679 655 2735 πρὸ
695 2684 773 2721 τῶν
799 2684 965 2732 θυρώνῑ

309 2740 402 2788 nisi,
434 2738 538 2792 quod
565 2746 696 2776 monet
729 2737 967 2775 Valckenae—

309 2798 385 2834 rius
401 2825 411 2844 ,
442 2797 681 2833 Marcellinus
714 2796 831 2832 alium
853 2802 967 2846 atque

309 2852 550 2891 Herodotum
577 2859 631 2890 est
661 2859 812 2890 secutus
832 2859 967 2889 aucto-

1034 1399 1128 1435 rem,
1166 1385 1386 1437 praesertim
1415 1397 1504 1422 cum
1525 1384 1572 1422 ab
1591 1385 1675 1422 Atti

1033 1456 1102 1480 cae
1132 1442 1271 1480 finibus
1302 1455 1379 1480 non
1400 1443 1515 1492 longe
1533 1441 1696 1478 abfuerit

1032 1499 1211 1537 Miltiadis
1250 1499 1338 1537 villa
1387 1497 1430 1538 ἐν
1467 1494 1694 1545 Λακιάδαις

1032 1558 1115 1594 sita.

1089 1611 1242 1661 ἐσθῆτα
1275 1609 1434 1661 ἔχοντας
1465 1606 1548 1649 ου’κ“
1572 1609 1693 1661 ε’γχω-

1030 1668 1141 1719 ρίην]
1163 1669 1219 1705 Ita
1230 1668 1406 1703 meliores
1421 1667 1519 1705 libri.
1541 1667 1666 1716 Vulgo
1680 1678 1692 1702 :

1030 1724 1183 1775 ἐσθῆτα
1203 1719 1278 1763 οὐκ
1308 1722 1498 1775 ἐγχωρίην
1519 1721 1596 1771 (de
1616 1735 1693 1774 qua

1029 1794 1125 1819 voce
1145 1780 1245 1819 conf.
1265 1778 1448 1816 Matthiae
1470 1780 1536 1817 Gr.
1565 1780 1632 1816 Gr.
1652 1793 1691 1828 p.

1030 1838 1131 1886 235)
1163 1836 1322 1887 ἔχοντας
1351 1835 1467 1886 idque
1486 1842 1693 1873 tenuerunt

1030 1892 1227 1932 Schaefer.
1244 1899 1280 1930 et
1299 1890 1435 1929 Matth.

1087 1949 1156 1989 καὶ
1177 1946 1348 2000 αἰχμοῖς]
1379 1949 1455 1985 Vix
1474 1948 1691 1985 inconsulto

1031 2005 1105 2044 hoc
1125 2005 1313 2044 addidisse
1334 2004 1485 2043 videtur
1513 2003 1692 2042 historiae

1031 2070 1152 2114 pater.
1209 2064 1309 2099 Nam
1338 2061 1528 2109 Dolonci‚
1560 2059 1692 2098 Thra-

1032 2133 1094 2157 ces
1108 2149 1118 2167 ,
1150 2131 1268 2171 quam
1284 2125 1444 2169 gentem
1469 2118 1690 2155 bellicosam

1030 2177 1144 2212 fuisse
1165 2188 1214 2212 ex
1232 2175 1278 2220 V,
1299 2177 1324 2215 6
1363 2175 1539 2224 colligas,
1569 2175 1693 2211 Grae-

1031 2233 1131 2269 ciam
1160 2231 1409 2283 permeabant
1435 2232 1546 2267 armis
1572 2231 1695 2268 induti

1030 2301 1099 2339 pro
1123 2289 1280 2340 antiquo
1309 2288 1558 2324 barbarorum
1570 2299 1691 2336 more,

1031 2346 1097 2397 qui
1118 2346 1211 2381 olim
1231 2352 1268 2381 et
1288 2343 1390 2394 apud
1410 2345 1509 2394 ipsos
1526 2344 1691 2381 Graecos

1027 2402 1230 2438 invaluisse
1249 2400 1411 2438 traditur
1430 2413 1451 2436 a
1466 2398 1691 2451 Thucydid.

1026 2458 1057 2504 Ι,
1088 2461 1129 2499 6.
1185 2456 1248 2494 Ad
1280 2457 1444 2494 formam
1481 2452 1691 2507 προσεβώ-

1029 2527 1122 2553 σατο
1146 2514 1246 2552 cons.
1267 2515 1296 2561 1,
1315 2517 1366 2554 10
1386 2513 1515 2565 ibique
1534 2519 1632 2550 nott.

1085 2569 1346 2623 ἐπηγγείλατο
1365 2566 1599 2622 καταγωγήν
1619 2567 1689 2608 καὶ

1027 2626 1182 2676 ξείνια]
1220 2628 1247 2664 i.
1277 2640 1311 2663 e.
1364 2626 1493 2664 obtulit
1535 2626 1687 2663 diverso-

1026 2685 1118 2720 rium
1147 2683 1335 2735 officiaque
1369 2680 1543 2734 (epulas)
1573 2682 1688 2732 hospi-

1026 2740 1129 2777 talia.
1188 2739 1249 2777 Ad
1287 2752 1422 2777 vocem
1454 2734 1689 2790 καταγωγήν

1025 2797 1127 2834 conf.
1147 2797 1193 2844 V,
1215 2797 1270 2837 52
1290 2803 1327 2833 et
1353 2795 1401 2833 ad
1423 2795 1547 2842 ξείνια
1575 2795 1686 2831 citata

1025 2851 1073 2889 ad
1093 2853 1145 2897 V,
1169 2855 1232 2893 18.
1262 2851 1326 2890 Ad
1350 2853 1509 2890 verbum
1529 2849 1685 2901 ἐξέφαι-
