1897 3340
431 255 1197 297 TERPSIGHORE.V.
1368 258 1450 297 ης,

184 370 408 424 ,,διεξῆλθε
445 366 516 411 διὰ
557 363 737 410 πάντων
785 368 875 407 τῶν
927 364 1031 407 δέκα
1080 363 1449 419 παραδιδόμενον,

130 435 395 487 15,,οὐὸένο“ς
424 433 703 489 βουλομένου
725 432 1055 487 διεργάσασθαι.
1103 431 1357 480 Ἀποδὸντες
1388 427 1451 473 ὦν

184 501 350 555 ,,ὀπίσω
373 506 427 558 τῇ
455 501 642 558 τεκούσῃ
671 501 720 544 τὸ
752 503 943 549 παιδίον,
977 501 1052 544 καὶ
1081 497 1328 551 ἐξελθόντες
1359 498 1450 550 ἔξω,

182 570 408 623 „ganeones
465 569 534 612 ἐπὶ
594 573 683 612 τῶν
733 569 932 623 θυρέων,

1004 567 1208 624 ἀλλήλων
1256 566 1449 610 ἅπτοντο
1463 573 1509 607 30

182 637 567 693 ,,καταιτιω’μενοι·
597 638 671 681 καὶ
700 637 884 694 μάλιστα
910 640 992 680 τοῦ
1013 635 1193 691 πρώτου
1224 634 1452 692 λαβόντος,

181 705 277 759 „81⁶
308 705 390 750 οὐκ
422 707 594 762 ἐποίησε
623 705 734 750 κατὰ
765 705 819 748 τὰ
847 705 1111 761 δεδογμένα“
1152 705 1195 756 ἐς
1224 703 1250 748 ὃ
1278 703 1332 760 δή
1358 715 1451 760 σφι,

181 773 373 831 ,,χρόνου
398 774 700 831 ἐγγινομένου,
735 774 851 826 ἔδοξε
873 768 995 825 αὖτις
1023 772 1326 827 παρελθόντας
1344 770 1452 815 πάν-

127 849 171 883 16
187 861 290 895 ,,τας
319 847 402 886 τοῦ
432 842 580 899 φόνου
599 843 823 898 μετίσχειν.
870 842 988 885 ’Έδει
1020 841 1067 885 δὲ
1097 842 1143 885 ἐκ
1172 846 1255 885 τοῦ
1282 839 1449 883 Ἠετίω-
1505 849 1582 891 421

178 928 284 965 ,,νος
312 911 451 967 γόνου
481 912 693 968 Κορίνθῳ
731 910 845 954 κακὰ
873 909 1175 966 ἀναβλαστεῖν.
1225 909 1252 966 ἡ
1293 907 1507 965 Λάβδα35

177 977 453 1035 ,,γᾶρ’πάντα
482 983 621 1022 ταῦτα
650 978 784 1034 ἤκουε
815 978 1003 1022 ἑστεῶσα
1021 977 1131 1033 πρὸς
1162 975 1321 1035 αὐτῇσι
1349 980 1451 1034 τῇσι

176 1048 396 1105 ,,θύρῃσι·
428 1048 608 1090 δείσασα
638 1047 684 1091 δὲ
713 1045 772 1103 μή
803 1059 883 1103 σφι
912 1046 1147 1103 μεταδόξῃ,
1176 1040 1250 1090 naz
1282 1044 1332 1089 τό
1355 1043 1452 1088 δεύ-

177 1132 333 1170 ,,τερον
362 1114 569 1172 λαβόντες
606 1114 656 1159 τὸ
688 1117 867 1160 παιδίον
897 1114 1206 1165 ἀποκτείνωσι,
1252 1111 1453 1169 φέρουσα

176 1182 498 1240 ,ριατακρύπτει
522 1184 565 1235 ἐς
591 1182 640 1227 τὸ
663 1182 1002 1241 ἀφραστότατόν
1034 1184 1078 1227 οἱ
1097 1184 1299 1239 ἐφαίνετο
1325 1179 1449 1232 εἶναι,

122 1395 223 1430 σθαι
242 1392 464 1428 monuimus
481 1389 529 1428 acl
548 1391 583 1428 V
585 1419 600 1436 ,
612 1393 678 1433 20.
708 1392 784 1429 Lo-

121 1449 292 1485 cutiones
322 1443 539 1494 ἀποδόντες
575 1444 703 1488 ὀπίσω
746 1455 784 1485 et

121 1501 352 1552 ἐξελθόντες
374 1504 458 1552 ἔξω,
482 1504 581 1541 adid
597 1504 785 1558 loquendi

119 1574 242 1611 genus
255 1554 475 1612 pertinent,
507 1561 613 1613 quod
647 1562 695 1598 ad
715 1563 782 1610 III,

122 1620 173 1658 16
212 1620 419 1668 attigimus,
467 1615 543 1669 τήν
589 1621 784 1659 τεκοῦσαν

118 1687 213 1712 mox
226 1675 322 1712 dixit
334 1680 478 1713 matrem
491 1689 519 1712 S.
531 1672 606 1727 τήν
620 1674 781 1728 μητέρα,

117 1729 193 1781 τήν
226 1731 466 1783 γειναμένην
505 1733 580 1780 ΠΤ,
612 1735 663 1773 1Ο
695 1734 783 1770 coll.

118 1789 183 1837 VI,
206 1790 279 1837 523
310 1802 410 1841 quae
430 1802 508 1826 una
528 1802 618 1826 cum
638 1790 718 1826 aliis
735 1789 782 1826 de

118 1844 194 1883 hoc
226 1847 514 1897 participiorum
542 1859 614 1883 usu
652 1848 782 1883 nomi-

118 1916 216 1939 num
235 1904 321 1940 loco
342 1905 554 1954 positorum
575 1904 699 1941 attulit
716 1905 781 1940 Fi-

118 1959 241 1997 scher.
273 1959 322 1997 ad
352 1961 516 1997 VVeller.
538 1962 555 1996 Ι
574 1973 662 2011 pag.
686 1963 781 2001 323.

117 2039 175 2044 —-
211 2016 273 2054 Ad
311 2017 425 2054 verba
467 2016 677 2056 ἐπὶτῶν
706 2021 782 2055 θυ-

118 2072 221 2125 ρέων
242 2073 320 2111 vid.
342 2072 478 2110 Matth.
501 2075 567 2111 Gr.
600 2075 665 2111 Gr.
692 2086 781 2124 pag.

121 2133 242 2171 1162.
264 2160 269 2165 .
301 2132 423 2168 Paulo
443 2131 541 2167 infra
567 2132 604 2176 ξ.
630 2129 656 2171 4
683 2132 783 2181 legi-

118 2195 179 2224 tur
195 2185 366 2227 ἕστεοδσα
386 2203 447 2240 πρ
460 2185 511 2234 ὃς
528 2184 674 2242 αὐτῇσι
689 2190 782 2241 τῇσι

118 2239 285 2300 θύρῃσι,
308 2258 384 2297 quo
406 2243 545 2281 eodem
563 2246 642 2282 fere
663 2244 780 2282 modo

117 2302 196 2338 iam
228 2315 341 2353 supra
371 2301 420 2338 ad
447 2302 492 2349 V,
517 2304 569 2343 12
610 2301 780 2339 dativum

120 2366 155 2395 et
176 2361 389 2408 genitivum
417 2359 687 2410 praepositioni
716 2358 782 2399 ἐπὶ

121 2414 263 2453 adstrui
284 2415 464 2455 vidimus.
528 2457 531 2459 .

177 2467 357 2523 ἀλλήλων
377 2468 547 2512 ἅπτοντο
569 2467 781 2511 καταιτιώ-

123 2530 261 2578 μενοι]
293 2530 320 2566 i.
337 2543 370 2566 e.
396 2531 589 2566 seinvicem
607 2531 780 2566 convicia-

123 2585 264 2633 bantur,
278 2586 478 2623 accusamlo
497 2586 589 2622 alter
618 2586 779 2623 alterum.

121 2642 255 2678 Attulit
270 2641 310 2680 h.
332 2644 356 2680 l.
378 2641 551 2679 Thomas
570 2642 719 2692 Magist.
741 2656 780 2694 p.

121 2695 257 2746 480‚iu
271 2712 346 2750 quo
358 2700 463 2737 verbi
476 2695 673 2738 ἅπτεσθαι
686 2712 780 2735 ean-

124 2751 215 2789 dem
249 2756 524 2804 perstringendi,
566 2756 782 2805 obiurgandi

122 2811 203 2846 vim
233 2823 311 2847 esse
342 2811 494 2849 doceret
531 2818 645 2863 atque
674 2813 781 2850 verbi

125 2867 324 2917 compositi
365 2864 661 2908 καθάπτεσθαι.
712 2868 780 2907 Cr.

841 1390 946 1429 addit
966 1389 1165 1428 Heindorf.
1188 1387 1236 1428 ad
1256 1388 1355 1426 Plat.
1377 1387 1507 1426 Phae-

841 1448 932 1486 don.
963 1463 1001 1499 p.
1037 1451 1130 1495 132,
1172 1461 1290 1499 quem
1318 1445 1506 1484 Herodoti

838 1506 945 1543 locus
964 1518 1044 1542 non
1065 1505 1177 1555 fugit.

883 1670 1007 1713 ”Εδει
1043 1670 1085 1712 δὲ
1112 1696 1170 1702 —
1195 1671 1299 1714 κακοῖ
1331 1670 1508 1727 οἷναβλᾰ-

840 1732 972 1779 στεῖν]
1017 1730 1078 1768 Ad
1106 1732 1213 1769 verbi
1239 1727 1507 1784 οἷναβλαστεῖν

838 1788 1158 1838 significationem
1193 1789 1296 1827 conf.
1328 1791 1395 1834 ΙΙΙ,
1437 1792 1506 1831 62.

838 1845 902 1882 Ad
921 1847 1044 1896 ipsam
1067 1847 1296 1883 sententiam
1318 1845 1423 1898 quod
1445 1853 1506 1883 at·-

839 1903 936 1939 tinet
952 1932 961 1950 ,
991 1915 1104 1953 supra
1116 1903 1195 1938 iam
1208 1904 1405 1953 aliquoties
1416 1916 1505 1940 mo—

838 1960 994 1995 nuimus
1008 1988 1018 2007 ,
1048 1960 1138 1995 talia
1159 1958 1404 1996 diiudicanda
1426 1973 1506 1997 esse

840 2029 891 2052 ex
920 2029 985 2063 ea,
1018 2029 1116 2068 quae
1144 2016 1331 2054 Herodoti
1355 2017 1429 2054 fuit
1458 2015 1506 2053 de

838 2073 916 2109 fato
938 2074 1068 2110 omnia
1088 2071 1259 2109 humana
1292 2074 1344 2110 ita
1365 2072 1506 2110 mode-

837 2136 968 2177 rante,
999 2136 1062 2178 ut,
1085 2143 1184 2182 quae
1211 2131 1331 2167 semel
1350 2131 1390 2166 in
1419 2131 1506 2168 fatis

838 2187 1040 2224 constituta
1075 2188 1171 2234 sint,
1200 2188 1414 2224 necessario
1436 2200 1504 2224 ac-

838 2243 968 2281 cidant
1002 2257 1074 2280 nec
1106 2245 1185 2280 ullo
1220 2243 1339 2281 modo
1361 2245 1408 2281 ab
1428 2242 1504 2281 ho-

836 2302 941 2338 mine
981 2302 1176 2352 procurari
1217 2308 1332 2353 atque
1384 2301 1504 2338 averti

836 2358 993 2409 possint.
1085 2359 1330 2410 Quamquam
1386 2359 1504 2408 igitur

793 2432 795 2435 ’
838 2417 969 2452 onmia
988 2415 1162 2452 fecerunt
1182 2413 1423 2452 Bacchiadae
1453 2413 1503 2452 ad

837 2473 985 2508 malum
1048 2473 1202 2509 oraculo
1261 2471 1503 2523 praedictum

839 2527 1090 2566 avertendum
1103 2559 1111 2575 ,
1140 2542 1248 2566 secus
1266 2536 1398 2565 tamen
1419 2541 1503 2566 ces—
1520 2552 1523 2557 -

838 2587 904 2633 sit,
937 2599 1056 2638 quum
1076 2587 1115 2622 in
1138 2586 1221 2622 fatis
1239 2587 1346 2623 aliter
1367 2584 1502 2622 decre-

838 2650 923 2680 tum
945 2649 1052 2680 esset.
1111 2643 1175 2680 Sic
1197 2641 1244 2679 de
1265 2643 1343 2679 fato
1365 2643 1502 2677 Noster

837 2699 963 2736 dicere
982 2700 1077 2736 solet
1099 2698 1180 2738 ἔδεε
1199 2700 1245 2746 V,
1267 2702 1334 2739 33.
1355 2699 1416 2741 VI,
1431 2695 1498 2736 64.

834 2758 882 2803 II,
912 2759 1005 2797 161.
1025 2756 1089 2801 IV,
1111 2758 1180 2796 79.
1205 2757 1304 2805 χρῆν
1332 2755 1361 2801 I,
1382 2755 1406 2792 8
1428 2758 1500 2789 etc.

836 2814 903 2849 Tu
927 2811 1030 2848 cons.
1056 2811 1302 2848 Hoffmeister
1320 2810 1346 2846 1.
1367 2809 1393 2844 l.
1410 2819 1501 2857 pag.

839 2872 904 2911 12.
916 2870 969 2909 27
983 2880 1063 2920 seq.
1075 2868 1130 2909 75
1142 2880 1223 2917 seq.
1246 2868 1390 2915 laeger.
1412 2865 1501 2901 Dis-

1126 2925 1176 2962 12
1193 2919 1218 2943 ᾔ

1643 914 1659 941 4
