1897 3340
426 301 508 341 192
825 298 1290 336 HERODOTI

425 406 515 450 ἐπεί
544 422 588 449 τε
616 406 661 450 δὲ
689 408 938 457 Σωσικλέος
967 406 1163 463 ἤκουσαν
1193 408 1392 457 εἴπαντος
1430 406 1704 462 ἐλευθέρως,

427 474 541 526 ἅπας
570 490 635 524 τις
665 473 812 531 αὐτῶν
841 474 999 530 φωνήν
1030 474 1180 529 ῥήξας,
1220 473 1385 527 αἱρέετο
1414 477 1494 516 τοῦ
1524 477 1682 529 Κοριν-

426 543 534 585 θίου
571 542 651 598 τὴν
689 541 892 596 γνώμην·
942 543 1326 596 Λακεδαιμονίοισί
1363 557 1406 584 τε
1443 542 1741 597 &sumtu-35

426 609 606 663 ρέοντο,
637 608 695 664 μὴ
725 607 889 651 ποιέειν
919 608 1054 663 μηδὲν
1072 609 1288 663 νεώτερον
1315 609 1415 663 περὶ
1444 608 1572 654 πόλιν
1597 608 1700 654 ‘Ek-⁴

297 679 367 723 94
425 675 549 720 λάδα.
592 675 708 719 οὕτω
737 673 815 729 μὲν
835 678 972 717 ταῦτα
1001 674 1217 732 ἐπαύσθη.
1267 676 1410 732 Ἱππίῃ
1449 678 1495 720 ὁὲ
1530 677 1701 722 {veson

93 739 370 811 2³„t‘43’rigffnffiisss'l‘fffflff
425 760 497 787 τεν
525 742 882 798 ἀπελαυνομένῳ,
923 742 1073 786 ἐδίδου
1111 743 1190 798 μὲν
1215 741 1426 799 Ἀμύντης
1462 742 1486 787 ὁ
1527 748 1686 789 Μακε-

94 808 368 878 ffijit‘h‘gffiissssg‘lffssff'l
397 810 519 854 Ξδών
544 809 862 865 Ἀνθεμοῦντα,
893 808 1096 854 ἐδίδοσαν
1125 810 1172 854 δὲ
1206 812 1418 856 Θεσσαλοὶ
1447 810 1630 856 Ἰωλκόν.
1659 810 1741 856 ὁ4ο

94 877 365 939 Hffisssssffisffi‘
1698 875 1708 877 ἒ

428 1038 612 1086 εἴπαντος
643 1037 884 1090 ἐλευθέρως,
921 1034 1026 1086 ἅπας

369 1111 428 1142 τις
448 1091 583 1134 αὐτῶν
611 1092 755 1145 φωνήν
786 1091 937 1148 ῥήξας]
969 1097 1026 1133 Ita

370 1151 589 1202 Schweigh.
604 1159 641 1188 et
652 1153 780 1201 Gaisfi,
802 1165 895 1203 quos
915 1165 1026 1190 secu-

369 1216 428 1246 tus
448 1222 546 1245 stun.
578 1208 731 1246 Schaef.
757 1215 793 1245 et
812 1207 947 1246 Matth.
965 1209 1025 1246 di-

366 1262 626 1302 stinctionem*
643 1272 850 1316 posuerunt
871 1273 958 1303 ante
978 1265 1026 1305 ε’·-

367 1320 588 1373 λευθέρωςς
618 1323 732 1359 male.
771 1324 815 1358 In
835 1323 1025 1374 plerisque

367 1379 470 1415 libris
491 1379 582 1415 olim
602 1379 674 1416 ita:
717 1378 898 1426 εἴπαντος
918 1377 1026 1419 ἐλευ-

354 1436 561 1486 -θερῶσαι,
582 1438 660 1482 πᾶς
672 1451 728 1482 τις
748 1451 784 1474 κ.
795 1450 826 1476 τ.
839 1438 939 1476 λ.--
953 1429 1027 1474 ocv’-

367 1494 448 1530 τῶν
473 1490 561 1528 dedi
580 1505 647 1542 pro
669 1487 833 1531 αὐτέων.
872 1490 933 1528 Ad
966 1490 1026 1528 di-

367 1549 534 1585 ctionem
555 1545 699 1598 φωνήν
723 1544 846 1599 ῥήξας
865 1547 964 1584 conf.
977 1549 1026 1584 11.

366 1607 393 1644 2
421 1611 458 1640 et
488 1603 536 1641 ad
555 1605 669 1641 verba
690 1601 745 1654 μή
767 1603 916 1643 ποιέειν
949 1619 1025 1654 μη-

366 1658 435 1699 δὲν
468 1656 661 1711 νεώτερον
683 1662 748 1707 111,
781 1662 847 1700 62.
881 1661 926 1706 V,
957 1659 1024 1700 35.

372 1719 466 1757 106.
486 1718 549 1763 Vl,
572 1720 610 1757 2.
633 1716 698 1757 74.
747 1718 823 1752 Pro
841 1711 1021 1763 Ἑλλάδα,

369 1771 474 1824 quod
502 1774 676 1809 meliores
711 1772 822 1810 codd.
856 1779 1022 1820 tuentur,

369 1842 419 1865 ex
457 1829 556 1866 Aldo
596 1830 758 1866 fluxerat
806 1828 1025 1878 Ἑλληνίδα,

370 1885 475 1937 quod
511 1900 600 1924 cum
622 1893 778 1926 recentt.
813 1885 900 1923 edd.
920 1886 1025 1922 abie-

368 1946 502 1982 ciinus.
533 1944 642 1981 Cous.
663 1945 745 1993 Vss,
766 1943 834 1985 25.
856 1941 948 1984 115.

564 2068 656 2119 Cap.
678 2067 813 2108 XCIV.

421 2166 560 2222 Ἱππίῃ
584 2166 626 2208 δὲ
646 2167 836 2208 ἐνθεῦτεν
848 2164 1022 2207 ἀπελαυ-

367 2223 551 2278 νομένῳ]
585 2227 609 2262 i.
632 2239 664 2262 e.
683 2225 1023 2275 Hi1›pi‹iln'nc(La-

368 2281 631 2331 cedaemone)
679 2282 884 2319 discedente.
958 2282 1022 2317 Tu

367 2339 468 2375 cons.
508 2339 590 2386 Vll,
619 2341 714 2378 210.
773 2337 850 2375 Sed
886 2335 1024 2374 viden-

369 2393 462 2431 dum
475 2401 605 2431 monet
621 2393 852 2444 Schweigh„
874 2407 921 2429 ue
935 2407 1023 2443 gra—

367 2453 449 2488 vius
479 2450 569 2502 quid
597 2450 846 2501 significetur:
883 2449 1023 2500 He'ppici

369 2508 451 2544 inde
468 2507 623 2557 repulso,
655 2520 745 2543 cum
763 2520 853 2544 sane
878 2507 940 2542 ille
960 2514 1023 2543 tu-

368 2564 468 2600 lisset
488 2564 689 2614 repulsam.
712 2564 819 2601 cons.
834 2564 914 2608 vll,
934 2566 1024 2604 161.

369 2621 414 2656 In
433 2633 538 2672 seqq.
561 2617 798 2659 όΙῑἸακεδών
821 2626 874 2657 est
895 2619 1024 2656 silace-

370 2676 495 2714 donum
522 2690 605 2723 rex,
644 2684 685 2713 ut
713 2689 801 2713 sane
830 2677 894 2712 vix
915 2688 1021 2726 opus,

367 2732 470 2785 quod
491 2734 553 2770 alii
587 2732 761 2779 afferunt,
784 2730 807 2771 ό
831 2728 1021 2771 Μακεδό-

371 2804 454 2828 νων
471 2786 669 2840 βασιλεύς.
727 2791 790 2826 Τυ
809 2790 910 2825 conf.
931 2790 959 2835 1,
982 2792 1020 2829 2.

370 2846 415 2892 V,
446 2849 522 2896 20ἱ
542 2846 642 2894 VIII,
675 2844 767 2887 142.
795 2846 863 2894 IX,
884 2845 950 2893 44,
972 2858 1021 2882 ue

367 2903 490 2953 plma.

1134 1036 1427 1090 Ἀνθεμοῦντα]
1442 1041 1592 1078 Locum
1606 1041 1645 1077 in
1656 1041 1744 1078 Ma-

1082 1095 1240 1133 cedouifi
1262 1098 1377 1133 situm
1405 1109 1526 1148 prope
1559 1096 1743 1134 ditionem

1081 1151 1461 1190 Thessalonicensem
1499 1166 1571 1191 nec
1607 1155 1742 1205 procul

1080 1210 1128 1246 ab
1158 1210 1251 1246 urbe
1279 1222 1344 1257 ea,
1387 1210 1448 1245 cui
1474 1223 1577 1247 nuuc
1597 1223 1742 1248 nomen

1083 1264 1289 1312 Salonichi,
1328 1273 1604 1304 commemorat
1627 1265 1742 1304 Thu-

1082 1321 1235 1372 cydides
1255 1323 1302 1368 ΙΙ,
1324 1323 1391 1367 99,
1414 1334 1530 1373 quem
1550 1336 1641 1359 cum
1660 1324 1742 1361 aliis

1081 1379 1303 1415 testimoniis
1324 1379 1501 1416 excitavit
1513 1379 1648 1419 cellar.
1660 1381 1694 1416 N
1697 1392 1744 1416 o-

1082 1436 1138 1471 tit.
1162 1435 1250 1471 orb.
1272 1434 1404 1486 Antiq.
1424 1436 1478 1480 Π,
1497 1438 1546 1476 13
1566 1449 1605 1486 Ρ.
1621 1434 1743 1477 1046.

1082 1490 1215 1528 Iolcum
1239 1492 1282 1527 iu‘
1314 1488 1512 1528 Thessalia
1539 1491 1590 1528 ad
1612 1492 1741 1529 sinum

1082 1548 1333 1597 Pagasaeum,
1346 1548 1411 1583 ubi
1423 1548 1671 1598 Argonautae
1692 1548 1742 1586 ad

1081 1604 1152 1639 iter
1161 1602 1379 1640 faciendum
1388 1615 1612 1652 convenere,
1624 1617 1741 1642 nemo

1081 1659 1159 1696 fere
1180 1661 1310 1696 nescit.
1343 1667 1345 1673 '
1366 1660 1546 1696 Veterum
1568 1662 1742 1698 testimo-

1081 1717 1140 1751 nia
1163 1714 1417 1766 suppeditabit
1436 1715 1541 1752 idem
1562 1717 1698 1754 Cellar.
1711 1718 1739 1754 l.

1079 1772 1105 1808 l.
1128 1784 1214 1822 pag.
1251 1774 1356 1812 1076
1387 1785 1466 1824 seq.
1523 1775 1634 1810 Nunc
1653 1774 1738 1810 loco

1081 1841 1222 1864 nomen
1245 1840 1325 1865 esse
1345 1827 1499 1865 tradunt
1518 1828 1668 1866 Boritza
1689 1829 1739 1866 ad

1081 1886 1267 1922 orientem
1307 1884 1437 1935 oppidi
1484 1885 1583 1933 Volo,
1633 1884 1738 1938 quod

1080 1943 1205 1992 ipsum
1226 1942 1265 1977 iu
1287 1941 1370 1978 loco
1391 1943 1524 1979 veteris
1544 1942 1638 1979 Iolci
1667 1956 1739 1980 ex-

1078 2005 1263 2034 structum
1279 1998 1341 2033 alii
1369 1997 1619 2036 contendunt.
1678 1999 1738 2036 Cf.

1079 2056 1268 2090 Mannert.
1287 2055 1427 2103 Geogr.
1448 2055 1517 2091 VII
1536 2068 1624 2106 pag.
1641 2055 1738 2097 591.

1135 2106 1330 2162 ἀνεχώρεε
1353 2108 1395 2149 δὲ
1417 2106 1563 2160 ὀπίσω]
1595 2111 1657 2149 Ad
1677 2113 1738 2148 lo-

1078 2169 1270 2203 cutionem
1291 2168 1390 2208 conf,
1411 2174 1506 2204 nott.
1529 2167 1651 2216 ale,
1673 2170 1738 2209 16.

1078 2224 1123 2271 Y,
1155 2227 1220 2264 27.
1251 2222 1375 2259 Rediit
1403 2236 1493 2259 vero
1515 2223 1650 2274 Sparta
1673 2224 1738 2261 Si-

1079 2292 1196 2329 geum
1226 2280 1381 2329 Hippias
1412 2280 1564 2330 Oljwnp.
1597 2283 1663 2327 71,
1699 2284 1736 2328 1,

1078 2335 1182 2373 idem
1222 2334 1381 2372 Athenis
1419 2336 1546 2385 pulsus
1581 2337 1737 2386 Olpnp.

1081 2395 1146 2440 67,
1162 2395 1201 2439 3,
1214 2399 1254 2428 ut
1276 2398 1381 2428 notat
1401 2390 1522 2427 Plehn
1544 2392 1582 2427 in
1598 2392 1736 2429 Lesbb.

1079 2461 1167 2499 pag.
1189 2448 1256 2488 53.
1276 2470 1327 2475 -
1357 2449 1401 2483 In
1432 2449 1607 2498 proxime
1627 2454 1738 2484 ante-

1081 2504 1191 2541 cedd.
1202 2517 1270 2554 pro
1288 2502 1457 2543 τουτέων
1468 2503 1555 2541 dedi
1569 2499 1735 2543 τούτων.

1080 2584 1134 2588 —
1157 2559 1267 2606 Quod
1295 2562 1463 2612 sequitur
1482 2560 1605 2614 αἰχμῇ
1625 2561 1678 2609 (i.
1700 2574 1734 2597 e.

1081 2618 1188 2665 bello,
1219 2630 1392 2653 armorum
1430 2617 1505 2664 vi),
1554 2618 1734 2668 frequens

1079 2673 1172 2710 illud
1194 2672 1294 2724 apud
1315 2671 1547 2720 Pindarum3
1579 2672 1625 2709 de
1656 2685 1735 2725 quo

1078 2730 1154 2767 vid.
1194 2731 1295 2766 locos
1321 2731 1450 2767 allatos
1488 2730 1527 2765 in
1557 2730 1735 2766 Duncan.

1078 2790 1171 2823 Lex.
1209 2787 1425 2823 Homerico.
1447 2807 1468 2812 —
1487 2785 1642 2822 Pindar.
1686 2786 1734 2822 ab

1077 2845 1180 2880 Rost.
1213 2842 1302 2879 edit.
1332 2856 1361 2878 s.
1394 2856 1430 2878 v.
1459 2855 1546 2892 pag.
1575 2841 1627 2882 46
1648 2842 1735 2882 Vol.

1078 2902 1108 2937 l.
1139 2897 1239 2936 Add.
1252 2897 1429 2950 Aeschyl.
1443 2896 1639 2936 Prometh.
1652 2897 1735 2938 413

1873 741 1888 756 10

1873 823 1876 835 ο

1874 909 1882 925 *-

1875 1049 1877 1059 A

1876 1124 1878 1142 Ι

1874 1147 1878 1165 i

1876 1166 1891 1199 ..-

1876 1200 1879 1226 ³
