1897 3340
42 1165 141 1212 225

533 170 993 210 POLYMNIA
1050 170 1150 207 Vll.
1378 177 1462 217 779

207 283 252 327 οἵ
273 282 320 326 δὲ
338 286 450 326 τοῖσι
466 283 606 339 ξίφεσι
629 278 904 336 διεργάζοντο
923 294 1029 329 τους
1049 278 1235 332 Πέρσας.
1265 282 1337 323 και
1348 287 1462 326 Λεω

176 353 333 407 Ξνίδης
351 368 396 395 τε
418 352 465 395 ἐν
484 349 623 408 τούτῳ
642 352 704 392 τῶ
722 345 842 405 πόνῳ
861 346 1017 399 πίπτει,
1039 344 1150 402 ἀνήρ
1162 346 1393 402 γενόμενος
1414 350 1462 394 ἅ-
1476 351 1592 409 10¹¹j¹¹¹„·'²

206 431 362 474 ριστος,
382 420 453 462 καὶ
475 419 612 473 ἕτεροι
628 413 714 472 μετ’
723 414 862 458 αὐτοῦ
882 414 1118 470 ὀνομαστοὶ
1140 416 1477 471 Σπαρτιητέων,

204 491 296 532 τῶν
317 487 398 544 ἐγώ
421 487 478 538 ὥς
490 486 664 540 ἀνδρῶν
676 481 808 536 ἀξίων
822 482 1073 540 γενομένων
1083 482 1312 540 ἐπυθόμην
1324 483 1375 527 τὰ
1392 484 1467 528 ου’-

206 554 387 612 νόματα·
400 553 625 610 ἐπυθόμην
635 551 680 596 δὲ
694 552 768 596 καὶ
780 550 988 596 ἁπάντων
999 555 1086 594 τῶν
1096 553 1370 607 τριηκοσίων.
1391 554 1467 596 καὶ

176 624 262 681 3δὴ
293 625 366 668 καὶ
397 621 603 675 Περσέων
631 621 839 664 πίπτουσι
869 620 1063 664 ἐνθαῦτα
1093 619 1217 664 ἄλλοι
1246 636 1290 664 τε
1309 623 1464 666 πολλοὶ
1481 630 1524 665 15

205 693 279 737 καὶ
309 690 563 746 ὀνομαστοί·
601 688 648 732 ἐν
689 688 735 731 δὲ
774 687 827 743 δὴ
861 689 937 732 καὶ
965 690 1160 744 Δαρείου
1190 689 1272 732 δύο
1303 692 1467 743 παῖδες,

198 757 467 816 Ἀβροκόμης
495 773 540 801 τε
570 758 643 801 καὶ
665 755 948 813 Ὑπεράνθης,
979 757 1026 801 ἐκ
1042 761 1117 814 τῆς
1142 756 1356 811 Ἀρτάνεω
1386 763 1469 801 θυ-

176 826 368 882 4γατρὸς
402 825 715 881 Φραταγούνης
743 826 969 881 γεγονότες
991 827 1183 881 Δαρείῳ.
1245 824 1268 868 ὁ
1298 825 1344 868 δὲ
1371 824 1468 878 Ἀρ·-

204 892 350 950 τοὶνης,
379 893 575 946 Δαρείου
604 894 683 950 μὲν
711 897 794 937 τοῦ
814 892 1013 950 βασιλέος
1043 887 1100 949 ἦν
1129 891 1361 949 ἀδελφεός,
1398 892 1469 936 ’Τ-

206 961 418 1012 στάσπεος
447 959 493 1003 δὲ
525 964 607 1004 τοῦ
643 959 865 1018 Ἀρσᾶμεω
905 967 1007 1011 παῖς
1027 975 1037 986 ·

206 1028 288 1085 τήν
326 1028 550 1084 θυγατέρα
579 1031 780 1089 Δαρείῳ,
810 1029 890 1075 τὸν
920 1028 1043 1073 οἷκον
1072 1027 1216 1072 πάντα
1248 1029 1326 1072 τὸν
1354 1029 1465 1073 έωυ-
1481 1036 1523 1070 21

205 1099 287 1139 τοῦ
328 1097 538 1147 ἐπέδωκε,
569 1096 629 1149 ὥς
658 1098 829 1154 μούνου
861 1099 905 1141 οἱ
932 1095 1088 1154 ἐούσης
1117 1097 1278 1154 ταύτης
1297 1098 1467 1141 τέκνου.

206 1163 375 1219 Ξέρξεώ
410 1181 453 1207 τε
495 1166 547 1222 δὴ
579 1166 660 1210 δύο
691 1165 898 1222 ἀδελφεοὶ
927 1166 1121 1209 ἐνθαῦτα
1151 1166 1358 1209 πίπτουσι
1387 1182 1470 1220 μα-

148 1262 149 1265 =
208 1230 406 1288 χεόμενοι
434 1231 546 1287 ὑπὲρ
576 1238 657 1278 τοῦ
689 1238 852 1289 νεκροῦ
880 1236 962 1277 τοῦ
982 1235 1221 1287 Λεωνίδεω,
1262 1235 1470 1287 Περσέων

205 1316 250 1344 τε
278 1301 352 1344 καὶ
375 1303 737 1357 Λακεδαιμονίων
768 1300 965 1358 ὠθισμὸς
995 1301 1161 1357 ἐγένετο
1191 1300 1351 1352 πολλὸς
1372 1301 1413 1352 ἐς
1444 1300 1468 1348 δ

204 1367 366 1412 τοῦτόν
395 1385 439 1413 τε
470 1368 602 1428 ἀρετῇ
634 1373 677 1415 οἱ
694 1370 900 1428 Ἕλληνες
927 1369 1225 1424 ὑπεξείρυσαν,
1256 1369 1331 1413 καὶ
1351 1369 1469 1424 ἐτρέ-

150 1530 345 1572 Schaefer.
368 1528 637 1583 ου’νομαστοί.
659 1556 708 1561 —
730 1533 812 1570 Vo-

149 1602 235 1626 cem
256 1586 379 1637 οἷξίων
413 1591 539 1627 minus
559 1591 811 1627 necessariam

148 1644 264 1684 habet
283 1645 534 1684 Valckenaer.
577 1648 620 1682 In
637 1648 717 1697 ipsa
738 1659 810 1683 au-

149 1709 229 1740 tem
250 1703 409 1754 Spartae
423 1704 517 1741 urbe
528 1702 621 1740 dum
634 1716 811 1740 commo-

149 1761 303 1797 rabatur
333 1762 487 1808 Noster,
520 1761 811 1811 Spartanorum,

151 1817 216 1868 qui
237 1818 505 1864 occubuerant,
525 1819 682 1853 nomina
702 1818 812 1853 illum

151 1875 338 1924 accepisse
351 1872 590 1911 crediderim.
600 1873 812 1911 Vid.Dahl-

151 1943 284 1966 mann.
306 1929 450 1967 Herod.
463 1944 501 1981 p.
517 1930 570 1971 59
597 1931 685 1968 coll.
713 1937 811 1969 nott.

151 1985 203 2023 ad
223 1988 293 2031 III,
316 1986 383 2027 55.

204 2049 455 2106 Ἀβροκόμης
473 2069 515 2094 τε
537 2050 814 2105 καὶ“Τπεροῖν-

151 2112 260 2160 θης]
312 2111 421 2148 Conf.
452 2118 548 2149 nott.
572 2110 621 2148 ad
645 2113 712 2158 III,
743 2113 813 2152 88.

151 2168 246 2202 Mox
266 2166 447 2217 βασιλέος
480 2167 569 2205 dedi
598 2181 667 2218 pro
699 2168 815 2219 βασι-

153 2224 265 2269 λῆος.
290 2221 490 2264 ἐκδιδόναι
509 2224 557 2261 de
588 2231 718 2275 patre,
754 2226 818 2274 qui

144 2279 267 2330 filiam
299 2291 400 2316 suam
427 2281 550 2328 elocat,
578 2286 724 2332 nuptum
751 2281 815 2318 dat

153 2335 370 2373 invenimus
402 2336 467 2384 IV,
503 2337 595 2386 146,
635 2339 702 2375 ubi
734 2336 814 2376 vid.

154 2398 252 2429 nott.

209 2445 283 2488 τόν
304 2443 416 2487 οἷκον
432 2443 564 2486 πάντα
577 2444 648 2486 τόν
661 2446 816 2488 ἑωυτοῦ

154 2503 345 2553 ἐπέδωκε]
358 2505 384 2541 ἰ.
398 2517 430 2542 e.
444 2506 584 2553 insuper
594 2504 691 2542 (ledit
699 2507 814 2542 omnia

157 2575 224 2598 sua
248 2563 348 2598 bona.
405 2562 535 2612 Atque
565 2556 679 2600 οἷκον
705 2568 815 2598 vete-

157 2631 216 2655 res
252 2617 389 2655 dixisse
416 2619 668 2666 patrimonium
691 2621 813 2666 totum,

157 2677 342 2712 universas
379 2672 610 2724 facultates,
658 2680 817 2712 testatur

157 2732 386 2769 Ammonius
406 2729 508 2781 apud
537 2742 675 2782 quem:
706 2728 817 2779 οἶκος

157 2786 306 2841 λέγεται
335 2785 365 2840 ἡ
386 2790 496 2827 πᾶσα
521 2782 640 2826 ου’σία
658 2801 696 2839 p.
723 2791 815 2837 102,

865 1533 932 1570 ubi
942 1531 1019 1570 vid.
1032 1530 1231 1580 Valcken„
1252 1532 1422 1584 itemque
1443 1534 1527 1570 Ho—

866 1603 1020 1637 merus,
1057 1591 1163 1626 cuius
1197 1590 1298 1626 conf.
1330 1589 1461 1641 Odyss.
1490 1592 1526 1626 ΙΙ

865 1650 961 1689 238.
993 1647 1079 1683 Alia
1101 1647 1225 1683 attulit
1245 1645 1431 1683 Valcken.
1460 1648 1526 1683 Tu

867 1705 970 1741 conf.
989 1704 1123 1740 Lexic.
1152 1702 1334 1754 Xenoph.
1362 1705 1416 1739 ΙΙΙ
1437 1717 1526 1754 pag.

868 1762 964 1802 256.
1014 1759 1131 1811 Apud
1150 1759 1364 1797 Diodorum
1383 1762 1451 1807 XI,
1477 1763 1523 1800 11

868 1819 950 1854 init.
981 1818 1165 1861 leoimus.
1204 1831 1275 1856 τον
1300 1815 1452 1855 ἑαυτῶν
1485 1815 1528 1856 δὲ

869 1874 961 1925 βίον
988 1870 1213 1925 προθυμως
1250 1872 1267 1912 ἐ
1281 1888 1310 1912 π
1327 1872 1374 1912 έδ
1389 1888 1453 1911 ωκ
1470 1889 1529 1913 αν

871 1945 927 1976 εις
957 1927 1032 1981 τήν
1064 1926 1207 1980 κοινήν
1232 1933 1314 1969 τῶν
1328 1926 1528 1980 Ἑλληνων

871 1987 1082 2040 σωτηρίαν,
1103 1987 1169 2024 ubi
1190 1987 1291 2029 conf,
1307 1987 1471 2026 Wessel.

1040 2089 1133 2140 Cap.
1156 2088 1344 2128 CCXXV.

928 2163 1110 2218 ὠθισμὸς
1129 2166 1279 2220 ἐγένετο
1307 2165 1471 2217 πολλός]
1500 2169 1530 2211 i.

871 2239 906 2262 e.
919 2226 1105 2276 conflictus
1124 2227 1279 2262 cominus
1289 2228 1531 2276 pugnantium

870 2295 971 2332 seque
991 2285 1121 2329 mutuo,
1143 2288 1184 2318 ut
1204 2281 1247 2319 fit
1265 2283 1305 2318 in
1326 2281 1531 2319 hominum

871 2340 982 2376 turba
1022 2339 1265 2385 inconcinna,
1302 2342 1532 2389 prementium

871 2403 907 2433 et
918 2396 1211 2446 prostituentium.
1250 2397 1307 2432 Ita
1331 2395 1533 2445 Schweig-

870 2450 1042 2488 haeuser.
1059 2453 1100 2488 iu
1120 2453 1250 2490 Lexic.
1272 2452 1435 2497 Herod„
1466 2453 1531 2488 ubi

871 2508 960 2544 citat
980 2508 1122 2546 Herod.
1143 2511 1213 2557 IX,
1234 2511 1288 2548 62
1308 2509 1373 2547 fin.
1397 2516 1433 2545 et
1452 2510 1532 2544 Po·—

869 2565 949 2615 lyb.
968 2564 1032 2611 IV,
1053 2566 1106 2606 58
1127 2567 1165 2611 ξ.
1187 2568 1226 2606 9.
1284 2566 1382 2601 Hinc
1416 2566 1531 2602 etiam

873 2615 1055 2671 ὠθισμὸς
1083 2619 1213 2675 λόγων
1242 2620 1342 2669 Vlll,
1364 2623 1432 2662 78.
1461 2622 1532 2668 IX,

873 2679 926 2717 26
957 2677 1040 2714 coll.
1069 2680 1138 2724 ΙΙΙ,
1167 2679 1235 2717 76.
1310 2676 1373 2714 Ad
1411 2678 1532 2728 ipsam

871 2735 1129 2771 narrationem
1146 2733 1193 2770 de
1212 2733 1407 2771 Leonidae
1425 2747 1534 2770 mor-

873 2797 911 2828 te
938 2791 1040 2828 conf.
1061 2787 1257 2827 Plutarch.
1285 2792 1301 2827 1
1322 2805 1360 2842 p.
1382 2793 1464 2832 306
1482 2792 1531 2829 D.

1519 283 1649 317 nmliqne
1667 284 1790 310 cirum-

1518 318 1598 355 xiii
1638 318 1750 376 ιιιιιΙΛΙ
1781 333 1791 337 <

1610 360 1705 418 «υιιτιηιι
1699 390 1765 410 ‹·1·t

1520 392 1694 452 ἸΙιΙ·Ι);ιιι4ι5,
1715 426 1762 445 oc-

1520 450 1670 478 cumbunt.

1085 960 1135 1012 ὂς
1163 963 1235 1004 καὶ
1266 962 1464 1012 ἐκδιδοὺς
1522 963 1599 1001 611
