1897 3340
514 181 1149 223 POLYMNIA.VII.
1379 189 1463 228 699

207 293 347 348 ,,ρέων
358 307 367 318 ·

419 292 529 337 ἄλλα
558 292 824 350 τιμωρητέον
852 292 918 346 εἴη
953 289 997 340 ἐς
1025 288 1074 332 τὸ
1110 290 1460 336 δυνατώτατον.“

177 362 510 417 δ’Υπεκρίναντο
551 362 629 418 μὲν
659 360 776 404 οὕτω
813 356 1090 413 εὐπρόσωπα.

1160 356 1250 400 ἐπεὶ
1292 358 1337 401 δὲ
1378 358 1462 403 ἔδει

204 428 420 485 βοηθέειν,
452 428 559 473 ἄλλα
587 431 796 479 νοεῦντες,
827 425 1083 483 ἐπλήρωσαν
1112 424 1210 478 νέας
1239 423 1463 481 ἑξήκοντα·

206 496 332 552 μόγις
362 497 406 541 δὲ
436 495 712 554 ἀναχθέντες,
741 495 1008 550 προσέμιξαν
1034 496 1088 551 τῇ
1128 492 1465 550 Πελοποννήσῳ,

206 563 280 607 καὶ
309 565 405 620 περὶ
436 565 589 609 Πύλον
618 565 691 609 καὶ
725 565 946 617 Ταίναρον
975 565 1054 618 γῆς
1083 565 1156 617 τῆς
1186 564 1521 617 Λακεδαιμο-ῧο

206 632 316 675 νίων
345 632 616 690 ἀνεκώχευον
644 631 722 685 τοὶς
751 631 862 685 νέας,
891 633 1231 687 καραδοκέοντες
1245 629 1319 675 καὶ
1339 624 1466 674 οὗτοι

206 815 494 870 ι’Τπεκρίνανιό
519 815 591 869 μὲν
619 813 724 857 οὕτω
738 811 807 856 εὖ·

153 875 377 925 πρόσωπα]
420 875 513 923 „Sz'c
559 875 619 912 illi
657 874 806 924 quidem,

151 931 299 981 prolixe
320 933 490 982 polliciti.
511 932 560 968 ad
571 933 712 982 speciem
718 931 808 981 pul-

153 1001 208 1025 cre
235 988 508 1038 responderunt5
539 985 636 1026 ἄλλα
669 986 808 1026 νοέον-

152 1058 226 1090 τες.
263 1045 416 1082 Sallust.
448 1047 495 1086 B,
524 1046 606 1095 Iug.
628 1043 697 1084 75.
754 1043 811 1081 Ad

154 1114 195 1139 ea
215 1114 278 1138 rex
308 1102 415 1139 amer
435 1106 542 1152 atque
569 1102 685 1138 animo
704 1113 811 1149 gere-

154 1160 236 1206 hat,
275 1159 426 1226 placide
455 1158 644 1209 respondi&
701 1156 811 1194 Idem

154 1220 209 1252 est
240 1228 470 1266 ευπρεπως;
512 1214 615 1267 quod
636 1215 809 1252 honestum

154 1273 255 1310 dictu
276 1273 425 1309 veritati
442 1271 713 1323 praetenditur,
738 1272 810 1310 τοῦ

152 1324 273 1380 λόγου
295 1328 431 1366 dieitur
450 1326 493 1368 τὸ
515 1324 718 1379 εὐπρεπές.
746 1327 810 1365 αι’-

154 1385 244 1425 τίαν
297 1381 475 1436 εὐπρεπῆ
503 1386 692 1435 speciosam
720 1397 809 1434 quae

152 1444 376 1494 praetexitur
406 1455 569 1489 causam,
617 1436 808 1491 α’φορμήν

156 1494 425 1550 εὐπρόσωπον
444 1506 555 1535 vocat
567 1499 729 1536 Pausan.
742 1498 806 1546 IV,

156 1554 241 1602 4§
265 1556 332 1596 3.“
373 1555 599 1593 Valcken.

211 1643 454 1698 προσέμιξαν
475 1647 527 1700 τῇ
549 1637 815 1695 Πελοποννή-

156 1704 240 1755 σῳ]
276 1704 334 1738 De
373 1703 489 1739 verbo
519 1699 814 1753 προσμιγνύναι

157 1759 258 1795 conf.
271 1760 382 1796 allata
398 1759 446 1795 ad
458 1759 520 1807 VI,
536 1762 588 1799 96
609 1760 695 1795 etin
707 1771 812 1810 seqq.

158 1813 206 1852 de
225 1816 343 1852 verbo
366 1811 635 1865 ἀνακωχεύειν
648 1821 743 1852 nott.
766 1814 815 1851 ad

156 1872 220 1919 Vl,
245 1874 323 1912 116
347 1872 432 1909 coll.
464 1870 572 1908 Suid.
605 1885 634 1909 s.
662 1885 699 1908 v.
730 1873 748 1907 Ι
777 1885 813 1921 p.

161 1930 254 1969 166.
279 1927 409 1979 Pylum
427 1941 507 1965 non
528 1929 645 1965 alium
655 1926 693 1966 h.
712 1927 736 1966 l.
749 1925 814 1963 ha-

156 1984 230 2022 beo
241 1991 354 2035 atque
365 1984 413 2022 M
413 1988 633 2032 essenz'acum‚
649 1987 814 2022 Nestoris

157 2040 289 2078 sedem
305 2043 475 2079 Homero
497 2043 726 2079 celebratam
747 2055 815 2078 eo-

159 2111 234 2149 que
255 2098 333 2135 sere
354 2100 438 2135 loco
459 2099 582 2146 sitam,
615 2111 690 2150 quo
711 2112 814 2135 nunc

160 2153 387 2193 Navarinum
405 2159 514 2196 vetus.
573 2157 630 2192 De
651 2168 726 2207 quo
738 2154 813 2195 vid.

161 2211 400 2261 potissimum
419 2214 452 2248 N
455 2211 583 2251 itzsch.
597 2211 644 2249 ad
658 2213 816 2249 Homeri

163 2265 235 2305 Od.
258 2265 412 2316 111‚4p.
438 2271 515 2309 133
536 2283 642 2321 seqq.
665 2276 701 2306 et
723 2269 816 2306 Gal-

162 2324 244 2360 lum
256 2324 497 2373 ingeniosum
517 2325 646 2374 Edgar
656 2327 814 2371 Quinet:

162 2381 221 2416 De
251 2380 288 2416 la
320 2379 442 2416 Grece
480 2379 665 2416 moderne
694 2389 729 2418 et
759 2395 816 2419 ses

164 2443 335 2488 rapports
366 2449 457 2473 avec
489 2436 700 2487 l’antiquite'
722 2438 817 2480 (Pa-

163 2494 213 2530 ris
237 2491 358 2541 1830)
382 2506 418 2543 p.
445 2495 496 2533 12
515 2505 593 2543 seq.
631 2494 689 2528 De
722 2493 819 2530 Tae-

162 2562 250 2588 nara
270 2549 370 2586 conf.
392 2551 421 2597 Ι,
443 2547 495 2588 24
516 2549 608 2600 ibiq.
628 2555 724 2587 nott.

216 2626 523 2684 καραδοκέοντες
546 2625 612 2665 καὶ
635 2620 821 2667 οὗτοιτὸν

165 2682 382 2735 πόλεμον,
359 2701 384 2735 ῃ
397 2682 679 2733 πεσέεταιΠίἀ
684 2682 820 2721 Suidas

167 2744 330 2793 s.v.11p.
343 2741 421 2783 241
437 2749 474 2779 et
487 2740 627 2780 Herod.
640 2741 720 2788 VII,
728 2742 818 2781 163

165 2798 264 2848 Vm,
275 2801 340 2848 67,
359 2799 444 2837 loco
464 2798 634 2836 maxime
648 2796 817 2849 gemino,

863 816 929 852 ubi
949 816 1051 852 Parii
1072 811 1333 865 ἐκαραδόκεον
1357 809 1427 852 τὸν
1448 806 1524 851 πό-

862 876 1004 922 λεμον,
1035 875 1084 926 τῇ
1104 868 1372 922 οἷποβήσεταιε
1396 868 1436 906 id
1457 875 1524 917 est,

865 930 1088 967 observante
1121 927 1422 974 Valckenaerio,
1452 940 1524 964 πε-

865 983 1103 1038 ριεσκόπουν
1115 983 1319 1036 ὁποτέροις
1333 978 1385 1021 ἂν
1404 979 1525 1033 πρός-

866 1047 1044 1082 θωνταιε
1078 1046 1233 1079 eventum
1264 1040 1524 1090 exspectabant,

866 1104 908 1138 ut
921 1099 1089 1150 fortunae
1110 1098 1334 1149 applicarent
1355 1109 1422 1133 sua
1441 1110 1525 1134 con—

867 1158 951 1195 silia
978 1158 1056 1195 sive
1087 1158 1203 1194 utrius
1246 1155 1365 1204 partis
1402 1153 1521 1190 melior

861 1214 1016 1266 fortuna
1055 1213 1139 1251 belli
1170 1215 1275 1258 esset,
1315 1214 1356 1247 ut
1381 1209 1431 1246 ad
1449 1211 1523 1246 eius

867 1273 1063 1308 societatem
1092 1269 1303 1306 inclinarent
1312 1281 1325 1311 ;
1356 1279 1523 1317 quomo-

868 1327 917 1364 do
938 1328 1058 1363 ferme
1078 1327 1207 1363 Livius
1227 1325 1391 1370 XXXII,
1410 1326 1460 1363 21
1486 1331 1523 1361 et

865 1386 1014 1431 XXXI,
1035 1386 1088 1423 32
1122 1382 1224 1419 conf.
1254 1379 1419 1427 XXXV,
1455 1381 1522 1420 48.

864 1442 922 1478 Ac
942 1439 1110 1477 Diodoro
1132 1439 1179 1476 de
1209 1437 1280 1475 hac
1313 1438 1524 1486 Corcyrae-

869 1511 981 1535 orum
1006 1497 1247 1534 simulatione
1275 1495 1327 1531 ita
1347 1494 1524 1530 scribenti

869 1554 1041 1603 XI‚15:
1076 1569 1129 1600 ως
1153 1551 1194 1592 δέ
1215 1566 1318 1597 τινες
1333 1565 1413 1589 των
1430 1561 1522 1602 συγ-

872 1609 1062 1665 γραφέων
1084 1610 1309 1662 ἱστοροῦσι,
1350 1607 1525 1658 καραδο-

870 1671 1033 1714 βιοῦντες
1051 1682 1120 1713 τας
1147 1668 1220 1705 τοῦ
1247 1662 1423 1715 πολέμου
1453 1663 1524 1714 ῥο-

871 1740 949 1771 πας
971 1725 1048 1761 sive
1064 1723 1381 1774 καραδοκοῦντες
1396 1716 1439 1758 τό
1453 1722 1526 1758 τοῦ

871 1779 1046 1831 πολέμου
1071 1778 1191 1827 τέλος,
1222 1776 1437 1813 Herodotea
1458 1777 1525 1813 ob-

871 1844 1017 1875 versata
1064 1837 1179 1873 fuisse
1236 1840 1337 1870 recte
1397 1834 1526 1870 statuit

870 1894 1162 1943 Wesselingius.
1229 1891 1335 1927 Facit
1373 1903 1527 1941 quoque

869 1949 958 1998 huc,
990 1949 1093 2002 quod
1129 1949 1267 1998 legitur
1300 1947 1526 1994 V111‚130:

872 2002 1146 2046 ωτακούστεον
1169 2001 1264 2055 ὅκη
1283 2002 1528 2043 πεσέεται

870 2079 918 2102 τα
940 2062 1180 2114 Μαρδονίου
1202 2075 1423 2113 πρηγματα.
1465 2059 1527 2097 Ad

872 2126 1141 2170 argumentum
1172 2118 1272 2155 conf.
1303 2115 1525 2167 Thucydid.

871 2178 901 2224 I,
923 2180 987 2223 32,
1021 2177 1088 2212 ubi
1114 2174 1213 2212 hane
1241 2186 1350 2211 suam
1381 2174 1422 2209 in
1453 2187 1527 2226 ope

873 2233 1055 2270 Graeciae
1066 2233 1252 2269 laboranti
1261 2230 1416 2268 ferenda
1433 2243 1528 2268 cun-

873 2291 1104 2337 ctationem,
1144 2286 1218 2341 τὴν
1255 2284 1450 2340 πρότερον
1479 2284 1530 2328 οἷ-

871 2341 1161 2398 πραγμοσύνην
1176 2376 1186 2394 ,
1222 2343 1390 2383 1ηἰῒίὺυε’
1404 2346 1528 2383 verbis

874 2416 1054 2440 excusare
1073 2404 1246 2440 nituntur
1272 2415 1387 2454 opem
1406 2401 1530 2440 Athe-—

872 2460 1062 2496 niensium
1083 2467 1301 2511 expetentes
1316 2459 1526 2511 Corcyraei.

874 2516 942 2552 His
982 2514 1130 2552 dudum
1170 2517 1289 2553 allatis
1316 2516 1415 2553 addo
1443 2517 1527 2551 Eu-

875 2569 986 2608 stath.
1009 2570 1057 2608 ad
1077 2572 1210 2624 Odyss.
1225 2574 1306 2619 VII,
1337 2571 1417 2612 325
1438 2584 1525 2621 pag.

876 2629 957 2669 288
978 2629 1106 2678 Basil.,
1129 2631 1193 2682 qui
1208 2630 1435 2679 Corcyraeos
1456 2639 1527 2663 an-

875 2684 1005 2734 cipites
1032 2698 1112 2724 esse
1140 2686 1314 2724 homines
1349 2697 1397 2720 ex
1427 2685 1526 2720 Her—

873 2742 1005 2793 mippo
1025 2742 1160 2792 tradit3
1182 2742 1298 2793 idque
1318 2741 1444 2788 etiam,
1466 2747 1526 2777 te—

872 2803 929 2836 ste
945 2798 1152 2848 Herodoto,
1171 2798 1347 2850 probasse
1356 2797 1396 2834 in
1405 2798 1526 2835 Grae-
