<?xml version="1.0" encoding="UTF-8"?>
<!DOCTYPE html PUBLIC "-//W3C//DTD XHTML 1.0 Transitional//EN"
    "http://www.w3.org/TR/xhtml1/DTD/xhtml1-transitional.dtd">
<html xmlns="http://www.w3.org/1999/xhtml" xml:lang="en" lang="en">
 <head>
  <title>
</title>
<meta http-equiv="Content-Type" content="text/html;charset=utf-8" />
  <meta name='ocr-system' content='tesseract 3.04.00' />
  <meta name='ocr-capabilities' content='ocr_page ocr_carea ocr_par ocr_line ocrx_word'/>
</head>
<body>
  <div class='ocr_page' id='page_1' title='image "./musaeher03hero_0665.png"; bbox 0 0 1897 3340; ppageno 0'>
   <div class='ocr_carea' id='block_1_1' title="bbox 0 0 41 2523">
    <p class='ocr_par' dir='ltr' id='par_1_1' title="bbox 0 0 41 2523">
     <span class='ocr_line' id='line_1_1' title="bbox 0 0 41 2523; baseline 0 0"><span class='ocrx_word' id='word_1_1' title='bbox 0 0 41 2523; x_wconf 95' lang='lat' dir='ltr'><strong> </strong></span> 
     </span>
    </p>
   </div>
   <div class='ocr_carea' id='block_1_2' title="bbox 531 216 1168 256">
    <p class='ocr_par' dir='ltr' id='par_1_2' title="bbox 531 216 1168 256">
     <span class='ocr_line' id='line_1_2' title="bbox 531 216 1168 256; baseline -0.006 0"><span class='ocrx_word' id='word_1_2' title='bbox 531 216 1010 256; x_wconf 87' lang='lat' dir='ltr'><strong>POLYMNIA.</strong></span> <span class='ocrx_word' id='word_1_3' title='bbox 1070 216 1168 253; x_wconf 90' lang='lat' dir='ltr'>VII.</span> 
     </span>
    </p>
   </div>
   <div class='ocr_carea' id='block_1_3' title="bbox 213 321 1461 447">
    <p class='ocr_par' dir='ltr' id='par_1_3' title="bbox 11 321 1461 447">
     <span class='ocr_line' id='line_1_3' title="bbox 213 321 1461 382; baseline -0.001 -8.14"><span class='ocrx_word' id='word_1_4' title='bbox 213 328 362 368; x_wconf 84' lang='grc' dir='ltr'><strong><em>Ταῦτα</em></strong></span> <span class='ocrx_word' id='word_1_5' title='bbox 401 324 669 377; x_wconf 77' lang='grc' dir='ltr'>ἀκούσαντες</span> <span class='ocrx_word' id='word_1_6' title='bbox 708 327 751 369; x_wconf 82' lang='grc' dir='ltr'><strong>οἱ</strong></span> <span class='ocrx_word' id='word_1_7' title='bbox 786 326 876 367; x_wconf 75' lang='grc' dir='ltr'><strong>τῶν</strong></span> <span class='ocrx_word' id='word_1_8' title='bbox 913 321 1159 379; x_wconf 81' lang='grc' dir='ltr'><strong>Ἀθηναίων</strong></span> <span class='ocrx_word' id='word_1_9' title='bbox 1206 327 1461 382; x_wconf 78' lang='grc' dir='ltr'>θεοπρόποι,</span> 
     </span>
     <span class='ocr_line' id='line_1_4' title="bbox 795 391 1016 447; baseline -0.005 -12"><span class='ocrx_word' id='word_1_10' title='bbox 795 391 1016 447; x_wconf 81' lang='grc' dir='ltr'><strong>ἐχρέωντο.</strong></span> 
     </span>
    </p>
   </div>
   <div class='ocr_carea' id='block_1_4' title="bbox 205 395 745 451">
    <p class='ocr_par' dir='ltr' id='par_1_4' title="bbox 205 395 745 451">
     <span class='ocr_line' id='line_1_5' title="bbox 205 395 745 451; baseline -0.002 -14"><span class='ocrx_word' id='word_1_11' title='bbox 205 397 415 451; x_wconf 83' lang='grc' dir='ltr'>συμφορη</span> <span class='ocrx_word' id='word_1_12' title='bbox 468 411 520 451; x_wconf 88' lang='grc' dir='ltr'><strong>τη</strong></span> <span class='ocrx_word' id='word_1_13' title='bbox 569 395 745 451; x_wconf 78' lang='grc' dir='ltr'><em>μεγίστῃ</em></span> 
     </span>
    </p>
   </div>
   <div class='ocr_carea' id='block_1_5' title="bbox 177 506 421 512">
    <p class='ocr_par' dir='ltr' id='par_1_5' title="bbox 177 506 421 512">
     <span class='ocr_line' id='line_1_6' title="bbox 177 506 421 512; baseline 0 0"><span class='ocrx_word' id='word_1_14' title='bbox 177 506 421 512; x_wconf 95' lang='lat' dir='ltr'><strong> </strong></span> 
     </span>
    </p>
   </div>
   <div class='ocr_carea' id='block_1_6' title="bbox 138 565 808 2097">
    <p class='ocr_par' dir='ltr' id='par_1_6' title="bbox 138 565 808 2097">
     <span class='ocr_line' id='line_1_7' title="bbox 148 565 808 620; baseline -0.006 -15"><span class='ocrx_word' id='word_1_15' title='bbox 148 569 225 605; x_wconf 84' lang='lat' dir='ltr'><em>cuit</em></span> <span class='ocrx_word' id='word_1_16' title='bbox 235 567 611 620; x_wconf 81' lang='lat' dir='ltr'><strong>Schweighaeusem,</strong></span> <span class='ocrx_word' id='word_1_17' title='bbox 634 565 711 618; x_wconf 86' lang='lat' dir='ltr'><strong>qui,</strong></span> <span class='ocrx_word' id='word_1_18' title='bbox 721 578 808 602; x_wconf 89' lang='lat' dir='ltr'><strong>me-</strong></span> 
     </span>
     <span class='ocr_line' id='line_1_8' title="bbox 147 622 807 674; baseline -0.003 -13"><span class='ocrx_word' id='word_1_19' title='bbox 147 633 294 663; x_wconf 84' lang='lat' dir='ltr'><em>morata</em></span> <span class='ocrx_word' id='word_1_20' title='bbox 314 628 362 665; x_wconf 90' lang='lat' dir='ltr'><strong>H.</strong></span> <span class='ocrx_word' id='word_1_21' title='bbox 385 622 807 674; x_wconf 74' lang='lat' dir='ltr'><strong>Stephaniinterpreta-</strong></span> 
     </span>
     <span class='ocr_line' id='line_1_9' title="bbox 146 678 805 733; baseline -0.003 -14"><span class='ocrx_word' id='word_1_22' title='bbox 146 683 270 731; x_wconf 84' lang='lat' dir='ltr'><em>tione,</em></span> <span class='ocrx_word' id='word_1_23' title='bbox 302 685 362 720; x_wconf 89' lang='lat' dir='ltr'><strong>cui</strong></span> <span class='ocrx_word' id='word_1_24' title='bbox 382 679 520 733; x_wconf 84' lang='lat' dir='ltr'><strong>Pythia</strong></span> <span class='ocrx_word' id='word_1_25' title='bbox 547 678 651 717; x_wconf 89' lang='lat' dir='ltr'><em>hisce</em></span> <span class='ocrx_word' id='word_1_26' title='bbox 681 680 805 717; x_wconf 85' lang='lat' dir='ltr'><strong>verbis</strong></span> 
     </span>
     <span class='ocr_line' id='line_1_10' title="bbox 144 737 806 788; baseline -0.003 -13"><span class='ocrx_word' id='word_1_27' title='bbox 144 738 533 788; x_wconf 74' lang='lat' dir='ltr'><strong>monerevidebatur,</strong></span> <span class='ocrx_word' id='word_1_28' title='bbox 553 741 594 774; x_wconf 84' lang='lat' dir='ltr'><strong>ut</strong></span> <span class='ocrx_word' id='word_1_29' title='bbox 613 737 806 787; x_wconf 76' lang='lat' dir='ltr'><em>dispiciant</em></span> 
     </span>
     <span class='ocr_line' id='line_1_11' title="bbox 145 794 805 846; baseline -0.005 -13"><span class='ocrx_word' id='word_1_30' title='bbox 145 808 211 846; x_wconf 79' lang='lat' dir='ltr'><strong>quo</strong></span> <span class='ocrx_word' id='word_1_31' title='bbox 226 799 333 845; x_wconf 85' lang='lat' dir='ltr'><em>pacto</em></span> <span class='ocrx_word' id='word_1_32' title='bbox 347 797 485 846; x_wconf 78' lang='lat' dir='ltr'><em>possint</em></span> <span class='ocrx_word' id='word_1_33' title='bbox 507 806 685 831; x_wconf 81' lang='lat' dir='ltr'><strong>occurrere</strong></span> <span class='ocrx_word' id='word_1_34' title='bbox 701 794 805 831; x_wconf 85' lang='lat' dir='ltr'><em>malis</em></span> 
     </span>
     <span class='ocr_line' id='line_1_12' title="bbox 143 849 806 901; baseline -0.005 -11"><span class='ocrx_word' id='word_1_35' title='bbox 143 853 399 890; x_wconf 71' lang='lat' dir='ltr'><em>imminentibus</em></span> <span class='ocrx_word' id='word_1_36' title='bbox 421 849 558 901; x_wconf 84' lang='lat' dir='ltr'><strong>(Thes.</strong></span> <span class='ocrx_word' id='word_1_37' title='bbox 580 852 625 892; x_wconf 83' lang='lat' dir='ltr'><strong>L.</strong></span> <span class='ocrx_word' id='word_1_38' title='bbox 658 852 723 888; x_wconf 85' lang='lat' dir='ltr'><strong>Gr.</strong></span> <span class='ocrx_word' id='word_1_39' title='bbox 752 851 806 887; x_wconf 93' lang='lat' dir='ltr'><strong>III</strong></span> 
     </span>
     <span class='ocr_line' id='line_1_13' title="bbox 142 907 807 960; baseline -0.005 -14"><span class='ocrx_word' id='word_1_40' title='bbox 142 922 181 959; x_wconf 86' lang='lat' dir='ltr'><strong>p.</strong></span> <span class='ocrx_word' id='word_1_41' title='bbox 203 907 302 959; x_wconf 84' lang='lat'>814)</span> <span class='ocrx_word' id='word_1_42' title='bbox 322 910 401 960; x_wconf 85' lang='lat' dir='ltr'><em>ipse</em></span> <span class='ocrx_word' id='word_1_43' title='bbox 418 910 455 946; x_wconf 87' lang='lat' dir='ltr'><em>in</em></span> <span class='ocrx_word' id='word_1_44' title='bbox 480 921 564 944; x_wconf 84' lang='lat' dir='ltr'><strong>eam</strong></span> <span class='ocrx_word' id='word_1_45' title='bbox 581 909 807 945; x_wconf 85' lang='lat' dir='ltr'><em>sententiam</em></span> 
     </span>
     <span class='ocr_line' id='line_1_14' title="bbox 143 964 805 1016; baseline 0.002 -15"><span class='ocrx_word' id='word_1_46' title='bbox 143 966 279 1002; x_wconf 84' lang='lat' dir='ltr'><strong>melius</strong></span> <span class='ocrx_word' id='word_1_47' title='bbox 309 965 404 1003; x_wconf 79' lang='lat' dir='ltr'><strong>liaeo</strong></span> <span class='ocrx_word' id='word_1_48' title='bbox 425 967 541 1003; x_wconf 75' lang='lat' dir='ltr'><strong>verba</strong></span> <span class='ocrx_word' id='word_1_49' title='bbox 570 964 677 1001; x_wconf 86' lang='lat' dir='ltr'><strong>reddi</strong></span> <span class='ocrx_word' id='word_1_50' title='bbox 697 978 805 1016; x_wconf 89' lang='lat' dir='ltr'><em>posse</em></span> 
     </span>
     <span class='ocr_line' id='line_1_15' title="bbox 144 1023 807 1073; baseline 0.002 -15"><span class='ocrx_word' id='word_1_51' title='bbox 144 1029 294 1059; x_wconf 86' lang='lat' dir='ltr'><em>censet:</em></span> <span class='ocrx_word' id='word_1_52' title='bbox 326 1025 488 1073; x_wconf 78' lang='lat' dir='ltr'><em>spargite</em></span> <span class='ocrx_word' id='word_1_53' title='bbox 503 1024 615 1059; x_wconf 85' lang='lat' dir='ltr'><em>animi</em></span> <span class='ocrx_word' id='word_1_54' title='bbox 633 1023 734 1059; x_wconf 79' lang='lat' dir='ltr'><strong>robur</strong></span> <span class='ocrx_word' id='word_1_55' title='bbox 747 1035 807 1059; x_wconf 86' lang='lat' dir='ltr'><em>su-</em></span> 
     </span>
     <span class='ocr_line' id='line_1_16' title="bbox 138 1079 806 1129; baseline 0 -13"><span class='ocrx_word' id='word_1_56' title='bbox 138 1091 203 1129; x_wconf 85' lang='lat' dir='ltr'><strong>per</strong></span> <span class='ocrx_word' id='word_1_57' title='bbox 220 1079 316 1116; x_wconf 83' lang='lat' dir='ltr'><em>mala</em></span> <span class='ocrx_word' id='word_1_58' title='bbox 338 1081 362 1116; x_wconf 92' lang='lat' dir='ltr'><em>i.</em></span> <span class='ocrx_word' id='word_1_59' title='bbox 380 1094 414 1118; x_wconf 86' lang='lat' dir='ltr'><strong>e.</strong></span> <span class='ocrx_word' id='word_1_60' title='bbox 444 1080 499 1117; x_wconf 81' lang='lat' dir='ltr'><strong>his</strong></span> <span class='ocrx_word' id='word_1_61' title='bbox 528 1079 632 1116; x_wconf 81' lang='lat' dir='ltr'><em>malis</em></span> <span class='ocrx_word' id='word_1_62' title='bbox 651 1081 806 1129; x_wconf 80' lang='lat' dir='ltr'><em>opponite</em></span> 
     </span>
     <span class='ocr_line' id='line_1_17' title="bbox 143 1136 805 1181; baseline 0.003 -9"><span class='ocrx_word' id='word_1_63' title='bbox 143 1138 255 1173; x_wconf 84' lang='lat' dir='ltr'><em>animi</em></span> <span class='ocrx_word' id='word_1_64' title='bbox 273 1137 403 1181; x_wconf 74' lang='lat' dir='ltr'><strong>robur5</strong></span> <span class='ocrx_word' id='word_1_65' title='bbox 433 1149 550 1174; x_wconf 79' lang='lat' dir='ltr'><strong>armez</strong></span> <span class='ocrx_word' id='word_1_66' title='bbox 569 1148 653 1173; x_wconf 85' lang='lat' dir='ltr'><em>vous</em></span> <span class='ocrx_word' id='word_1_67' title='bbox 673 1136 713 1172; x_wconf 87' lang='lat' dir='ltr'><strong>de</strong></span> <span class='ocrx_word' id='word_1_68' title='bbox 724 1149 805 1174; x_wconf 79' lang='lat' dir='ltr'><strong>cou-</strong></span> 
     </span>
     <span class='ocr_line' id='line_1_18' title="bbox 143 1193 803 1241; baseline 0 -11"><span class='ocrx_word' id='word_1_69' title='bbox 143 1205 231 1241; x_wconf 81' lang='lat' dir='ltr'><strong>rage</strong></span> <span class='ocrx_word' id='word_1_70' title='bbox 242 1197 358 1230; x_wconf 77' lang='lat' dir='ltr'><em>contre</em></span> <span class='ocrx_word' id='word_1_71' title='bbox 376 1197 453 1230; x_wconf 83' lang='lat' dir='ltr'><em>tant</em></span> <span class='ocrx_word' id='word_1_72' title='bbox 469 1194 510 1230; x_wconf 83' lang='lat' dir='ltr'><strong>de</strong></span> <span class='ocrx_word' id='word_1_73' title='bbox 522 1205 642 1241; x_wconf 75' lang='lat' dir='ltr'><em>maux,</em></span> <span class='ocrx_word' id='word_1_74' title='bbox 655 1200 696 1230; x_wconf 86' lang='lat' dir='ltr'><strong>ut</strong></span> <span class='ocrx_word' id='word_1_75' title='bbox 707 1193 803 1230; x_wconf 90' lang='lat' dir='ltr'><strong>bene</strong></span> 
     </span>
     <span class='ocr_line' id='line_1_19' title="bbox 144 1248 803 1298; baseline 0.003 -13"><span class='ocrx_word' id='word_1_76' title='bbox 144 1248 360 1287; x_wconf 81' lang='lat' dir='ltr'><strong>reddiderat</strong></span> <span class='ocrx_word' id='word_1_77' title='bbox 369 1249 594 1298; x_wconf 72' lang='lat' dir='ltr'><strong>Larcherus,</strong></span> <span class='ocrx_word' id='word_1_78' title='bbox 611 1251 803 1287; x_wconf 87' lang='lat' dir='ltr'><strong>immerito</strong></span> 
     </span>
     <span class='ocr_line' id='line_1_20' title="bbox 143 1306 805 1356; baseline 0.003 -14"><span class='ocrx_word' id='word_1_79' title='bbox 143 1307 319 1356; x_wconf 85' lang='lat' dir='ltr'><em>explosus</em></span> <span class='ocrx_word' id='word_1_80' title='bbox 347 1320 366 1343; x_wconf 88' lang='lat' dir='ltr'><em>a</em></span> <span class='ocrx_word' id='word_1_81' title='bbox 399 1306 616 1355; x_wconf 76' lang='lat' dir='ltr'><strong>Schultzio,</strong></span> <span class='ocrx_word' id='word_1_82' title='bbox 641 1308 741 1356; x_wconf 74' lang='lat' dir='ltr'><em>sive,</em></span> <span class='ocrx_word' id='word_1_83' title='bbox 763 1314 805 1344; x_wconf 87' lang='lat' dir='ltr'><strong>ut</strong></span> 
     </span>
     <span class='ocr_line' id='line_1_21' title="bbox 142 1361 804 1414; baseline 0.002 -15"><span class='ocrx_word' id='word_1_84' title='bbox 142 1361 268 1400; x_wconf 84' lang='lat' dir='ltr'><strong>reddit</strong></span> <span class='ocrx_word' id='word_1_85' title='bbox 287 1364 402 1401; x_wconf 84' lang='lat' dir='ltr'><em>Miot:</em></span> <span class='ocrx_word' id='word_1_86' title='bbox 434 1367 466 1400; x_wconf 84' lang='lat' dir='ltr'><strong>et</strong></span> <span class='ocrx_word' id='word_1_87' title='bbox 484 1363 660 1414; x_wconf 69' lang='lat' dir='ltr'><strong>repanclez</strong></span> <span class='ocrx_word' id='word_1_88' title='bbox 682 1364 713 1401; x_wconf 81' lang='lat' dir='ltr'><strong>le</strong></span> <span class='ocrx_word' id='word_1_89' title='bbox 724 1377 804 1401; x_wconf 74' lang='lat' dir='ltr'><em>cou-</em></span> 
     </span>
     <span class='ocr_line' id='line_1_22' title="bbox 143 1419 805 1469; baseline 0.003 -13"><span class='ocrx_word' id='word_1_90' title='bbox 143 1432 233 1468; x_wconf 83' lang='lat' dir='ltr'><strong>rage</strong></span> <span class='ocrx_word' id='word_1_91' title='bbox 261 1433 322 1457; x_wconf 82' lang='lat' dir='ltr'><strong>sur</strong></span> <span class='ocrx_word' id='word_1_92' title='bbox 351 1433 410 1458; x_wconf 89' lang='lat' dir='ltr'><em>vos</em></span> <span class='ocrx_word' id='word_1_93' title='bbox 441 1433 573 1468; x_wconf 78' lang='lat' dir='ltr'><em>maux,</em></span> <span class='ocrx_word' id='word_1_94' title='bbox 601 1419 641 1457; x_wconf 91' lang='lat' dir='ltr'><strong>id</strong></span> <span class='ocrx_word' id='word_1_95' title='bbox 663 1428 728 1469; x_wconf 88' lang='lat' dir='ltr'><em>est,</em></span> <span class='ocrx_word' id='word_1_96' title='bbox 750 1420 805 1458; x_wconf 88' lang='lat' dir='ltr'><strong>Et</strong></span> 
     </span>
     <span class='ocr_line' id='line_1_23' title="bbox 142 1477 804 1528; baseline 0.003 -15"><span class='ocrx_word' id='word_1_97' title='bbox 142 1489 184 1513; x_wconf 87' lang='lat' dir='ltr'><strong>ne</strong></span> <span class='ocrx_word' id='word_1_98' title='bbox 204 1477 365 1514; x_wconf 69' lang='lat' dir='ltr'><strong>cltercliez</strong></span> <span class='ocrx_word' id='word_1_99' title='bbox 388 1490 452 1528; x_wconf 83' lang='lat' dir='ltr'><strong>que</strong></span> <span class='ocrx_word' id='word_1_100' title='bbox 486 1477 579 1514; x_wconf 82' lang='lat' dir='ltr'><em>dans</em></span> <span class='ocrx_word' id='word_1_101' title='bbox 609 1481 702 1514; x_wconf 78' lang='lat' dir='ltr'><strong>voire</strong></span> <span class='ocrx_word' id='word_1_102' title='bbox 724 1491 804 1515; x_wconf 79' lang='lat' dir='ltr'><em>cou-</em></span> 
     </span>
     <span class='ocr_line' id='line_1_24' title="bbox 141 1533 804 1584; baseline 0.002 -14"><span class='ocrx_word' id='word_1_103' title='bbox 141 1546 229 1582; x_wconf 83' lang='lat' dir='ltr'><strong>rage</strong></span> <span class='ocrx_word' id='word_1_104' title='bbox 249 1547 296 1571; x_wconf 82' lang='lat' dir='ltr'><strong>un</strong></span> <span class='ocrx_word' id='word_1_105' title='bbox 313 1533 474 1584; x_wconf 83' lang='lat' dir='ltr'><em>appareil</em></span> <span class='ocrx_word' id='word_1_106' title='bbox 498 1534 672 1572; x_wconf 80' lang='lat' dir='ltr'><em>salataz&#39;re</em></span> <span class='ocrx_word' id='word_1_107' title='bbox 699 1536 722 1571; x_wconf 82' lang='grc' dir='ltr'>ιὶ</span> <span class='ocrx_word' id='word_1_108' title='bbox 747 1547 804 1571; x_wconf 84' lang='lat' dir='ltr'><em>vos</em></span> 
     </span>
     <span class='ocr_line' id='line_1_25' title="bbox 141 1592 804 1643; baseline 0.003 -17"><span class='ocrx_word' id='word_1_109' title='bbox 141 1602 261 1627; x_wconf 81' lang='lat' dir='ltr'><em>maux.</em></span> <span class='ocrx_word' id='word_1_110' title='bbox 329 1592 428 1628; x_wconf 88' lang='lat' dir='ltr'><em>Hinc</em></span> <span class='ocrx_word' id='word_1_111' title='bbox 465 1604 619 1643; x_wconf 90' lang='lat' dir='ltr'><strong>quoque</strong></span> <span class='ocrx_word' id='word_1_112' title='bbox 670 1593 804 1642; x_wconf 84' lang='lat' dir='ltr'><strong>Lange</strong></span> 
     </span>
     <span class='ocr_line' id='line_1_26' title="bbox 142 1648 802 1699; baseline 0 -14"><span class='ocrx_word' id='word_1_113' title='bbox 142 1648 345 1685; x_wconf 80' lang='lat' dir='ltr'>vernacule</span> <span class='ocrx_word' id='word_1_114' title='bbox 392 1650 461 1685; x_wconf 82' lang='lat' dir='ltr'><em>ista</em></span> <span class='ocrx_word' id='word_1_115' title='bbox 501 1649 553 1685; x_wconf 88' lang='lat' dir='ltr'><em>sic</em></span> <span class='ocrx_word' id='word_1_116' title='bbox 598 1650 802 1699; x_wconf 77' lang='lat' dir='ltr'><strong>expressit:</strong></span> 
     </span>
     <span class='ocr_line' id='line_1_27' title="bbox 141 1704 804 1754; baseline 0.003 -14"><span class='ocrx_word' id='word_1_117' title='bbox 141 1708 301 1754; x_wconf 81' lang='lat' dir='ltr'><em>wappnet</em></span> <span class='ocrx_word' id='word_1_118' title='bbox 326 1707 390 1743; x_wconf 83' lang='lat' dir='ltr'><em>mit</em></span> <span class='ocrx_word' id='word_1_119' title='bbox 418 1704 527 1742; x_wconf 58' lang='lat' dir='ltr'><em>Muta</em></span> <span class='ocrx_word' id='word_1_120' title='bbox 552 1705 650 1746; x_wconf 77' lang='lat' dir='ltr'><strong>euch.</strong></span> <span class='ocrx_word' id='word_1_121' title='bbox 706 1706 804 1743; x_wconf 89' lang='lat' dir='ltr'><strong>Ver-</strong></span> 
     </span>
     <span class='ocr_line' id='line_1_28' title="bbox 143 1758 806 1812; baseline -0.002 -11"><span class='ocrx_word' id='word_1_122' title='bbox 143 1761 236 1797; x_wconf 86' lang='lat' dir='ltr'><strong>bum</strong></span> <span class='ocrx_word' id='word_1_123' title='bbox 277 1758 528 1801; x_wconf 75' lang='grc' dir='ltr'>ἒπικιδνάναι</span> <span class='ocrx_word' id='word_1_124' title='bbox 569 1762 806 1812; x_wconf 83' lang='lat' dir='ltr'><em>exspargendi</em></span> 
     </span>
     <span class='ocr_line' id='line_1_29' title="bbox 143 1819 804 1868; baseline 0.003 -14"><span class='ocrx_word' id='word_1_125' title='bbox 143 1830 174 1854; x_wconf 85' lang='lat' dir='ltr'><em>s.</em></span> <span class='ocrx_word' id='word_1_126' title='bbox 218 1819 518 1868; x_wconf 79' lang='lat' dir='ltr'><em>superspargentli</em></span> <span class='ocrx_word' id='word_1_127' title='bbox 541 1820 697 1855; x_wconf 86' lang='lat' dir='ltr'><strong>notione</strong></span> <span class='ocrx_word' id='word_1_128' title='bbox 732 1820 804 1856; x_wconf 89' lang='lat' dir='ltr'><strong>ob-</strong></span> 
     </span>
     <span class='ocr_line' id='line_1_30' title="bbox 144 1874 802 1923; baseline 0.003 -12"><span class='ocrx_word' id='word_1_129' title='bbox 144 1874 251 1911; x_wconf 80' lang='lat' dir='ltr'><strong>vium</strong></span> <span class='ocrx_word' id='word_1_130' title='bbox 286 1876 325 1910; x_wconf 90' lang='lat' dir='ltr'><em>in</em></span> <span class='ocrx_word' id='word_1_131' title='bbox 357 1876 514 1913; x_wconf 84' lang='lat' dir='ltr'>Homer.</span> <span class='ocrx_word' id='word_1_132' title='bbox 552 1876 598 1912; x_wconf 91' lang='lat' dir='ltr'><strong>Il.</strong></span> <span class='ocrx_word' id='word_1_133' title='bbox 633 1876 681 1923; x_wconf 84' lang='grc' dir='ltr'><strong>ΙΙ,</strong></span> <span class='ocrx_word' id='word_1_134' title='bbox 708 1876 802 1917; x_wconf 88' lang='lat'>850.</span> 
     </span>
     <span class='ocr_line' id='line_1_31' title="bbox 144 1929 804 1981; baseline 0.002 -10"><span class='ocrx_word' id='word_1_135' title='bbox 144 1931 225 1979; x_wconf 81' lang='lat' dir='ltr'><strong>Vll,</strong></span> <span class='ocrx_word' id='word_1_136' title='bbox 255 1929 352 1973; x_wconf 85' lang='lat'><strong>451.</strong></span> <span class='ocrx_word' id='word_1_137' title='bbox 382 1930 477 1972; x_wconf 81' lang='lat'>458.</span> <span class='ocrx_word' id='word_1_138' title='bbox 504 1931 684 1981; x_wconf 82' lang='lat' dir='ltr'><strong>Stegerus</strong></span> <span class='ocrx_word' id='word_1_139' title='bbox 713 1931 804 1971; x_wconf 78' lang='grc' dir='ltr'>ἐπι·-</span> 
     </span>
     <span class='ocr_line' id='line_1_32' title="bbox 143 1987 803 2028; baseline 0.003 -2"><span class='ocrx_word' id='word_1_140' title='bbox 143 1987 301 2027; x_wconf 57' lang='lat' dir='ltr'><em>octavam</em></span> <span class='ocrx_word' id='word_1_141' title='bbox 327 1995 519 2026; x_wconf 81' lang='lat' dir='ltr'><strong>mutatum</strong></span> <span class='ocrx_word' id='word_1_142' title='bbox 539 1989 621 2026; x_wconf 84' lang='lat' dir='ltr'><strong>vult</strong></span> <span class='ocrx_word' id='word_1_143' title='bbox 648 1990 689 2025; x_wconf 91' lang='lat' dir='ltr'><em>in</em></span> <span class='ocrx_word' id='word_1_144' title='bbox 717 1987 803 2028; x_wconf 69' lang='grc' dir='ltr'>ἐπι-</span> 
     </span>
     <span class='ocr_line' id='line_1_33' title="bbox 143 2044 313 2097; baseline 0 -14"><span class='ocrx_word' id='word_1_145' title='bbox 143 2044 313 2097; x_wconf 74' lang='grc' dir='ltr'>κέρνατε.</span> 
     </span>
    </p>
   </div>
   <div class='ocr_carea' id='block_1_7' title="bbox 354 2156 595 2208">
    <p class='ocr_par' dir='ltr' id='par_1_7' title="bbox 354 2156 595 2208">
     <span class='ocr_line' id='line_1_34' title="bbox 354 2156 595 2208; baseline 0 -14"><span class='ocrx_word' id='word_1_146' title='bbox 354 2156 447 2208; x_wconf 87' lang='lat' dir='ltr'><em>Cap.</em></span> <span class='ocrx_word' id='word_1_147' title='bbox 461 2157 595 2194; x_wconf 86' lang='lat' dir='ltr'>CXLI.</span> 
     </span>
    </p>
   </div>
   <div class='ocr_carea' id='block_1_8' title="bbox 146 2257 804 2354">
    <p class='ocr_par' dir='ltr' id='par_1_8' title="bbox 146 2257 804 2354">
     <span class='ocr_line' id='line_1_35' title="bbox 202 2257 802 2311; baseline 0.008 -15"><span class='ocrx_word' id='word_1_148' title='bbox 202 2262 460 2311; x_wconf 72' lang='grc' dir='ltr'>συμφορῇ-</span> <span class='ocrx_word' id='word_1_149' title='bbox 483 2257 700 2311; x_wconf 78' lang='grc' dir='ltr'>ἐχρέωντο]</span> <span class='ocrx_word' id='word_1_150' title='bbox 746 2261 802 2296; x_wconf 79' lang='lat' dir='ltr'><strong>De</strong></span> 
     </span>
     <span class='ocr_line' id='line_1_36' title="bbox 146 2312 804 2354; baseline 0.009 -6"><span class='ocrx_word' id='word_1_151' title='bbox 146 2312 218 2349; x_wconf 84' lang='lat' dir='ltr'><strong>hac</strong></span> <span class='ocrx_word' id='word_1_152' title='bbox 259 2314 452 2352; x_wconf 86' lang='lat' dir='ltr'><strong>locutione.</strong></span> <span class='ocrx_word' id='word_1_153' title='bbox 492 2317 589 2354; x_wconf 86' lang='lat' dir='ltr'><strong>conf.</strong></span> <span class='ocrx_word' id='word_1_154' title='bbox 621 2324 717 2354; x_wconf 84' lang='lat' dir='ltr'><em>nott.</em></span> <span class='ocrx_word' id='word_1_155' title='bbox 755 2315 804 2353; x_wconf 86' lang='lat' dir='ltr'><strong>ad</strong></span> 
     </span>
    </p>
   </div>
   <div class='ocr_carea' id='block_1_9' title="bbox 145 2369 807 2872">
    <p class='ocr_par' dir='ltr' id='par_1_9' title="bbox 145 2369 299 2418">
     <span class='ocr_line' id='line_1_37' title="bbox 145 2369 299 2418; baseline 0 -12"><span class='ocrx_word' id='word_1_156' title='bbox 145 2371 210 2418; x_wconf 89' lang='lat'>111,</span> <span class='ocrx_word' id='word_1_157' title='bbox 231 2369 299 2410; x_wconf 85' lang='lat'><strong>41.</strong></span> 
     </span>
    </p>

    <p class='ocr_par' dir='ltr' id='par_1_10' title="bbox 147 2432 807 2872">
     <span class='ocr_line' id='line_1_38' title="bbox 205 2432 805 2490; baseline 0.007 -14"><span class='ocrx_word' id='word_1_158' title='bbox 205 2432 476 2490; x_wconf 74' lang='grc' dir='ltr'>προβάλλουσι</span> <span class='ocrx_word' id='word_1_159' title='bbox 514 2438 557 2476; x_wconf 77' lang='grc' dir='ltr'><strong>δὲ</strong></span> <span class='ocrx_word' id='word_1_160' title='bbox 589 2438 712 2488; x_wconf 80' lang='grc' dir='ltr'><em>σφέας</em></span> <span class='ocrx_word' id='word_1_161' title='bbox 731 2436 805 2479; x_wconf 81' lang='lat' dir='ltr'><em>av’-</em></span> 
     </span>
     <span class='ocr_line' id='line_1_39' title="bbox 147 2490 805 2542; baseline 0.002 -10"><span class='ocrx_word' id='word_1_162' title='bbox 147 2490 241 2540; x_wconf 70' lang='grc' dir='ltr'><strong>τοῦς</strong></span> <span class='ocrx_word' id='word_1_163' title='bbox 272 2509 308 2533; x_wconf 87' lang='grc' dir='ltr'><strong>κ.</strong></span> <span class='ocrx_word' id='word_1_164' title='bbox 337 2509 368 2532; x_wconf 87' lang='grc' dir='ltr'><strong>τ.</strong></span> <span class='ocrx_word' id='word_1_165' title='bbox 397 2494 449 2542; x_wconf 89' lang='grc' dir='ltr'><strong>λ.]</strong></span> <span class='ocrx_word' id='word_1_166' title='bbox 495 2495 602 2531; x_wconf 83' lang='lat' dir='ltr'><strong>Valla</strong></span> <span class='ocrx_word' id='word_1_167' title='bbox 632 2494 727 2532; x_wconf 87' lang='lat' dir='ltr'><strong>haec</strong></span> <span class='ocrx_word' id='word_1_168' title='bbox 753 2498 805 2533; x_wconf 87' lang='lat' dir='ltr'><em>ita</em></span> 
     </span>
     <span class='ocr_line' id='line_1_40' title="bbox 148 2551 807 2601; baseline 0.002 -13"><span class='ocrx_word' id='word_1_169' title='bbox 148 2552 282 2588; x_wconf 83' lang='lat' dir='ltr'>Latine</span> <span class='ocrx_word' id='word_1_170' title='bbox 302 2551 503 2601; x_wconf 84' lang='lat' dir='ltr'><strong>expressit:</strong></span> <span class='ocrx_word' id='word_1_171' title='bbox 526 2552 650 2600; x_wconf 78' lang='lat' dir='ltr'><em>quibus</em></span> <span class='ocrx_word' id='word_1_172' title='bbox 669 2553 757 2588; x_wconf 78' lang='lat' dir='ltr'><strong>inter</strong></span> <span class='ocrx_word' id='word_1_173' title='bbox 772 2566 807 2590; x_wconf 88' lang='lat' dir='ltr'><em>se</em></span> 
     </span>
     <span class='ocr_line' id='line_1_41' title="bbox 149 2608 804 2658; baseline -0.002 -13"><span class='ocrx_word' id='word_1_174' title='bbox 149 2609 373 2657; x_wconf 64' lang='lat' dir='ltr'><em>agi&#39;tantaehus</em></span> <span class='ocrx_word' id='word_1_175' title='bbox 393 2612 465 2644; x_wconf 87' lang='lat' dir='ltr'><em>tam</em></span> <span class='ocrx_word' id='word_1_176' title='bbox 483 2608 582 2644; x_wconf 79' lang='lat' dir='ltr'><strong>trzste</strong></span> <span class='ocrx_word' id='word_1_177' title='bbox 597 2620 804 2658; x_wconf 76' lang='lat' dir='ltr'><em>responsum,</em></span> 
     </span>
     <span class='ocr_line' id='line_1_42' title="bbox 148 2665 804 2716; baseline 0 -15"><span class='ocrx_word' id='word_1_178' title='bbox 148 2665 388 2715; x_wconf 78' lang='lat' dir='ltr'><strong>improbante</strong></span> <span class='ocrx_word' id='word_1_179' title='bbox 408 2665 687 2714; x_wconf 84' lang='lat' dir='ltr'><em>Wesselingio,</em></span> <span class='ocrx_word' id='word_1_180' title='bbox 727 2666 804 2716; x_wconf 81' lang='lat' dir='ltr'><strong>qui,</strong></span> 
     </span>
     <span class='ocr_line' id='line_1_43' title="bbox 150 2719 806 2768; baseline 0 -10"><span class='ocrx_word' id='word_1_181' title='bbox 150 2728 193 2758; x_wconf 85' lang='lat' dir='ltr'><strong>ut</strong></span> <span class='ocrx_word' id='word_1_182' title='bbox 204 2729 315 2758; x_wconf 78' lang='lat' dir='ltr'><em>antea</em></span> <span class='ocrx_word' id='word_1_183' title='bbox 326 2722 458 2757; x_wconf 84' lang='lat' dir='ltr'><strong>Pauw.</strong></span> <span class='ocrx_word' id='word_1_184' title='bbox 472 2727 508 2757; x_wconf 90' lang='lat' dir='ltr'><strong>et</strong></span> <span class='ocrx_word' id='word_1_185' title='bbox 520 2719 703 2758; x_wconf 87' lang='lat' dir='ltr'><strong>Abresch.</strong></span> <span class='ocrx_word' id='word_1_186' title='bbox 710 2734 806 2768; x_wconf 80' lang='lat' dir='ltr'><strong>‚ver-</strong></span> 
     </span>
     <span class='ocr_line' id='line_1_44' title="bbox 150 2774 807 2830; baseline 0.005 -17"><span class='ocrx_word' id='word_1_187' title='bbox 150 2777 244 2814; x_wconf 87' lang='lat' dir='ltr'><strong>bum</strong></span> <span class='ocrx_word' id='word_1_188' title='bbox 275 2774 514 2830; x_wconf 73' lang='grc' dir='ltr'>προβάλλειν</span> <span class='ocrx_word' id='word_1_189' title='bbox 554 2778 594 2813; x_wconf 89' lang='lat' dir='ltr'><strong>in</strong></span> <span class='ocrx_word' id='word_1_190' title='bbox 631 2778 807 2827; x_wconf 85' lang='lat' dir='ltr'><strong>periculis</strong></span> 
     </span>
     <span class='ocr_line' id='line_1_45' title="bbox 152 2831 806 2872; baseline 0.003 -3"><span class='ocrx_word' id='word_1_191' title='bbox 152 2831 225 2870; x_wconf 86' lang='lat' dir='ltr'><em>dici</em></span> <span class='ocrx_word' id='word_1_192' title='bbox 255 2835 428 2872; x_wconf 78' lang='lat' dir='ltr'><strong>observat</strong></span> <span class='ocrx_word' id='word_1_193' title='bbox 448 2833 496 2871; x_wconf 87' lang='lat' dir='ltr'><strong>de</strong></span> <span class='ocrx_word' id='word_1_194' title='bbox 516 2835 806 2872; x_wconf 73' lang='lat' dir='ltr'><em>animzabiectio-</em></span> 
     </span>
    </p>
   </div>
   <div class='ocr_carea' id='block_1_10' title="bbox 1385 225 1464 264">
    <p class='ocr_par' dir='ltr' id='par_1_11' title="bbox 1385 225 1464 264">
     <span class='ocr_line' id='line_1_46' title="bbox 1385 225 1464 264; baseline 0.025 -2"><span class='ocrx_word' id='word_1_195' title='bbox 1385 225 1464 264; x_wconf 72' lang='lat'><strong>(351</strong></span> 
     </span>
    </p>
   </div>
   <div class='ocr_carea' id='block_1_11' title="bbox 1073 392 1552 459">
    <p class='ocr_par' dir='ltr' id='par_1_12' title="bbox 1073 392 1552 459">
     <span class='ocr_line' id='line_1_47' title="bbox 1073 392 1552 459; baseline 0.009 -24"><span class='ocrx_word' id='word_1_196' title='bbox 1073 392 1376 448; x_wconf 82' lang='grc' dir='ltr'>προβάλλουσι</span> <span class='ocrx_word' id='word_1_197' title='bbox 1423 397 1467 439; x_wconf 85' lang='grc' dir='ltr'><strong>δε</strong></span> <span class='ocrx_word' id='word_1_198' title='bbox 1523 406 1552 459; x_wconf 60' lang='lat' dir='ltr'>g</span> 
     </span>
    </p>
   </div>
   <div class='ocr_carea' id='block_1_12' title="bbox 858 564 1527 2886">
    <p class='ocr_par' dir='ltr' id='par_1_13' title="bbox 858 564 1527 2886">
     <span class='ocr_line' id='line_1_48' title="bbox 864 564 1525 617; baseline 0.003 -13"><span class='ocrx_word' id='word_1_199' title='bbox 864 579 916 614; x_wconf 84' lang='lat' dir='ltr'><strong>ne,</strong></span> <span class='ocrx_word' id='word_1_200' title='bbox 948 579 986 604; x_wconf 76' lang='lat' dir='ltr'><strong>v.</strong></span> <span class='ocrx_word' id='word_1_201' title='bbox 1017 579 1049 602; x_wconf 80' lang='lat' dir='ltr'><strong>c,</strong></span> <span class='ocrx_word' id='word_1_202' title='bbox 1087 564 1189 617; x_wconf 87' lang='lat' dir='ltr'><strong>apud</strong></span> <span class='ocrx_word' id='word_1_203' title='bbox 1220 565 1392 617; x_wconf 86' lang='lat' dir='ltr'><strong>Euripid.</strong></span> <span class='ocrx_word' id='word_1_204' title='bbox 1413 565 1525 607; x_wconf 85' lang='lat' dir='ltr'><em>Rhes.</em></span> 
     </span>
     <span class='ocr_line' id='line_1_49' title="bbox 868 622 1526 675; baseline 0.008 -16"><span class='ocrx_word' id='word_1_205' title='bbox 868 626 969 665; x_wconf 78' lang='lat'>183:</span> <span class='ocrx_word' id='word_1_206' title='bbox 1022 636 1098 675; x_wconf 88' lang='lat' dir='ltr'><strong>quo</strong></span> <span class='ocrx_word' id='word_1_207' title='bbox 1127 630 1256 660; x_wconf 78' lang='lat' dir='ltr'><strong>tamen</strong></span> <span class='ocrx_word' id='word_1_208' title='bbox 1278 624 1362 660; x_wconf 82' lang='lat' dir='ltr'><strong>loco</strong></span> <span class='ocrx_word' id='word_1_209' title='bbox 1387 622 1526 675; x_wconf 72' lang='grc' dir='ltr'>ψυχήν</span> 
     </span>
     <span class='ocr_line' id='line_1_50' title="bbox 864 676 1525 731; baseline 0 -13"><span class='ocrx_word' id='word_1_210' title='bbox 864 676 1107 731; x_wconf 71' lang='grc' dir='ltr'>προβάλλειν</span> <span class='ocrx_word' id='word_1_211' title='bbox 1134 693 1213 717; x_wconf 88' lang='lat' dir='ltr'><strong>non</strong></span> <span class='ocrx_word' id='word_1_212' title='bbox 1244 687 1324 717; x_wconf 87' lang='lat' dir='ltr'><strong>tam</strong></span> <span class='ocrx_word' id='word_1_213' title='bbox 1345 694 1423 718; x_wconf 87' lang='lat' dir='ltr'><em>esse</em></span> <span class='ocrx_word' id='word_1_214' title='bbox 1443 684 1525 718; x_wconf 81' lang='lat' dir='ltr'><em>ani·</em></span> 
     </span>
     <span class='ocr_line' id='line_1_51' title="bbox 862 738 1527 787; baseline 0.002 -13"><span class='ocrx_word' id='word_1_215' title='bbox 862 749 953 774; x_wconf 85' lang='lat' dir='ltr'><strong>mum</strong></span> <span class='ocrx_word' id='word_1_216' title='bbox 984 738 1158 785; x_wconf 83' lang='lat' dir='ltr'><strong>abiicere,</strong></span> <span class='ocrx_word' id='word_1_217' title='bbox 1197 750 1301 787; x_wconf 83' lang='lat' dir='ltr'><em>quam</em></span> <span class='ocrx_word' id='word_1_218' title='bbox 1335 739 1445 775; x_wconf 85' lang='lat' dir='ltr'><em>vitam</em></span> <span class='ocrx_word' id='word_1_219' title='bbox 1468 738 1527 775; x_wconf 88' lang='lat' dir='ltr'><strong>ob-</strong></span> 
     </span>
     <span class='ocr_line' id='line_1_52' title="bbox 864 794 1524 846; baseline 0.003 -15"><span class='ocrx_word' id='word_1_220' title='bbox 864 796 967 832; x_wconf 66' lang='lat' dir='ltr'><strong>ticere</strong></span> <span class='ocrx_word' id='word_1_221' title='bbox 993 794 1090 831; x_wconf 82' lang='lat' dir='ltr'><strong>aleae</strong></span> <span class='ocrx_word' id='word_1_222' title='bbox 1110 794 1284 844; x_wconf 79' lang='lat' dir='ltr'><strong><em>fortunae</em></strong></span> <span class='ocrx_word' id='word_1_223' title='bbox 1306 794 1375 843; x_wconf 90' lang='lat' dir='ltr'><strong>(ut</strong></span> <span class='ocrx_word' id='word_1_224' title='bbox 1394 810 1524 846; x_wconf 84' lang='grc' dir='ltr'>παρα-</span> 
     </span>
     <span class='ocr_line' id='line_1_53' title="bbox 865 846 1527 902; baseline -0.002 -13"><span class='ocrx_word' id='word_1_225' title='bbox 865 846 1025 902; x_wconf 77' lang='grc' dir='ltr'>βάλλειν</span> <span class='ocrx_word' id='word_1_226' title='bbox 1045 851 1127 899; x_wconf 84' lang='lat' dir='ltr'><strong>Vll,</strong></span> <span class='ocrx_word' id='word_1_227' title='bbox 1146 853 1195 891; x_wconf 85' lang='lat'><strong>10</strong></span> <span class='ocrx_word' id='word_1_228' title='bbox 1213 851 1305 901; x_wconf 77' lang='lat'>§.8)</span> <span class='ocrx_word' id='word_1_229' title='bbox 1326 859 1427 888; x_wconf 85' lang='lat' dir='ltr'><strong>recte</strong></span> <span class='ocrx_word' id='word_1_230' title='bbox 1439 864 1527 888; x_wconf 90' lang='lat' dir='ltr'><strong>mo-</strong></span> 
     </span>
     <span class='ocr_line' id='line_1_54' title="bbox 861 905 1525 960; baseline 0.003 -17"><span class='ocrx_word' id='word_1_231' title='bbox 861 914 927 944; x_wconf 83' lang='lat' dir='ltr'><strong>net</strong></span> <span class='ocrx_word' id='word_1_232' title='bbox 947 905 1344 958; x_wconf 73' lang='lat' dir='ltr'><strong>Schweighaeuserus,</strong></span> <span class='ocrx_word' id='word_1_233' title='bbox 1367 909 1431 960; x_wconf 86' lang='lat' dir='ltr'><strong>qui</strong></span> <span class='ocrx_word' id='word_1_234' title='bbox 1445 909 1525 959; x_wconf 89' lang='lat' dir='ltr'><em>ipse</em></span> 
     </span>
     <span class='ocr_line' id='line_1_55' title="bbox 861 964 1525 1015; baseline 0.003 -14"><span class='ocrx_word' id='word_1_235' title='bbox 861 965 1008 1002; x_wconf 82' lang='lat' dir='ltr'><strong>mavult</strong></span> <span class='ocrx_word' id='word_1_236' title='bbox 1027 966 1264 1015; x_wconf 85' lang='lat' dir='ltr'><strong>interpretari</strong></span> <span class='ocrx_word' id='word_1_237' title='bbox 1275 966 1314 1001; x_wconf 90' lang='lat' dir='ltr'><em>in</em></span> <span class='ocrx_word' id='word_1_238' title='bbox 1329 964 1525 1003; x_wconf 82' lang='lat' dir='ltr'><strong>Herodoto</strong></span> 
     </span>
     <span class='ocr_line' id='line_1_56' title="bbox 862 1021 1527 1074; baseline 0 -15"><span class='ocrx_word' id='word_1_239' title='bbox 862 1022 1002 1059; x_wconf 67' lang='lat' dir='ltr'><em>humum</em></span> <span class='ocrx_word' id='word_1_240' title='bbox 1041 1036 1076 1059; x_wconf 81' lang='lat' dir='ltr'><em>se</em></span> <span class='ocrx_word' id='word_1_241' title='bbox 1114 1024 1391 1072; x_wconf 82' lang='lat' dir='ltr'><em>prostraverunt,</em></span> <span class='ocrx_word' id='word_1_242' title='bbox 1421 1021 1527 1074; x_wconf 89' lang='lat' dir='ltr'><strong>quod</strong></span> 
     </span>
     <span class='ocr_line' id='line_1_57' title="bbox 861 1077 1525 1128; baseline 0.003 -14"><span class='ocrx_word' id='word_1_243' title='bbox 861 1079 1046 1115; x_wconf 87' lang='lat' dir='ltr'><strong>nimirum</strong></span> <span class='ocrx_word' id='word_1_244' title='bbox 1083 1077 1362 1128; x_wconf 82' lang='lat' dir='ltr'><strong>desperabundi</strong></span> <span class='ocrx_word' id='word_1_245' title='bbox 1400 1079 1525 1116; x_wconf 85' lang='lat' dir='ltr'><strong>facere</strong></span> 
     </span>
     <span class='ocr_line' id='line_1_58' title="bbox 859 1135 1525 1187; baseline -0.002 -14"><span class='ocrx_word' id='word_1_246' title='bbox 859 1136 1019 1173; x_wconf 81' lang='lat' dir='ltr'><strong>soleant.</strong></span> <span class='ocrx_word' id='word_1_247' title='bbox 1076 1136 1208 1171; x_wconf 80' lang='lat' dir='ltr'>Malim</span> <span class='ocrx_word' id='word_1_248' title='bbox 1230 1135 1410 1187; x_wconf 85' lang='lat' dir='ltr'><strong>equidem</strong></span> <span class='ocrx_word' id='word_1_249' title='bbox 1435 1149 1525 1172; x_wconf 88' lang='lat' dir='ltr'><strong>cum</strong></span> 
     </span>
     <span class='ocr_line' id='line_1_59' title="bbox 860 1191 1524 1243; baseline 0 -13"><span class='ocrx_word' id='word_1_250' title='bbox 860 1191 1135 1231; x_wconf 81' lang='lat' dir='ltr'><strong>Valckenaerio</strong></span> <span class='ocrx_word' id='word_1_251' title='bbox 1173 1191 1236 1229; x_wconf 87' lang='lat' dir='ltr'><strong>hic</strong></span> <span class='ocrx_word' id='word_1_252' title='bbox 1276 1194 1442 1243; x_wconf 86' lang='lat' dir='ltr'><strong>cogitare</strong></span> <span class='ocrx_word' id='word_1_253' title='bbox 1477 1191 1524 1230; x_wconf 82' lang='lat' dir='ltr'><strong>de</strong></span> 
     </span>
     <span class='ocr_line' id='line_1_60' title="bbox 862 1249 1523 1300; baseline -0.002 -13"><span class='ocrx_word' id='word_1_254' title='bbox 862 1251 982 1287; x_wconf 78' lang='lat' dir='ltr'><em>anxiis</em></span> <span class='ocrx_word' id='word_1_255' title='bbox 993 1252 1213 1299; x_wconf 77' lang='lat' dir='ltr'><em>animumque</em></span> <span class='ocrx_word' id='word_1_256' title='bbox 1223 1249 1523 1300; x_wconf 77' lang='lat' dir='ltr'><strong>despondentibus,</strong></span> 
     </span>
     <span class='ocr_line' id='line_1_61' title="bbox 861 1307 1524 1358; baseline 0.002 -16"><span class='ocrx_word' id='word_1_257' title='bbox 861 1308 901 1343; x_wconf 93' lang='lat' dir='ltr'><em>in</em></span> <span class='ocrx_word' id='word_1_258' title='bbox 922 1319 1039 1358; x_wconf 90' lang='lat' dir='ltr'><strong>quam</strong></span> <span class='ocrx_word' id='word_1_259' title='bbox 1060 1307 1287 1343; x_wconf 84' lang='lat' dir='ltr'><em>sententiam</em></span> <span class='ocrx_word' id='word_1_260' title='bbox 1311 1308 1425 1343; x_wconf 84' lang='lat' dir='ltr'><em>etiam</em></span> <span class='ocrx_word' id='word_1_261' title='bbox 1435 1320 1524 1343; x_wconf 72' lang='lat' dir='ltr'><strong>ver-</strong></span> 
     </span>
     <span class='ocr_line' id='line_1_62' title="bbox 861 1364 1521 1414; baseline 0 -14"><span class='ocrx_word' id='word_1_262' title='bbox 861 1364 999 1400; x_wconf 85' lang='lat' dir='ltr'><strong>nacule</strong></span> <span class='ocrx_word' id='word_1_263' title='bbox 1038 1364 1091 1400; x_wconf 84' lang='lat' dir='ltr'><em>sio</em></span> <span class='ocrx_word' id='word_1_264' title='bbox 1142 1364 1325 1414; x_wconf 84' lang='lat' dir='ltr'><strong>expressit</strong></span> <span class='ocrx_word' id='word_1_265' title='bbox 1369 1365 1521 1413; x_wconf 82' lang='lat' dir='ltr'><strong>Lange:</strong></span> 
     </span>
     <span class='ocr_line' id='line_1_63' title="bbox 865 1419 1524 1469; baseline -0.002 -12"><span class='ocrx_word' id='word_1_266' title='bbox 865 1419 950 1457; x_wconf 83' lang='lat' dir='ltr'><strong>Und</strong></span> <span class='ocrx_word' id='word_1_267' title='bbox 970 1422 1033 1457; x_wconf 81' lang='lat' dir='ltr'><em>wie</em></span> <span class='ocrx_word' id='word_1_268' title='bbox 1053 1422 1104 1458; x_wconf 80' lang='lat' dir='ltr'><em>sie</em></span> <span class='ocrx_word' id='word_1_269' title='bbox 1132 1420 1233 1457; x_wconf 70' lang='lat' dir='ltr'><em>seleon</em></span> <span class='ocrx_word' id='word_1_270' title='bbox 1255 1433 1353 1469; x_wconf 74' lang='lat' dir='ltr'><em>ganz</em></span> <span class='ocrx_word' id='word_1_271' title='bbox 1379 1423 1417 1457; x_wconf 81' lang='lat' dir='ltr'><em>in</em></span> <span class='ocrx_word' id='word_1_272' title='bbox 1442 1420 1524 1458; x_wconf 82' lang='lat' dir='ltr'><strong>Ver-</strong></span> 
     </span>
     <span class='ocr_line' id='line_1_64' title="bbox 860 1477 1523 1528; baseline 0.002 -15"><span class='ocrx_word' id='word_1_273' title='bbox 860 1477 1057 1528; x_wconf 75' lang='lat' dir='ltr'><em>zwezflung</em></span> <span class='ocrx_word' id='word_1_274' title='bbox 1068 1489 1121 1513; x_wconf 84' lang='lat' dir='ltr'><em>wa</em></span> <span class='ocrx_word' id='word_1_275' title='bbox 1127 1490 1183 1514; x_wconf 80' lang='lat' dir='ltr'><strong>ren</strong></span> <span class='ocrx_word' id='word_1_276' title='bbox 1197 1478 1235 1514; x_wconf 85' lang='lat' dir='ltr'><strong>ob</strong></span> <span class='ocrx_word' id='word_1_277' title='bbox 1248 1478 1323 1514; x_wconf 73' lang='lat' dir='ltr'><strong>clem</strong></span> <span class='ocrx_word' id='word_1_278' title='bbox 1334 1479 1523 1526; x_wconf 74' lang='lat' dir='ltr'><em>geweissa-</em></span> 
     </span>
     <span class='ocr_line' id='line_1_65' title="bbox 858 1533 1524 1585; baseline 0 -15"><span class='ocrx_word' id='word_1_279' title='bbox 858 1537 961 1582; x_wconf 81' lang='lat' dir='ltr'><strong>geten</strong></span> <span class='ocrx_word' id='word_1_280' title='bbox 989 1533 1166 1583; x_wconf 70' lang='lat' dir='ltr'><em>Ungliiclc.</em></span> <span class='ocrx_word' id='word_1_281' title='bbox 1179 1556 1230 1561; x_wconf 92' lang='lat'><strong>-——</strong></span> <span class='ocrx_word' id='word_1_282' title='bbox 1256 1537 1313 1571; x_wconf 92' lang='lat' dir='ltr'><strong>De</strong></span> <span class='ocrx_word' id='word_1_283' title='bbox 1328 1548 1399 1571; x_wconf 87' lang='lat' dir='ltr'><strong>usu</strong></span> <span class='ocrx_word' id='word_1_284' title='bbox 1414 1547 1524 1585; x_wconf 86' lang='lat' dir='ltr'><strong>prae-</strong></span> 
     </span>
     <span class='ocr_line' id='line_1_66' title="bbox 859 1587 1517 1641; baseline 0 -14"><span class='ocrx_word' id='word_1_285' title='bbox 859 1592 1056 1641; x_wconf 78' lang='lat' dir='ltr'><em>positionis</em></span> <span class='ocrx_word' id='word_1_286' title='bbox 1077 1587 1157 1630; x_wconf 69' lang='grc' dir='ltr'><strong>’ὑπὸ</strong></span> <span class='ocrx_word' id='word_1_287' title='bbox 1181 1591 1282 1628; x_wconf 89' lang='lat' dir='ltr'><strong>conf.</strong></span> <span class='ocrx_word' id='word_1_288' title='bbox 1304 1591 1438 1628; x_wconf 73' lang='lat' dir='ltr'><strong>Matth.</strong></span> <span class='ocrx_word' id='word_1_289' title='bbox 1450 1592 1517 1628; x_wconf 85' lang='lat' dir='ltr'><strong>Gr.</strong></span> 
     </span>
     <span class='ocr_line' id='line_1_67' title="bbox 861 1647 1522 1699; baseline -0.002 -15"><span class='ocrx_word' id='word_1_290' title='bbox 861 1649 929 1684; x_wconf 88' lang='lat' dir='ltr'><strong>Gr.</strong></span> <span class='ocrx_word' id='word_1_291' title='bbox 951 1649 988 1693; x_wconf 61' lang='grc' dir='ltr'><strong>ξ.</strong></span> <span class='ocrx_word' id='word_1_292' title='bbox 1019 1647 1123 1696; x_wconf 80' lang='lat'>592,</span> <span class='ocrx_word' id='word_1_293' title='bbox 1154 1660 1175 1683; x_wconf 91' lang='lat' dir='ltr'><em>a</em></span> <span class='ocrx_word' id='word_1_294' title='bbox 1203 1660 1291 1698; x_wconf 82' lang='lat' dir='ltr'><em>pag.</em></span> <span class='ocrx_word' id='word_1_295' title='bbox 1315 1650 1434 1696; x_wconf 81' lang='lat'>1186,</span> <span class='ocrx_word' id='word_1_296' title='bbox 1458 1649 1522 1699; x_wconf 89' lang='lat' dir='ltr'><strong>qui</strong></span> 
     </span>
     <span class='ocr_line' id='line_1_68' title="bbox 860 1703 1523 1755; baseline -0.002 -14"><span class='ocrx_word' id='word_1_297' title='bbox 860 1703 965 1741; x_wconf 89' lang='lat' dir='ltr'><strong>idem</strong></span> <span class='ocrx_word' id='word_1_298' title='bbox 987 1705 1023 1750; x_wconf 64' lang='grc' dir='ltr'><strong>ξ.</strong></span> <span class='ocrx_word' id='word_1_299' title='bbox 1049 1706 1127 1745; x_wconf 86' lang='grc'><strong>188</strong></span> <span class='ocrx_word' id='word_1_300' title='bbox 1141 1717 1229 1755; x_wconf 82' lang='lat' dir='ltr'><em>pag.</em></span> <span class='ocrx_word' id='word_1_301' title='bbox 1243 1707 1322 1745; x_wconf 80' lang='lat'><strong>333</strong></span> <span class='ocrx_word' id='word_1_302' title='bbox 1346 1706 1523 1741; x_wconf 88' lang='lat' dir='ltr'><em>consula-</em></span> 
     </span>
     <span class='ocr_line' id='line_1_69' title="bbox 860 1760 1521 1812; baseline 0.003 -14"><span class='ocrx_word' id='word_1_303' title='bbox 860 1768 922 1799; x_wconf 88' lang='lat' dir='ltr'><strong>tur</strong></span> <span class='ocrx_word' id='word_1_304' title='bbox 960 1760 1008 1798; x_wconf 87' lang='lat' dir='ltr'><strong>ad</strong></span> <span class='ocrx_word' id='word_1_305' title='bbox 1039 1761 1204 1797; x_wconf 87' lang='lat' dir='ltr'><strong>formam</strong></span> <span class='ocrx_word' id='word_1_306' title='bbox 1242 1760 1521 1812; x_wconf 78' lang='grc' dir='ltr'>κεχρησμένον,</span> 
     </span>
     <span class='ocr_line' id='line_1_70' title="bbox 862 1818 1521 1856; baseline 0 -1"><span class='ocrx_word' id='word_1_307' title='bbox 862 1819 968 1856; x_wconf 88' lang='lat' dir='ltr'><em>cuius</em></span> <span class='ocrx_word' id='word_1_308' title='bbox 988 1818 1072 1854; x_wconf 89' lang='lat' dir='ltr'><strong>loco</strong></span> <span class='ocrx_word' id='word_1_309' title='bbox 1095 1818 1286 1855; x_wconf 82' lang='lat' dir='ltr'><strong>Sancrofti</strong></span> <span class='ocrx_word' id='word_1_310' title='bbox 1307 1819 1403 1854; x_wconf 88' lang='lat' dir='ltr'><strong>liber</strong></span> <span class='ocrx_word' id='word_1_311' title='bbox 1423 1831 1521 1855; x_wconf 87' lang='lat' dir='ltr'><strong>nnus</strong></span> 
     </span>
     <span class='ocr_line' id='line_1_71' title="bbox 860 1873 1521 1926; baseline -0.005 -12"><span class='ocrx_word' id='word_1_312' title='bbox 860 1873 1116 1925; x_wconf 81' lang='grc' dir='ltr'>κεχρημένον,</span> <span class='ocrx_word' id='word_1_313' title='bbox 1149 1874 1253 1926; x_wconf 87' lang='lat' dir='ltr'><strong>quod</strong></span> <span class='ocrx_word' id='word_1_314' title='bbox 1292 1876 1419 1925; x_wconf 87' lang='lat' dir='ltr'><em>ipsum</em></span> <span class='ocrx_word' id='word_1_315' title='bbox 1457 1875 1521 1922; x_wconf 85' lang='lat' dir='ltr'><strong>IV,</strong></span> 
     </span>
     <span class='ocr_line' id='line_1_72' title="bbox 863 1931 1524 1971; baseline 0 -4"><span class='ocrx_word' id='word_1_316' title='bbox 863 1931 944 1971; x_wconf 82' lang='lat'><strong>164</strong></span> <span class='ocrx_word' id='word_1_317' title='bbox 974 1933 1016 1967; x_wconf 90' lang='lat' dir='ltr'><strong>iu</strong></span> <span class='ocrx_word' id='word_1_318' title='bbox 1037 1931 1213 1968; x_wconf 88' lang='lat' dir='ltr'><em>omnibus</em></span> <span class='ocrx_word' id='word_1_319' title='bbox 1252 1932 1445 1968; x_wconf 76' lang='lat' dir='ltr'><strong>invenitur</strong></span> <span class='ocrx_word' id='word_1_320' title='bbox 1475 1932 1524 1968; x_wconf 75' lang='lat' dir='ltr'><strong>li-</strong></span> 
     </span>
     <span class='ocr_line' id='line_1_73' title="bbox 860 1988 1521 2040; baseline 0.002 -16"><span class='ocrx_word' id='word_1_321' title='bbox 860 1988 949 2024; x_wconf 89' lang='lat' dir='ltr'><em>bris.</em></span> <span class='ocrx_word' id='word_1_322' title='bbox 1022 1988 1072 2024; x_wconf 86' lang='lat' dir='ltr'><strong>Et</strong></span> <span class='ocrx_word' id='word_1_323' title='bbox 1108 1988 1188 2036; x_wconf 85' lang='lat' dir='ltr'>VII,</span> <span class='ocrx_word' id='word_1_324' title='bbox 1228 1990 1310 2029; x_wconf 76' lang='lat'><strong>220</strong></span> <span class='ocrx_word' id='word_1_325' title='bbox 1349 1988 1521 2040; x_wconf 82' lang='lat' dir='ltr'><strong>plerique</strong></span> 
     </span>
     <span class='ocr_line' id='line_1_74' title="bbox 861 2042 1520 2096; baseline 0.005 -15"><span class='ocrx_word' id='word_1_326' title='bbox 861 2043 972 2084; x_wconf 84' lang='lat' dir='ltr'><strong>codd.</strong></span> <span class='ocrx_word' id='word_1_327' title='bbox 992 2042 1198 2096; x_wconf 76' lang='grc' dir='ltr'>ἐκέχρητο,</span> <span class='ocrx_word' id='word_1_328' title='bbox 1219 2046 1286 2081; x_wconf 89' lang='lat' dir='ltr'><strong>ubi</strong></span> <span class='ocrx_word' id='word_1_329' title='bbox 1317 2044 1458 2082; x_wconf 85' lang='lat' dir='ltr'><strong>Aldina</strong></span> <span class='ocrx_word' id='word_1_330' title='bbox 1479 2044 1520 2084; x_wconf 82' lang='grc' dir='ltr'><strong>ε’-</strong></span> 
     </span>
     <span class='ocr_line' id='line_1_75' title="bbox 860 2099 1521 2153; baseline -0.002 -13"><span class='ocrx_word' id='word_1_331' title='bbox 860 2099 1064 2153; x_wconf 70' lang='grc' dir='ltr'>κὲχρηστο.</span> <span class='ocrx_word' id='word_1_332' title='bbox 1122 2102 1187 2138; x_wconf 93' lang='lat' dir='ltr'><strong>Tu</strong></span> <span class='ocrx_word' id='word_1_333' title='bbox 1219 2102 1321 2138; x_wconf 88' lang='lat' dir='ltr'><strong>conf.</strong></span> <span class='ocrx_word' id='word_1_334' title='bbox 1355 2109 1451 2139; x_wconf 86' lang='lat' dir='ltr'><em>nott.</em></span> <span class='ocrx_word' id='word_1_335' title='bbox 1473 2100 1521 2139; x_wconf 87' lang='lat' dir='ltr'><strong>ad</strong></span> 
     </span>
     <span class='ocr_line' id='line_1_76' title="bbox 859 2156 1519 2207; baseline 0.003 -14"><span class='ocrx_word' id='word_1_336' title='bbox 859 2160 926 2206; x_wconf 80' lang='lat'>111,</span> <span class='ocrx_word' id='word_1_337' title='bbox 967 2156 1018 2198; x_wconf 75' lang='lat'><strong>64</strong></span> <span class='ocrx_word' id='word_1_338' title='bbox 1059 2159 1146 2195; x_wconf 90' lang='lat' dir='ltr'><strong>coll.</strong></span> <span class='ocrx_word' id='word_1_339' title='bbox 1181 2160 1230 2207; x_wconf 89' lang='grc' dir='ltr'><strong>ΙΙ,</strong></span> <span class='ocrx_word' id='word_1_340' title='bbox 1262 2157 1355 2199; x_wconf 84' lang='grc'><strong>147.</strong></span> <span class='ocrx_word' id='word_1_341' title='bbox 1376 2181 1432 2185; x_wconf 89' lang='grc'>-</span> <span class='ocrx_word' id='word_1_342' title='bbox 1475 2160 1519 2195; x_wconf 82' lang='grc' dir='ltr'><strong>1η</strong></span> 
     </span>
     <span class='ocr_line' id='line_1_77' title="bbox 860 2214 1520 2266; baseline 0.002 -14"><span class='ocrx_word' id='word_1_343' title='bbox 860 2227 967 2266; x_wconf 85' lang='lat' dir='ltr'><em>seqq.</em></span> <span class='ocrx_word' id='word_1_344' title='bbox 1007 2216 1183 2253; x_wconf 83' lang='lat' dir='ltr'><strong>revocavi</strong></span> <span class='ocrx_word' id='word_1_345' title='bbox 1222 2228 1312 2252; x_wconf 85' lang='lat' dir='ltr'><strong>cum</strong></span> <span class='ocrx_word' id='word_1_346' title='bbox 1339 2214 1520 2253; x_wconf 76' lang='lat' dir='ltr'><strong>Bekkero</strong></span> 
     </span>
     <span class='ocr_line' id='line_1_78' title="bbox 861 2271 1522 2324; baseline -0.002 -14"><span class='ocrx_word' id='word_1_347' title='bbox 861 2271 1073 2323; x_wconf 76' lang='grc' dir='ltr'>ἱκετηρίας,</span> <span class='ocrx_word' id='word_1_348' title='bbox 1095 2273 1200 2309; x_wconf 87' lang='lat' dir='ltr'><em>cuius</em></span> <span class='ocrx_word' id='word_1_349' title='bbox 1211 2272 1297 2309; x_wconf 89' lang='lat' dir='ltr'><strong>loco</strong></span> <span class='ocrx_word' id='word_1_350' title='bbox 1319 2271 1522 2324; x_wconf 87' lang='lat' dir='ltr'><strong>Schweig-</strong></span> 
     </span>
     <span class='ocr_line' id='line_1_79' title="bbox 859 2327 1521 2369; baseline 0.006 -4"><span class='ocrx_word' id='word_1_351' title='bbox 859 2327 991 2365; x_wconf 87' lang='lat' dir='ltr'><em>haeus.</em></span> <span class='ocrx_word' id='word_1_352' title='bbox 1017 2335 1054 2366; x_wconf 87' lang='lat' dir='ltr'><strong>et</strong></span> <span class='ocrx_word' id='word_1_353' title='bbox 1085 2330 1202 2366; x_wconf 72' lang='lat' dir='ltr'><em>Gaisfi</em></span> <span class='ocrx_word' id='word_1_354' title='bbox 1224 2328 1409 2367; x_wconf 83' lang='lat' dir='ltr'><strong>dederant</strong></span> <span class='ocrx_word' id='word_1_355' title='bbox 1440 2329 1521 2369; x_wconf 83' lang='grc' dir='ltr'><em>ἷκε-</em></span> 
     </span>
     <span class='ocr_line' id='line_1_80' title="bbox 859 2385 1520 2436; baseline 0 -12"><span class='ocrx_word' id='word_1_356' title='bbox 859 2385 1014 2436; x_wconf 82' lang='grc' dir='ltr'>τηρίην,</span> <span class='ocrx_word' id='word_1_357' title='bbox 1054 2385 1345 2435; x_wconf 83' lang='lat' dir='ltr'><strong>1ninus‚credo‚</strong></span> <span class='ocrx_word' id='word_1_358' title='bbox 1376 2400 1520 2425; x_wconf 84' lang='lat' dir='ltr'><strong>conve-</strong></span> 
     </span>
     <span class='ocr_line' id='line_1_81' title="bbox 859 2443 1520 2481; baseline 0 -3"><span class='ocrx_word' id='word_1_359' title='bbox 859 2443 1021 2479; x_wconf 85' lang='lat' dir='ltr'><strong>nienter.</strong></span> <span class='ocrx_word' id='word_1_360' title='bbox 1092 2444 1218 2480; x_wconf 83' lang='lat' dir='ltr'><strong>Utitur</strong></span> <span class='ocrx_word' id='word_1_361' title='bbox 1256 2450 1385 2481; x_wconf 86' lang='lat' dir='ltr'><strong>autem</strong></span> <span class='ocrx_word' id='word_1_362' title='bbox 1414 2443 1454 2481; x_wconf 92' lang='lat' dir='ltr'><strong>h.</strong></span> <span class='ocrx_word' id='word_1_363' title='bbox 1495 2444 1520 2480; x_wconf 93' lang='lat' dir='ltr'><strong>l.</strong></span> 
     </span>
     <span class='ocr_line' id='line_1_82' title="bbox 860 2498 1522 2538; baseline 0.003 -4"><span class='ocrx_word' id='word_1_364' title='bbox 860 2498 1078 2536; x_wconf 83' lang='lat' dir='ltr'><strong>Blomfield.</strong></span> <span class='ocrx_word' id='word_1_365' title='bbox 1110 2500 1150 2536; x_wconf 85' lang='lat' dir='ltr'><em>in</em></span> <span class='ocrx_word' id='word_1_366' title='bbox 1188 2501 1352 2538; x_wconf 86' lang='lat' dir='ltr'><em>Glossar.</em></span> <span class='ocrx_word' id='word_1_367' title='bbox 1374 2499 1422 2537; x_wconf 88' lang='lat' dir='ltr'><strong>ad</strong></span> <span class='ocrx_word' id='word_1_368' title='bbox 1441 2501 1522 2536; x_wconf 88' lang='lat' dir='ltr'><strong>Ae-</strong></span> 
     </span>
     <span class='ocr_line' id='line_1_83' title="bbox 862 2552 1520 2607; baseline 0.003 -17"><span class='ocrx_word' id='word_1_369' title='bbox 862 2552 981 2605; x_wconf 80' lang='lat' dir='ltr'><em>schyl.</em></span> <span class='ocrx_word' id='word_1_370' title='bbox 1023 2554 1195 2607; x_wconf 82' lang='lat' dir='ltr'><strong>Choeph-</strong></span> <span class='ocrx_word' id='word_1_371' title='bbox 1240 2560 1346 2598; x_wconf 75' lang='lat'>1022</span> <span class='ocrx_word' id='word_1_372' title='bbox 1387 2556 1434 2593; x_wconf 91' lang='lat' dir='ltr'><strong>de</strong></span> <span class='ocrx_word' id='word_1_373' title='bbox 1475 2570 1520 2592; x_wconf 83' lang='lat' dir='ltr'><strong>eo</strong></span> 
     </span>
     <span class='ocr_line' id='line_1_84' title="bbox 862 2611 1519 2663; baseline 0.002 -17"><span class='ocrx_word' id='word_1_374' title='bbox 862 2611 1096 2648; x_wconf 88' lang='lat' dir='ltr'><strong>Graecorum</strong></span> <span class='ocrx_word' id='word_1_375' title='bbox 1116 2627 1224 2651; x_wconf 88' lang='lat' dir='ltr'><strong>more</strong></span> <span class='ocrx_word' id='word_1_376' title='bbox 1242 2626 1417 2659; x_wconf 76' lang='lat' dir='ltr'><strong>monens,</strong></span> <span class='ocrx_word' id='word_1_377' title='bbox 1443 2625 1519 2663; x_wconf 82' lang='lat' dir='ltr'><strong>quo</strong></span> 
     </span>
     <span class='ocr_line' id='line_1_85' title="bbox 861 2668 1517 2719; baseline 0.002 -16"><span class='ocrx_word' id='word_1_378' title='bbox 861 2668 1062 2717; x_wconf 84' lang='lat' dir='ltr'><em>supplices,</em></span> <span class='ocrx_word' id='word_1_379' title='bbox 1083 2677 1147 2707; x_wconf 88' lang='lat' dir='ltr'><strong>aut</strong></span> <span class='ocrx_word' id='word_1_380' title='bbox 1169 2671 1232 2707; x_wconf 88' lang='lat' dir='ltr'><em>alii</em></span> <span class='ocrx_word' id='word_1_381' title='bbox 1252 2670 1431 2716; x_wconf 83' lang='lat' dir='ltr'><strong>infelices,</strong></span> <span class='ocrx_word' id='word_1_382' title='bbox 1454 2670 1517 2719; x_wconf 86' lang='lat' dir='ltr'><strong>qui</strong></span> 
     </span>
     <span class='ocr_line' id='line_1_86' title="bbox 862 2724 1520 2774; baseline 0.002 -15"><span class='ocrx_word' id='word_1_383' title='bbox 862 2724 910 2760; x_wconf 91' lang='lat' dir='ltr'><strong>ob</strong></span> <span class='ocrx_word' id='word_1_384' title='bbox 938 2725 1063 2774; x_wconf 88' lang='lat' dir='ltr'><em>ipsum</em></span> <span class='ocrx_word' id='word_1_385' title='bbox 1091 2727 1344 2763; x_wconf 87' lang='lat' dir='ltr'><strong>infortunium</strong></span> <span class='ocrx_word' id='word_1_386' title='bbox 1382 2737 1520 2761; x_wconf 84' lang='lat' dir='ltr'><strong>oracu-</strong></span> 
     </span>
     <span class='ocr_line' id='line_1_87' title="bbox 860 2780 1519 2829; baseline 0.002 -13"><span class='ocrx_word' id='word_1_387' title='bbox 860 2780 942 2816; x_wconf 88' lang='lat' dir='ltr'><strong>lum</strong></span> <span class='ocrx_word' id='word_1_388' title='bbox 963 2783 1231 2829; x_wconf 80' lang='lat' dir='ltr'><strong>consulebant,</strong></span> <span class='ocrx_word' id='word_1_389' title='bbox 1253 2782 1374 2818; x_wconf 80' lang='lat' dir='ltr'><strong>olivae</strong></span> <span class='ocrx_word' id='word_1_390' title='bbox 1395 2793 1519 2817; x_wconf 86' lang='lat' dir='ltr'><em>ramos</em></span> 
     </span>
     <span class='ocr_line' id='line_1_88' title="bbox 862 2838 1074 2886; baseline 0.019 -14"><span class='ocrx_word' id='word_1_391' title='bbox 862 2838 1074 2886; x_wconf 79' lang='lat' dir='ltr'><em>gestabant.</em></span> 
     </span>
    </p>
   </div>
   <div class='ocr_carea' id='block_1_13' title="bbox 1521 333 1765 371">
    <p class='ocr_par' dir='ltr' id='par_1_14' title="bbox 1521 333 1765 371">
     <span class='ocr_line' id='line_1_89' title="bbox 1521 333 1765 371; baseline 0.004 -12"><span class='ocrx_word' id='word_1_392' title='bbox 1521 340 1574 371; x_wconf 52' lang='lat' dir='ltr'><strong>po?</strong></span> <span class='ocrx_word' id='word_1_393' title='bbox 1564 333 1676 360; x_wconf 60' lang='lat' dir='ltr'><strong>aterius</strong></span> <span class='ocrx_word' id='word_1_394' title='bbox 1696 335 1723 360; x_wconf 88' lang='lat' dir='ltr'>b</span> <span class='ocrx_word' id='word_1_395' title='bbox 1718 333 1765 360; x_wconf 65' lang='lat' dir='ltr'><strong>vni</strong></span> 
     </span>
    </p>
   </div>
   <div class='ocr_carea' id='block_1_14' title="bbox 1547 367 1797 467">
    <p class='ocr_par' dir='ltr' id='par_1_15' title="bbox 1547 367 1784 467">
     <span class='ocr_line' id='line_1_90' title="bbox 1565 367 1779 393; baseline 0.01 -2.126"><span class='ocrx_word' id='word_1_396' title='bbox 1565 375 1609 392; x_wconf 92' lang='grc' dir='ltr'><strong>ιιι</strong></span> <span class='ocrx_word' id='word_1_397' title='bbox 1648 367 1699 393; x_wconf 48' lang='lat' dir='ltr'><strong>⁴*td</strong></span> <span class='ocrx_word' id='word_1_398' title='bbox 1720 375 1755 393; x_wconf 88' lang='lat' dir='ltr'>m</span> <span class='ocrx_word' id='word_1_399' title='bbox 1752 376 1779 393; x_wconf 75' lang='grc' dir='ltr'>ἰ-</span> 
     </span>
     <span class='ocr_line' id='line_1_91' title="bbox 1547 408 1797 428; baseline 0.017 -4"><span class='ocrx_word' id='word_1_400' title='bbox 1547 408 1583 425; x_wconf 74' lang='lat' dir='ltr'><strong>na</strong></span> <span class='ocrx_word' id='word_1_401' title='bbox 1606 408 1710 427; x_wconf 66' lang='lat' dir='ltr'><em>sensus</em></span> <span class='ocrx_word' id='word_1_402' title='bbox 1737 409 1797 428; x_wconf 79' lang='lat' dir='ltr'><strong>am-</strong></span> 
     </span>
     <span class='ocr_line' id='line_1_92' title="bbox 1547 433 1684 467; baseline 0.017 -8.172"><span class='ocrx_word' id='word_1_403' title='bbox 1547 433 1654 467; x_wconf 74' lang='lat' dir='ltr'><strong>uguita</strong></span> <span class='ocrx_word' id='word_1_404' title='bbox 1659 442 1684 461; x_wconf 87' lang='lat' dir='ltr'><strong>c.</strong></span> 
     </span>
    </p>
   </div>
   <div class='ocr_carea' id='block_1_15' title="bbox 1855 1595 1897 3340">
    <p class='ocr_par' dir='ltr' id='par_1_16' title="bbox 1855 1595 1897 3340">
     <span class='ocr_line' id='line_1_93' title="bbox 1855 1595 1897 3340; baseline 0 0"><span class='ocrx_word' id='word_1_405' title='bbox 1855 1595 1897 3340; x_wconf 95' lang='lat' dir='ltr'><strong> </strong></span> 
     </span>
    </p>
   </div>
  </div>
 </body>
</html>
