1897 3340
130 961 218 992 Nova
234 968 326 1000 nupta

129 996 340 1029 (neomenem

130 1035 197 1064 post
216 1032 295 1065 prior
312 1042 388 1060 uxor

131 1065 270 1093 Doricum
281 1086 290 1101 ‚
311 1070 386 1094 tum-

463 251 519 290 62
865 248 1321 286 HERODOT!

463 360 566 413 ,πῆς
606 356 710 412 ἔχεις
747 355 978 411 γυναικὸς,
1017 357 1070 399 σύ
1109 355 1154 400 δὲ
1193 360 1329 399 ταῦτα
1365 357 1505 406 ποίεε,
1547 356 1620 398 καὶ
1655 356 1714 412 μὴ

463 423 711 479 ,,ἆντίβαινε
747 423 960 474 τούτοισι,
999 425 1073 466 ἵνα
1110 423 1169 480 μή
1210 441 1250 467 τι
1287 422 1464 467 ἀλλοῖον
1503 423 1602 476 περὶ
1637 426 1715 465 σεῦ

428 493 534 544 2,,οῑ
563 494 836 546 Σπαρτιῆται
873 489 1207 545 βουλεύσωνται.
1267 491 1478 546 γυναικός
1515 491 1593 544 μὲν
1641 493 1769 545 τῆς1ο

463 559 598 614 ,,ἐ’χεις
623 557 676 600 οὐ
698 555 1004 611 προσδεόμεθά
1025 570 1102 600 σευ
1123 563 1196 613 τῆς
1218 558 1394 610 ἐξέσιος·
1435 558 1489 601 σύ
1511 559 1556 601 δὲ
1577 556 1713 613 ταύτῃ

461 642 530 679 ,,τε
550 624 690 668 πάντα
711 625 794 668 ὅσα
824 629 908 668 νῦν
931 625 1128 680 παρέχεις
1147 624 1322 681 πάρεχε,
1354 627 1427 669 καὶ
1451 625 1583 681 ἄλλην
1601 624 1713 678 πρὸς

461 693 626 749 ,,ταύτῃ
666 692 846 748 ἐσάγαγε
883 698 1072 748 γυναῖκα
1113 692 1410 736 τεκνοποιόν.“
1472 691 1618 736 Ταῦτά
1658 710 1713 748 κη

432 760 699 815 3λεγόντων.
743 761 1014 816 συνεχώρησε
1056 758 1079 803 ὁ
1120 758 1474 816 Ἀναξανδρίδης·
1515 760 1619 816 μετὰ
1655 760 1769 810 ὁὲ,15

458 832 670 882 γυναῖκας
699 826 806 883 ἔχων
839 829 944 881 δύο,
975 828 1094 880 διξάς
1121 827 1256 878 ἱστίας
1287 830 1420 876 οἴκεε,
1450 829 1612 870 ποιέων
1642 825 1715 870 οὐ·

332 902 394 945 41
461 896 609 948 δαμῶς
629 896 940 951 Σπαρτιητικά.
982 895 1162 950 Χρόνου
1184 896 1228 938 δὲ
1250 894 1305 938 ου’
1331 899 1498 938 πολλοῦ
1519 893 1711 938 διελθόν·

461 978 552 1011 τος,
588 960 614 1016 ἡ
645 961 689 1012 ἐς
728 963 915 1017 ὕστερον
950 964 1198 1007 ἐπελθοῦσα
1236 962 1346 1018 γυνὴ
1385 964 1513 1005 τίκτει
1543 961 1621 1004 τὸν
1660 960 1713 1016 δή

463 1028 706 1082 Κλεομένεα
745 1035 915 1074 τοῦτον.
974 1032 1047 1075 καὶ
1087 1030 1197 1084 αὕτη
1235 1046 1279 1073 τε
1321 1029 1508 1086 ἔφεδρον
1537 1027 1714 1086 βασιλέα

406 1157 514 1194 affert
526 1158 694 1194 Elmslei.
721 1156 768 1193 ad
790 1155 970 1208 Sophocl.
983 1158 1059 1194 Oe-

405 1213 482 1264 dip.
514 1215 594 1251 Col.
617 1228 670 1250 vs.
692 1214 786 1254 507.
816 1213 958 1254 Herod.
979 1215 1059 1261 vll,

405 1271 484 1311 159
506 1270 571 1306 fin.
593 1271 656 1318 IV,
683 1272 773 1310 126.

459 1325 526 1363 ἵνα
558 1322 612 1376 μή
647 1341 683 1364 τι
707 1321 866 1363 α’λλοῖον
887 1345 940 1352 -·
961 1326 1061 1375 βον-

401 1377 634 1429 λεύσωνται]
666 1382 691 1418 i.
724 1394 756 1416 e.
784 1393 825 1417 ne
844 1380 946 1417 aliud
974 1381 1061 1430 quid

402 1437 512 1486 (mali
550 1439 628 1475 scil.
666 1451 695 1474 s.
726 1436 987 1485 incommodi)
1019 1437 1060 1474 de

401 1498 434 1530 te
455 1493 636 1543 Spartani
650 1495 875 1539 constituant,
894 1506 1058 1544 quorum

401 1551 480 1586 scili
502 1563 619 1601 quam
640 1551 808 1585 maxime
829 1549 869 1585 id
889 1551 1056 1597 interest,

401 1619 451 1642 ne
483 1608 585 1656 regia
624 1605 912 1642 Heraclidarum
947 1607 1056 1656 stirps

400 1663 581 1710 intereat,
627 1662 692 1699 sed
720 1669 763 1698 ut
789 1662 896 1698 firma
928 1674 970 1698 ac
991 1674 1056 1698 ro—

401 1719 510 1755 busta
531 1727 773 1756 conservetur
804 1725 1056 1769 propagetur-

402 1788 487 1827 que.
545 1774 607 1811 Ad
637 1776 752 1812 verba
794 1770 841 1813 οὗ
863 1771 1056 1826 προσδεό-

402 1827 509 1882 μεθά
552 1844 619 1870 σευ
656 1834 728 1880 τῆς
772 1829 917 1878 ἐξέσιος
954 1831 1056 1868 conf.

401 1886 536 1924 Matth.
567 1889 632 1924 Gr.
665 1889 731 1925 Gr.
752 1900 839 1939 pag.
861 1889 955 1927 669.
977 1885 1059 1934 ἐξέ-

402 1956 487 1990 σιος
524 1945 630 1980 tenui
669 1958 759 1981 cum
795 1942 969 1980 Eustath.
1009 1942 1055 1980 ad

402 1999 474 2037 Od.
504 2013 591 2051 pag.
627 2004 746 2048 1667,
777 2003 831 2050 32
859 2014 888 2036 s.
908 1999 1008 2047 410,
1031 2003 1055 2041 6

402 2064 439 2093 et
478 2069 566 2107 pag.
600 2059 719 2104 1900,
747 2059 773 2096 2
802 2069 829 2092 S·
862 2055 958 2102 746,
989 2059 1056 2096 22·

400 2115 458 2149 De
497 2114 576 2163 ipsa
606 2125 701 2150 voce
737 2112 902 2150 diximus
934 2110 982 2148 ad
1010 2113 1055 2159 V,

402 2171 477 2216 393
509 2169 555 2206 de
576 2181 670 2206 voce
696 2165 927 2214 τεκνοποιός
956 2168 1056 2205 conf.

400 2232 496 2262 nott.
518 2225 566 2262 ad
585 2227 614 2271 Ι,
636 2225 702 2266 59.

457 2279 567 2328 διξάς
587 2281 713 2329 ἱστίας
733 2281 852 2329 οἴκεε]
875 2281 899 2317 i.
913 2294 946 2321 e.
965 2279 1057 2318 duas

400 2336 581 2375 habitavit
600 2337 714 2374 domos
746 2351 773 2375 s.
795 2337 966 2387 duplicem
991 2338 1058 2388 sa-

399 2395 536 2431 mv'lz'am
565 2396 754 2431 constituit.
831 2394 903 2430 Ubi
935 2394 1059 2440 ἱστίας

402 2451 527 2490 οἰκεῖν
549 2450 685 2487 eodem
705 2452 782 2488 fere
809 2450 948 2495 modo,
980 2464 1055 2502 quo

401 2507 489 2544 alibi
511 2507 638 2553 οἰκίας
655 2507 799 2554 οἰκεῖν,
830 2508 901 2543 alia
927 2505 966 2542 id
986 2520 1055 2557 ge—

400 2576 491 2611 nus;
524 2562 571 2600 de
601 2564 736 2615 quibus
767 2564 867 2600 conf.
895 2564 1056 2600 Wesse-

399 2620 493 2670 ling.
519 2620 566 2657 ad
586 2619 741 2657 Diodor.
764 2621 882 2658 Sicul.
902 2620 966 2667 IV,
987 2620 1053 2661 24.

401 2676 512 2713 Cous.
551 2678 665 2713 etiam
705 2676 846 2714 Herod.
880 2677 951 2720 Vl,
999 2679 1053 2717 86

401 2734 440 2778 ς.
471 2732 509 2779 4,
540 2734 587 2769 de
616 2746 709 2770 voce
738 2733 851 2782 ἱστίη.
910 2734 1055 2769 Pausa—

399 2790 481 2826 nias
500 2791 565 2837 111,
587 2792 610 2830 3
633 2791 669 2835 ξ.
690 2793 715 2830 7
736 2789 808 2827 hoc
830 2791 880 2826 ita
899 2803 1055 2840 expres-

400 2847 472 2884 sit:
523 2841 639 2897 μόνος
672 2842 866 2898 γυναῖκάς
904 2860 944 2885 τε
978 2839 1054 2885 δύο

1117 1153 1199 1206 ἅμα
1221 1155 1328 1207 ἔσχεν
1348 1154 1414 1195 καὶ
1444 1156 1571 1202 οἰκίας
1592 1151 1665 1195 δύο
1688 1151 1771 1207 ἅμα

1119 1211 1256 1265 ᾤκησε.
1298 1215 1431 1264 Neque
1453 1214 1556 1249 enim
1577 1211 1649 1249 hoc
1670 1211 1773 1263 apud

1117 1271 1280 1306 Graecos
1293 1282 1479 1320 umquam
1497 1271 1537 1305 in
1559 1282 1666 1305 more
1686 1270 1772 1316 fuit,

1116 1332 1158 1361 ut
1179 1324 1271 1361 duas
1292 1327 1374 1376 quis
1394 1326 1507 1361 simul
1534 1338 1671 1361 uxores
1700 1324 1773 1362 ha—

1117 1381 1234 1427 beret,
1263 1382 1336 1417 nisi
1367 1388 1485 1417 certas
1504 1380 1700 1418 interdum
1720 1382 1769 1418 ob

1117 1439 1292 1484 rationes,
1315 1438 1345 1474 si
1364 1438 1549 1488 permissu
1569 1438 1771 1487 magistra-

1114 1501 1225 1530 tuum
1268 1494 1331 1530 vel
1368 1494 1501 1544 populi
1535 1493 1608 1530 hoc
1643 1493 1770 1542 fiebat,

1113 1551 1334 1600 praesertim
1348 1547 1413 1588 διὰ
1434 1545 1583 1589 σπάνιν
1606 1545 1771 1600 οἷνθρώ-

1114 1621 1223 1653 πων,
1256 1605 1359 1657 quod
1379 1606 1497 1642 semel
1518 1605 1695 1643 accidisse
1709 1619 1770 1643 ac-

1114 1664 1296 1713 cepimus.
1338 1663 1436 1698 Hinc
1456 1669 1569 1710 recte,
1591 1670 1632 1699 ut
1653 1661 1701 1699 ad
1728 1661 1770 1700 h.

1110 1719 1136 1754 l.
1181 1719 1331 1755 monuit
1370 1717 1554 1755 Valcken.
1569 1748 1578 1766 ‚
1636 1720 1771 1756 Noster

1113 1776 1185 1812 ait:
1218 1773 1365 1813 ποιέων
1384 1770 1568 1825 ου’δαμῶς
1589 1773 1656 1825 (ita
1668 1776 1771 1811 enim

1114 1845 1134 1867 e
1181 1831 1365 1867 librorum
1403 1839 1640 1868 vetustorum
1675 1845 1771 1868 con-

1113 1901 1224 1924 sensu
1263 1886 1436 1924 dedimus
1466 1900 1534 1938 pro
1574 1883 1770 1938 ου’δαμᾶ.)

1115 1941 1487 1994 Σπαρτιητικά,
1506 1957 1664 1996 quaene
1683 1942 1770 1983 Ἑλ-

1113 1997 1301 2050 ληνικά
1331 1999 1488 2051 quidem
1510 2007 1628 2037 erant.
1668 2000 1768 2038 Sunt

1111 2069 1201 2094 vero
1238 2058 1327 2093 talia
1356 2056 1597 2094 diiudicanda
1635 2070 1684 2094 ex
1724 2069 1769 2094 ea

1111 2120 1286 2150 veterum
1324 2114 1580 2161 Graeconum
1620 2114 1770 2150 Dorum

1113 2171 1300 2220 imprimis
1321 2170 1518 2217 sententia,
1541 2176 1617 2222 quit
1636 2171 1770 2221 civita-3

1113 2228 1158 2263 tis
1178 2227 1276 2263 salus
1291 2256 1300 2273 ,
1332 2240 1429 2278 quae
1448 2228 1488 2262 in
1510 2225 1769 2264 conservanda

1113 2296 1156 2319 ac
1176 2283 1421 2333 propaganda
1442 2285 1624 2334 progenie
1641 2284 1769 2319 maxi-

1113 2353 1177 2376 me
1193 2341 1369 2387 cernitur,
1382 2341 1555 2376 omnium
1567 2341 1689 2390 prima
1697 2337 1770 2376 ha—

1114 2397 1266 2433 beretur
1284 2397 1360 2443 lex,
1411 2398 1472 2433 cui
1492 2403 1769 2447 postponeren—

1111 2459 1173 2489 tur
1201 2454 1262 2489 vel
1292 2466 1390 2504 quae
1419 2454 1507 2490 alias
1535 2453 1769 2490 sanctissima

1113 2516 1235 2546 essent
1265 2516 1301 2546 et
1330 2510 1476 2559 legibus
1516 2509 1793 2559 institutisque'

1112 2566 1324 2602 firmissime
1356 2567 1570 2602 constituta.
1657 2564 1768 2601 Conf.

1112 2622 1154 2658 C.
1185 2623 1229 2658 Ο.
1258 2623 1407 2659 ΜἰὶΙΙει·.
1447 2623 1580 2658 Dorer.
1612 2622 1648 2657 Π
1678 2633 1768 2672 pag.

1110 2679 1207 2720 285.

1332 2733 1425 2784 Cap.
1445 2734 1549 2770 XLI.

1166 2787 1234 2827 καὶ
1254 2784 1353 2840 αὕτη
1372 2804 1412 2828 τε
1438 2789 1497 2839 ἕφ
1510 2790 1558 2828 εδ
1574 2803 1663 2838 ρον
1693 2788 1768 2839 βα-

1113 2844 1221 2884 σιλέα
1247 2841 1522 2898 Σπαρτιήτῃσι
1550 2841 1766 2895 ἀπέφαινε]
