1897 3340
282 523 383 568 206

120 587 390 616 Praemissa'rher-

120 623 254 657 mcpylas
270 622 389 648 aGrac-

119 656 161 682 cis
187 661 216 683 ta
223 654 391 682 ntummodo

120 689 228 722 exigna
247 697 350 716 manns

120 723 255 756 militnm,
275 721 352 758 quod

119 756 284 791 Spartanos
310 754 392 781 ludo-

119 798 184 817 rum
201 788 379 817 Catulorum

119 827 256 851 caeteros
288 822 376 856 Olym

140 861 253 886 ficorum
270 857 350 883 ccle-

141 894 213 921 ratio
235 889 357 924 expedi-

120 929 201 955 tione
223 925 319 953 adhuc
340 930 387 949 cx-

120 960 265 992 chalmot.

444 209 527 249 756

837 208 1295 247 HERODOTI

442 317 645 372 μηδίζειν.
701 316 937 369 παρεκάλεε
969 312 1032 361 (ὃν
1061 317 1103 368 ἐς
1131 316 1210 360 τόν
1230 317 1432 373 πόλεμον,
1461 319 1606 363 θέλων
1635 323 1690 364 εἰ·

445 384 565 428 δέναι
595 385 634 427 εἴ
656 399 699 427 τε
729 385 1046 440 συμπέμψουσι,
1075 387 1114 427 εἴ
1140 401 1182 427 τε
1206 385 1277 428 καὶ
1300 385 1531 439 ἀπερέουσι
1555 388 1601 431 ἐκ
1613 392 1692 431 τοῦ

447 451 661 508 ἐμφανέος
698 451 777 506 τὴν
813 450 1025 508 Ἑλλήνων
1070 453 1326 507 συμμαχίην.

443 519 716 576 φρονέοντες,
734 519 936 574 ἔπεμπον.

1393 454 1437 495 οἱ
1466 455 1510 497 δὲ
1523 489 1533 505 ,
1563 453 1691 497 ἄλλο·

1003 518 1195 570 Τούτους
1223 519 1300 572 μὲν
1318 518 1421 569 τούς
1450 518 1565 575 α’μφὶ
1581 524 1691 563 Λεω-
1705 523 1749 560 40

445 589 572 643 νίδην
601 586 800 640 πρώτους
830 585 1081 641 ἀπέπεμψαν
1111 590 1391 641 Σπαρτιῆται,
1422 587 1494 629 ἵνα
1511 585 1696 638 τούτους

448 654 629 708 ὁρῶντες
660 656 702 697 οἱ
732 653 855 696 ἄλλοι
884 654 1109 709 σύμμαχοι,
1139 651 1449 707 στρατεύωνται
1462 654 1477 678 ·’
1501 655 1605 710 μηδὲ
1625 655 1696 698 καὶ

451 717 574 766 οὗτοι
613 722 846 777 μηδίσωσι,
867 720 923 776 ἢν
952 719 1111 770 αὐτούς
1139 720 1447 772 πυνθάνωνται
1475 721 1693 776 ύπερβαλ-
1719 727 1723 729 ’

383 809 391 822 ‚
422 789 680 841 Ξλομένους.
721 788 825 843 μετὰ
853 788 918 842 δὲ,
958 786 1152 840 Κάρνεια
1180 786 1263 840 γάρ
1295 800 1372 841 σφι
1400 782 1455 843 ἦν
1482 788 1696 843 ἐμποδών,

446 856 623 911 ἔμελλον
662 853 941 909 ὁρτάσαντες,
987 855 1060 898 καὶ
1099 851 1298 910 φυλακάς
1334 854 1528 906 λιπόντες
1570 854 1615 897 ἐν
1643 857 1696 911 τῇ

417 922 648 979 3Σπάρτῃ,
679 922 787 965 κατὰ
815 922 942 977 τάχος
971 923 1171 979 βοηθέειν
1200 922 1423 975 πανδημεί.
1466 921 1524 972 (ὃς
1554 923 1598 965 δὲ
1628 921 1752 964 καὶ45

448 993 491 1035 οἱ
519 990 664 1034 λοιποὶ
683 993 770 1032 τῶν
801 991 1034 1046 συμμάχων
1063 990 1272 1033 ἐνενιόντο
1303 988 1375 1031 καὶ
1420 987 1546 1031 αὐτοὶ
1575 987 1698 1042 ἕτερα

351 1193 354 1197 ·
393 1187 481 1212 cum
501 1173 623 1209 Persis
644 1172 809 1211 ineunda
822 1173 1045 1224 dissensisse,

393 1232 444 1268 ita
463 1237 517 1277 ut,
538 1231 602 1280 qui
624 1232 773 1267 alterius
785 1233 1050 1269 essentl'actio-

392 1288 472 1333 nis,
503 1286 797 1338 quadringentos
828 1288 944 1326 modo
974 1290 1050 1325 mi-

394 1345 523 1382 serim.

600 1444 691 1494 Cap.
714 1443 841 1484 CCVI.

452 1545 518 1584 ἵνα
538 1566 592 1573 ·—
615 1541 925 1594 στρατεύωνται·
952 1542 1051 1596 μηδὲ

398 1600 464 1640 καὶ
484 1595 595 1640 οὗτοι
615 1602 838 1651 μηδίσωσι]
878 1603 935 1638 De
956 1614 1051 1638 con-

397 1659 564 1694 iunctivo
593 1657 694 1694 conf.
720 1657 855 1694 Matth.
888 1659 953 1694 Gr.
984 1659 1050 1694 Gr.

400 1716 435 1760 ξ.
463 1713 542 1754 518
573 1726 659 1762 pag.
695 1715 790 1753 996.
849 1715 905 1749 De
935 1715 1049 1750 verbo

397 1765 719 1821 ’ὑπερβάλλεσθαι
738 1772 917 1814 (cunctari
930 1770 1051 1819 deffer-

397 1826 462 1875 re)
494 1824 556 1861 vid
577 1832 671 1863 nott.
695 1825 742 1861 ad
760 1827 823 1872 ΙΙΙ,
845 1829 910 1867 76.
949 1825 1049 1864 Add.

399 1881 512 1918 Held.
530 1880 577 1917 ad
590 1881 782 1919 Plutarch.
794 1883 932 1921 Aemil.
944 1883 1052 1920 Paul.
1076 1901 1078 1905 ·

399 1940 453 1979 22
480 1938 545 1973 fin.

462 2012 636 2066 Κάρνεια
656 2014 730 2067 γάρ
755 2028 826 2064 σφι
850 2010 903 2067 ἧν
932 2015 1055 2067 ἔμπο-

402 2070 503 2120 δών]
527 2072 755 2108 criminatur
776 2074 842 2109 ista
864 2086 929 2123 pro
948 2086 1053 2109 more

400 2127 592 2165 Plutarch.
621 2130 655 2163 ΙΙ
676 2142 713 2178 p.
744 2131 822 2169 875
843 2131 888 2164 E.
917 2128 1054 2166 Cornea

401 2185 568 2233 Apollini
586 2191 690 2220 erant
711 2192 940 2231 consecrata,
957 2197 1054 2236 quae

403 2238 495 2274 dum
515 2241 734 2288 agebantur,
757 2239 859 2275 domi
886 2253 1052 2286 manere,

402 2307 517 2344 quani
540 2296 669 2330 bellica
689 2302 846 2330 tractare
864 2296 1055 2331 malebant

404 2351 592 2395 Lacones,
624 2362 742 2400 aeque
761 2357 873 2400 atque
895 2351 931 2385 in
953 2350 1057 2400 Hya-

405 2406 556 2451 cinthiis,
579 2418 676 2455 (piae
694 2412 862 2455 tempore
884 2408 1055 2455 proxime

405 2460 676 2497 antecedebant
697 2462 848 2497 Corneis
877 2463 1056 2498 celebrari

406 2518 522 2554 solitis
560 2530 625 2567 per
664 2516 876 2554 nundinum
916 2518 1004 2555 inde
1035 2532 1055 2554 a

406 2575 566 2624 septimo
580 2572 640 2609 die
651 2575 800 2620 mensis,
813 2576 875 2625 qni
888 2573 973 2611 binc
988 2588 1057 2612 vo-

407 2630 560 2666 cabatur
591 2630 755 2666 Carneus
788 2638 822 2666 et
852 2644 938 2666 cum
960 2632 1054 2667 Atti-

406 2699 538 2721 corum
557 2686 825 2734 Metagitnione
850 2688 1056 2723 convenie-

406 2742 479 2788 bat,
501 2741 634 2778 additis
650 2741 746 2778 ludis
766 2744 951 2792 ,ἓᾎιιιιιίοἰδΙ
971 2757 1055 2779 cer-

407 2798 693 2849 luminibusque.
740 2797 824 2834 vid.
844 2799 1052 2849 interprett.

1105 1173 1152 1211 ad
1173 1172 1392 1225 Thucydid.
1419 1173 1464 1220 V,
1493 1171 1545 1213 54
1575 1172 1661 1209 coll.
1687 1171 1756 1213 75.

1103 1235 1172 1272 76.
1199 1231 1338 1267 Herod.
1361 1230 1456 1276 Vlll,
1478 1231 1544 1269 72.
1574 1230 1630 1264 De
1651 1227 1759 1278 Hya-

1105 1287 1246 1324 cintln't's
1268 1287 1368 1323 conf.
1390 1285 1528 1323 Herod.
1549 1287 1617 1329 ΙΧ,
1639 1287 1677 1325 6.
1693 1286 1757 1324 11.

1105 1345 1191 1380 coll.
1223 1345 1384 1380 Pausan.
1412 1343 1475 1389 lV,
1510 1343 1559 1381 19
1586 1343 1623 1386 §-
1661 1343 1685 1380 3
1721 1346 1759 1376 ῡῐ

1104 1399 1245 1439 Athen.
1275 1400 1336 1446 lv,
1367 1402 1392 1439 7
1421 1410 1507 1448 pag.
1538 1399 1613 1437 139
1634 1397 1683 1433 D·
1701 1417 1757 1422 —

1104 1458 1147 1493 In
1168 1469 1273 1507 seqq.
1294 1468 1382 1491 cum
1403 1452 1710 1503 Schweighaeus.
1723 1458 1761 1489 et

1107 1513 1222 1548 Gaia-{2
1261 1511 1435 1547 revocavi
1479 1508 1688 1560 βοηθέειν,
1736 1520 1759 1544 a

1107 1567 1311 1605 Schaef'ero
1330 1581 1349 1603 e
1371 1567 1516 1603 duobus
1537 1564 1648 1602 codd.
1668 1577 1759 1600 mu-

1106 1631 1228 1662 tatum
1249 1625 1287 1659 in
1309 1619 1546 1674 βοηθήσειν,
1576 1620 1680 1673 quod
1700 1627 1759 1658 et-

1106 1682 1182 1718 iam
1202 1681 1353 1716 retinuit
1373 1678 1583 1715 Bekkerus.

1163 1736 1372 1783 ἕνενώντο]
1396 1734 1560 1781 ΞοΙιεείζ,
1575 1731 1708 1771 Matth.
1723 1739 1760 1769 et

1106 1792 1305 1830 Bekkerus
1332 1791 1521 1831 ἐνένωντο
1537 1797 1650 1842 atque
1667 1801 1761 1826 mox

1109 1848 1353 1889 διενένωντο.
1408 1849 1454 1884 In
1484 1847 1700 1883 Florentino
1717 1858 1760 1882 a-

1107 1907 1234 1958 lioque
1254 1905 1421 1941 Parisino
1438 1902 1522 1940 cod.
1539 1910 1658 1940 exstat
1677 1900 1762 1941 ἐνε-

1109 1959 1261 2001 νόωντο
1283 1968 1319 1997 et
1340 1955 1592 1999 διενενὸωντο
1610 1988 1620 2006 ,
1659 1955 1761 2009 quod

1110 2031 1243 2055 verum
1271 2016 1382 2053 habet
1413 2013 1760 2065 Schweighaeuser.

1111 2076 1174 2111 Tu
1196 2074 1295 2111 conf.
1332 2080 1424 2110 nott.
1455 2071 1503 2108 ad
1533 2072 1562 2116 Ι,
1584 2073 1635 2111 68
1676 2068 1761 2118 (ubi

1110 2131 1210 2167 male
1240 2131 1462 2178 impressum
1490 2127 1518 2173 Ι,
1545 2127 1602 2166 68
1633 2138 1700 2175 pro
1729 2126 1760 2171 Ι,

1111 2187 1191 2233 77)
1233 2192 1268 2220 et
1317 2183 1363 2219 de.
1402 2181 1762 2233 plusquamperl'ecti

1110 2254 1179 2277 usu
1200 2239 1274 2276 vid.
1290 2237 1422 2275 Matth.
1443 2240 1506 2275 Gr.
1524 2239 1590 2274 Gr.
1611 2251 1647 2288 p.
1668 2239 1763 2278 960.

1110 2318 1165 2323 —
1186 2295 1294 2340 Quod
1314 2296 1480 2345 sequitur
1507 2292 1615 2345 ἕτερα
1627 2295 1763 2332 τοιαῦ-

1110 2368 1156 2390 τα
1177 2353 1281 2401 attigi
1301 2350 1349 2387 ad
1369 2353 1397 2397 1,
1423 2353 1512 2391 120.
1544 2351 1587 2386 In
1604 2350 1762 2386 Platone

1112 2407 1366 2453 haeclocufio,
1389 2419 1517 2458 quam,
1540 2406 1762 2443 observante

1113 2466 1278 2501 U'erl'er.
1301 2465 1337 2499 in
1347 2464 1446 2499 Actt.
1469 2461 1759 2513 philblllonacc.

1111 2523 1127 2557 1
1145 2535 1181 2571 p.
1206 2522 1296 2566 113,
1317 2521 1539 2570 plerumque
1560 2519 1698 2568 excipit
1719 2514 1763 2556 δὲ

1111 2578 1188 2614 sive
1209 2573 1294 2627 γάρ,
1326 2574 1429 2612 haud
1448 2575 1687 2625 infrequens:
1709 2573 1759 2611 cf.

1110 2635 1305 2681 Protagor.
1328 2646 1363 2682 p.
1377 2633 1456 2672 326
1477 2631 1524 2667 A.
1546 2630 1627 2681 (ubi
1646 2630 1762 2665 Heiu-

1111 2688 1205 2725 dors.
1228 2702 1265 2738 p.
1287 2688 1367 2728 522
1387 2688 1671 2737 interpretatur:
1693 2685 1762 2722 tali

1108 2746 1228 2781 itidem
1246 2742 1355 2794 modo)
1371 2773 1379 2790 ,
1401 2745 1515 2792 Gorg.
1536 2743 1574 2788 §.
1587 2744 1653 2783 82.
1670 2740 1760 2781 105.

1113 2799 1202 2840 149,
1233 2801 1289 2836 De
1311 2800 1453 2850 republ.
1474 2799 1526 2835 111
1545 2811 1583 2849 p.
1606 2796 1687 2838 407
1711 2797 1761 2833 Ε·
