1897 3340
446 237 531 277 336
847 232 1305 270 HERODOTI

1845 164 1848 192 ι

323 348 388 392 77
445 343 593 400 χώρην
620 343 692 387 καὶ
723 344 969 398 Ναυπλίην.
996 339 1177 396 Ἀργεῖοι
1199 340 1244 383 δὲ
1275 339 1511 395 ἐβοήθεον,
1540 345 1706 391 πυνθα-
1847 256 1852 402 k

119 413 399 482 οίὲἰιῗὲἑῗιῦῐῖῗξὲἆᾟῐι
456 410 633 466 ’νόμενοι
651 413 800 462 ταῦτα,
831 410 898 453 ἐπὶ
917 407 1157 453 θάλασσαν.
1197 407 1254 458 ὠς
1283 407 1328 451 δὲ
1358 407 1494 463 ἀγχοῦ
1522 406 1601 461 μὲν
1629 407 1764 462 ἐγί-9ο
1849 407 1852 440 Ι

120 484 218 515 ’θηῑ
452 494 583 522 νοντο
613 481 688 532 τῆς
723 480 955 532 Τίρυνθος,
984 476 1107 533 χώρῳ
1128 476 1172 519 δὲ
1201 475 1248 518 ἐν
1268 474 1408 533 τούτῳ
1430 478 1490 534 τῷ
1511 475 1652 518 κέεται
1679 474 1706 530 ἡ
1850 444 1875 562 ὶ;

452 545 619 602 Σήπεια
654 543 848 600 οὕνομα,
888 547 1137 600 μεταίχμιον
1168 540 1221 587 ού
1261 543 1368 597 μέγα
1410 541 1710 595 ἀπολιπόντες,
1851 563 1855 583 ι

423 616 600 667 2ἵζοντο
631 611 771 655 ἀντίοι
795 617 908 655 τοῖσι
927 612 1321 665 Λακεδαιμονίοισι.
1361 610 1552 654 ἐνθαῦτα
1579 609 1632 665 δή
1666 612 1710 653 οἱ
1851 585 1856 650 i

453 680 639 735 Ἀργεῖοι
667 678 747 733 τὴν
784 680 862 734 μὲν
903 680 950 722 ἐκ
987 682 1067 721 τοῦ
1106 682 1304 734 φανεροῦ
1333 677 1472 734 μάχην
1498 679 1581 721 οὐκ
1611 676 1711 732 ἐφο-
1854 652 1856 733 ὲ

454 749 629 803 βέουτο,
664 745 771 788 α’λλά
810 745 868 801 μὴ
899 745 1011 802 δόλῳ
1044 745 1287 800 αἱρεθέωσι.
1323 747 1396 789 καὶ
1424 746 1506 801 γὰρ
1549 744 1602 800 δή
1632 756 1712 800 σφι

455 816 498 866 ἐς
528 819 656 858 τοῦτο
698 813 746 856 τό
783 817 958 868 πρῆγμα
997 811 1080 868 εἶχε
1119 811 1168 855 τό
1205 812 1491 868 χρηστήριον,
1531 813 1580 856 τό
1622 812 1709 856 ἐπί·
1723 817 1768 853 95

456 898 584 926 κοινα
615 881 763 936 ἔχρησε
791 879 818 933 ἡ
850 881 1000 937 Πυθίη
1030 878 1224 924 τούτοισί
1251 895 1295 923 τε
1332 881 1405 924 καὶ
1441 882 1712 937 Μιλησίοισι,

455 950 582 1006 λέγον
613 942 716 991 ὦδε·

424 1031 447 1065 3
615 1024 706 1063 Ἀλλ’
733 1023 825 1061 ὅταν
848 1023 871 1070 ἡ
897 1024 1033 1071 θήλεια
1055 1025 1122 1062 τὸν
1146 1023 1283 1072 ἄρσενα
1305 1025 1482 1071 νικήσασα

403 1201 547 1238 maiore
576 1199 699 1237 fluviis
730 1206 766 1237 et
791 1201 888 1236 mari
917 1201 1060 1237 immo-

403 1259 491 1296 lata.
520 1257 656 1293 Attulit
674 1257 906 1306 Wesseling.

462 1313 502 1361 ἐς
520 1328 560 1352 τε
584 1309 658 1363 τήν
686 1314 910 1365 Τιρυνθίην
929 1308 1062 1363 χώρην

340 1416 343 1420 ,
403 1369 471 1410 καὶ
504 1369 745 1420 Ναυπλίην]
798 1369 929 1419 Tzryns
962 1369 1063 1405 auti-

406 1427 587 1479 quissima
616 1427 727 1473 urbs,
758 1427 804 1462 ab
837 1426 946 1475 Argis
968 1425 1064 1476 Epi-

407 1483 569 1521 daurum
579 1483 899 1533 proficiscentibus
912 1480 960 1518 ad
972 1481 1065 1518 dex-

406 1547 505 1577 tram
535 1541 604 1576 sita
644 1546 722 1575 erat
747 1552 826 1575 11011
854 1539 985 1589 procul
1017 1538 1064 1575 ab

406 1597 494 1647 ipsis
514 1596 637 1644 Argis.
668 1597 725 1631 De
749 1594 824 1646 qu&
834 1596 943 1645 plura
954 1596 1066 1630 Man-

408 1659 507 1689 nert.
535 1652 621 1688 VIII
650 1664 750 1701 pag..
773 1651 848 1690 651
873 1663 950 1701 seq.
972 1648 1066 1690 644.

411 1709 515 1754 Quae
544 1710 718 1758 proxima
749 1713 802 1743 est
832 1708 928 1742 mari
947 1707 1065 1755 regio,

415 1765 608 1815 Tirynthia
627 1764 833 1801 vocabatur
845 1770 880 1798 et
889 1760 1066 1811 Nauplia,

409 1828 504 1859 teste
534 1821 710 1858 strabon.
737 1820 824 1856 VIII
843 1832 881 1869 p.
905 1819 986 1858 572
1005 1819 1064 1866 B.‚

411 1890 438 1915 s.
458 1890 496 1926 p.
520 1879 618 1922 3733
642 1878 733 1928 quin
755 1874 879 1912 adhuc
901 1887 985 1910 eam
996 1887 1068 1911 vo-

412 1934 488 1971 cari
510 1932 645 1970 Palaea
660 1930 850 1982 -Nauplia
881 1937 1063 1967 asserunt.

410 1991 601 2038 Antiquus
624 1990 725 2025 euim
736 1990 928 2038 Argorum
940 1994 1070 2037 portus

414 2053 492 2082 erat
524 2044 707 2096 Nauplia,
755 2044 820 2081 sed
860 2045 1071 2080 Pausaniae

416 2109 589 2152 tempore
610 2104 686 2138 iam
706 2101 784 2137 fere
805 2099 948 2136 diruta:
971 2099 1072 2136 unde

415 2156 589 2194 nonnihil
629 2156 676 2194 ad
728 2156 927 2193 meridiem
970 2168 1074 2192 nuuc

416 2220 604 2250 exstructa
633 2214 750 2250 fertur
771 2211 905 2262 Napoli
933 2211 973 2248 di
988 2212 1067 2248 Ro-

415 2272 545 2316 mania,
562 2277 711 2306 nostrae
732 2270 860 2304 aetatis
882 2268 969 2303 urbs
989 2269 1069 2318 pri-

416 2327 534 2362 maria
556 2326 633 2361 fere
653 2338 719 2375 per
747 2325 1068 2374 Peloponnesum.

417 2383 487 2427 Qui
521 2383 558 2417 in
587 2383 762 2432 proxiino
794 2393 875 2430 cap.
915 2393 1068 2415 momo-

419 2445 519 2474 ratur
540 2438 642 2474 locus
671 2433 846 2485 Σήπεια,
877 2437 954 2473 eius
981 2437 1070 2472 nul-

419 2496 495 2541 lus,
519 2493 621 2544 quod
641 2495 778 2540 sciam,
799 2493 957 2542 scriptor
977 2493 1070 2528 alius

417 2552 604 2587 meminit.
635 2551 871 2586 Florentiuus
893 2561 979 2584 cnm
993 2550 1072 2584 aliis

419 2608 575 2645 Σίπεια.
634 2607 668 2642 Α
697 2607 806 2655 sepiis
837 2618 857 2641 e
887 2606 981 2640 man-i
1004 2605 1072 2641 ssu-

419 2663 698 2700 ctibuslittorali
718 2664 800 2698 loco
823 2662 984 2711 appulsis
1001 2674 1075 2697 no-

421 2732 510 2756 men
551 2719 707 2755 ductum
757 2731 833 2754 esse
866 2719 1074 2767 suspicatur

422 2777 650 2824 VVesseling.
709 2775 791 2818 Quo
823 2773 957 2809 eodem
987 2787 1073 2809 1110-

423 2839 555 2880 neme,
587 2830 770 2868 Arcadiae
791 2844 943 2882 quoque
964 2843 1072 2867 mons

1118 1200 1254 1251 Σηπία
1279 1201 1320 1237 iu
1345 1201 1508 1237 Pausan.
1539 1201 1636 1247 V‚111
1661 1202 1711 1240 16
1732 1200 1772 1245 §-

1118 1258 1283 1364 ξ43Τ511
1311 1256 1411 1294 conf.
1441 1257 1589 1294 M'uller.
1617 1258 1709 1294 Dor.
1736 1256 1773 1292 Π

1302 1391 1394 1441 Cap.
1413 1391 1607 1428 Lxxvn.

1176 1479 1204 1533 ἦ
1234 1476 1390 1531 Σήπεια
1424 1477 1602 1532 οὔνομα]
1653 1481 1775 1518 Libris

1120 1539 1336 1575 iubentibus
1367 1551 1455 1575 cum
1487 1538 1603 1575 Gaisf.
1633 1538 1777 1575 restitui

1122 1593 1162 1645 ἦ,
1184 1602 1219 1631 et
1241 1592 1393 1644 οὔνομα
1411 1606 1480 1644 pro
1510 1591 1698 1645 τοῦνομα.
1719 1615 1776 1622 —-

1121 1649 1301 1687 Matthiae
1322 1649 1426 1686 dedit
1445 1666 1470 1701 η
1497 1647 1655 1700 Σήπεια
1678 1646 1776 1690 τοῦ-

1123 1722 1249 1757 νομα,·
1278 1705 1447 1743 Bekker.
1469 1704 1596 1745 κέεται
1619 1701 1778 1756 Σήπεια

1123 1761 1290 1812 οὔνομα.
1331 1763 1556 1813 μεταίχμιον
1595 1761 1685 1799 dicit
1723 1763 1778 1799 lo-

1123 1832 1211 1856 cum
1231 1832 1260 1855 s.
1279 1820 1444 1869 spatium
1462 1820 1561 1856 iuter
1580 1817 1672 1856 duas
1681 1819 1779 1856 acies

1122 1883 1277 1926 patens,
1317 1875 1579 1923 intervallum,
1634 1882 1677 1912 ut
1714 1876 1779 1923 VI,

1127 1935 1206 1972 112
1227 1932 1312 1968 coll.
1331 1932 1430 1979 VIII,
1460 1930 1550 1971 140.
1589 1931 1652 1969 Ad
1672 1931 1780 1978 ἵζον-

1125 2003 1167 2027 το
1189 1983 1316 2027 οἷντίοι
1334 1988 1434 2025 conf.
1455 1988 1500 2034 V,
1525 1989 1589 2028 18.
1619 2008 1669 2016 —-
1703 1989 1780 2025 Pro

1127 2043 1308 2084 ἐπίκοινα
1335 2043 1410 2081 duo
1439 2042 1550 2080 codd.
1586 2043 1780 2098 ἐπικοινῇ.

1130 2100 1207 2137 Sed
1228 2100 1327 2136 conf.
1343 2101 1407 2147 VI,
1426 2102 1489 2140 19.
1510 2101 1539 2146 I,
1553 2103 1645 2141 216.
1669 2099 1781 2145 Quod

1130 2158 1297 2207 sequitur
1333 2155 1447 2207 Myov
1475 2158 1636 2207 pertinet
1655 2156 1704 2193 ad
1734 2171 1778 2196 το

1123 2214 1201 2250 scil.
1223 2224 1471 2280 χρηστηριον.

1181 2264 1263 2306 ἀλλ’
1279 2266 1372 2307 ὅταν
1390 2267 1418 2318 η’
1443 2263 1588 2317 θηλεια
1612 2282 1645 2306 κ-
1667 2283 1698 2306 τ.
1723 2268 1779 2317 λ.]

1124 2326 1278 2360 Partem
1318 2324 1458 2361 oraculi
1497 2322 1586 2360 hinc
1626 2323 1780 2361 exhibet

1126 2382 1288 2417 Pausan.
1318 2382 1365 2427 11,
1387 2383 1440 2421 (ΖΟ
1463 2381 1498 2425 ξ.
1521 2382 1545 2420 8
1577 2381 1663 2417 coll.
1684 2381 1780 2417 Plu-

1126 2435 1243 2473 tan-ch.
1265 2438 1299 2472 11
1319 2451 1357 2487 p.
1379 2437 1458 2477 245
1478 2437 1579 2476 D.E.
1598 2437 1682 2485 (ubi
1701 2436 1779 2474 vid.

1126 2491 1414 2545 VVytteubachii
1443 2493 1709 2530 animadverss.
1730 2494 1778 2542 11,

1130 2552 1147 2588 1
1175 2563 1211 2600 p.
1233 2552 1291 2598 7.)
1313 2549 1422 2586 Suid.
1446 2562 1476 2586 s.
1505 2563 1541 2586 v.
1578 2549 1780 2589 Τελεσίλλα

1127 2607 1179 2641 ΙΙΙ
1205 2619 1242 2655 p.
1277 2605 1371 2645 442.
1427 2607 1484 2642 Ac
1513 2618 1626 2656 supra
1644 2607 1706 2653 vl,
1731 2607 1782 2646 19

1129 2663 1285 2698 alteram
1307 2662 1447 2698 oraculi
1468 2669 1612 2712 partem
1639 2661 1687 2698 ad
1707 2662 1784 2698 Mi-

1129 2720 1476 2768 lesiosspectantem
1491 2719 1664 2768 legimus.
1678 2719 1783 2754 Bene

1129 2775 1175 2811 ad
1193 2774 1229 2812 h.
1261 2776 1285 2811 l.
1316 2774 1579 2823 Wesselingins:
1620 2774 1783 2822 „Caete-

1129 2845 1215 2868 rum
1248 2829 1407 2883 Pythiae
1447 2829 1520 2868 hoc
1559 2842 1781 2882 responsum
