1897 3340
365 195 422 234 68

774 189 1235 228 HERODOTI

38 310 313 350 [a.5lo.].1)ix·er-
371 301 443 345 καὶ
480 304 623 357 Τῆλυν
653 300 729 344 τόν
760 299 934 342 ἑωυτῶν
970 298 1148 354 βασιλέα
1185 299 1252 342 ἐπὶ
1284 298 1500 353 Κρότωνα
1528 298 1622 352 μέλ·
1639 306 1684 340 60

36 354 72 372 sa
97 345 290 372 Crotoniata-

36 378 150 406 rumde
167 378 312 407 hocbello
374 374 465 412 λειν
494 368 828 421 στρατεύεσθαι·
868 365 971 416 τούς
1002 366 1046 409 δὲ
1075 366 1379 423 Κροτωνιήτας
1408 366 1627 419 περιδεέας

369 436 654 493 γενομένους,
686 438 897 490 δεηθῆναι
925 435 1120 487 Δωριέος
1153 447 1231 491 σφι
1260 439 1524 490 τιμωρῆσαι,
1554 433 1627 477 καὶ

369 510 513 560 τυχεῖν
547 503 801 558 δεηθέντας·
834 501 1201 556 συστρατεύεσθαί
1223 517 1271 546 ’τε
1303 503 1355 559 δὴ
1386 503 1450 546 ἐπὶ
1482 501 1627 556 Σύβα-

341 581 443 628 Ξριν
473 570 670 625 Δωριέα,
700 568 774 612 καὶ
803 574 998 613 συνελεῖν
1027 570 1106 626 τὴν
1127 570 1340 626 Σύβαριν.
1383 572 1519 613 ταῦτα
1548 568 1628 622 μέν

368 656 450 682 νυν
479 640 728 692 Συβαρῖται
758 635 932 692 λέγουσι
960 642 1138 692 ποιῆσαι
1160 638 1332 690 Δωριέα
1351 654 1394 680 τε
1422 637 1494 679 καὶ
1522 635 1627 686 τούς
1639 641 1682 675 65

341 705 465 763 3μετ’
501 703 653 747 αὐτοῦ.
689 708 990 761 Κροτωνιῆται
1019 706 1064 748 δὲ
1085 705 1244 748 οὐδένα
1264 707 1388 760 σφίσι
1416 704 1523 757 φασὶ
1551 704 1625 754 ξεῖ-

369 790 449 816 νον
491 773 888 826 προσεπιλαβέσθαι
926 774 1006 814 τοῦ
1055 773 1166 824 πρὸς
1203 775 1455 827 Συβαρίτας
1503 771 1626 814 πολέ-

369 858 476 896 μου,
521 841 558 882 εἰ
587 840 644 895 μὴ
676 841 867 896 Καλλίην
907 843 996 882 τῶν
1026 836 1249 894 Ἰαμιδέων
1278 839 1433 894 μάντιν
1461 838 1627 882 Ἠλεῖον

337 913 563 965 4μοῦνον·
615 908 688 950 καὶ
717 911 876 951 τοῦτον
908 906 1055 965 τρόπῳ
1085 909 1250 964 τοιῷδε.
1303 906 1422 960 παρα
1460 905 1684 963 Τήλυος70
1711 952 1715 954 ,

370 982 450 1019 τοῦ
478 974 774 1032 γΣυβαριτέων
823 974 1047 1031 τυράννου
1088 973 1342 1030 ἀποδράντα
1395 974 1630 1019 ἀπικέσθαι

36 412 186 447 narratio,

316 1164 435 1201 barim
458 1165 673 1214 accepimus
705 1176 723 1199 a
747 1163 973 1200 crotoniatis

315 1220 480 1258 dirutam
500 1220 611 1257 fuisse
623 1233 723 1256 auno
737 1219 818 1260 510
832 1233 866 1256 a.
884 1218 973 1255 Chr.

314 1292 353 1314 u.
394 1277 501 1324 (vel,
543 1284 585 1313 ut
615 1275 806 1312 Larollero
838 1276 973 1326 placet,

315 1334 395 1374 507
419 1346 452 1369 a.
475 1331 564 1370 Chr.
586 1334 665 1381 ιι),
702 1333 835 1369 incolis
857 1330 973 1367 modo

314 1390 537 1433 interfectis,
558 1389 675 1425 modo
708 1402 775 1438 per
796 1389 869 1424 alia
888 1401 975 1423 ma-

316 1459 413 1495 gnae
426 1447 605 1482 Graeciae
627 1444 766 1494 oppida
787 1443 973 1494 dispersis,

318 1501 439 1538 donec
461 1514 562 1537 anno
583 1500 665 1540 444
687 1514 735 1536 ex
747 1499 906 1536 Athenis
928 1511 973 1535 eo

319 1557 480 1595 deducta
502 1564 556 1593 est
576 1557 747 1603 colonia,
778 1569 876 1607 quae
897 1568 975 1591 nou

318 1614 451 1664 procul
489 1626 511 1649 a
550 1620 676 1650 vetere
706 1613 798 1648 urbe
834 1624 977 1648 novam

322 1669 537 1708 Thuriorum
553 1668 722 1705 condidit
735 1669 881 1705 urbem.
913 1669 977 1704 Tu

319 1726 396 1763 vid.
428 1727 670 1776 potissimtun
705 1724 861 1760 Diodor.
890 1725 976 1769 XII,

320 1785 359 1822 9.
387 1785 453 1822 10.
493 1782 607 1817 Plura
629 1781 731 1817 dabit
752 1782 793 1817 C.
815 1782 857 1817 F.
878 1783 978 1816 Her-

321 1851 452 1875 mann.
471 1836 676 1874 Lehrbuch
693 1845 763 1874 etc.
785 1838 885 1883 §.80
897 1844 978 1873 not.

323 1897 374 1935 19
395 1908 474 1946 seq.

378 1949 445 1989 καὶ
480 1950 645 2000 Τῆλυν]
679 1978 703 1997 ,,
717 1947 982 1999 Tyrannidem

323 2013 594 2057 occupaverat,
626 2004 762 2041 eadem
781 2006 883 2054 prius
912 2004 981 2041 de-

325 2065 464 2109 iectus,
517 2075 638 2113 quum
671 2062 863 2111 Sybaritas
884 2062 982 2097 inter

325 2126 360 2156 et
381 2120 615 2155 Crotoniatas
645 2118 788 2153 bollum
819 2117 981 2153 exarde-

323 2183 443 2212 sceret
459 2205 468 2221 ,
489 2177 530 2210 ui
551 2173 767 2210 Heraclides
787 2175 979 2220 Ponticus,

327 2231 430 2283 quod
461 2232 642 2275 arbitror,
675 2231 777 2266 sallat
800 2231 836 2265 in
858 2229 980 2266 Athe-

324 2302 410 2324 nae.
431 2289 505 2325 XU
528 2287 589 2335 [4]
614 2300 650 2336 p.
672 2288 749 2327 521
774 2287 819 2322 E.
850 2287 980 2322 Potior

327 2343 520 2389 Herodoti,
551 2344 604 2378 illi
624 2344 807 2392 propioris
829 2350 975 2392 tempo-

327 2402 379 2446 ri,
420 2400 637 2445 aneton-iniq
687 2400 747 2434 oui
794 2398 982 2435 Diodorus

330 2458 414 2502 ΧΠ,
433 2458 470 2502 9,
493 2458 597 2506 paria
619 2456 720 2499 facit,
749 2453 981 2505 δημαγωγὸν

329 2512 522 2563 adpellans
537 2541 545 2555 ,
578 2512 718 2562 quippe
741 2510 876 2547 blanda
898 2513 983 2547 vul-

329 2582 398 2619 gus
419 2570 586 2605 oratione
620 2567 667 2602 ad
697 2566 848 2604 ditiores
871 2569 982 2603 exilio

329 2624 565 2668 multandos,
604 2622 706 2659 unde
737 2624 823 2659 belli
842 2622 984 2674 Pytha-

330 2694 445 2731 gorae
468 2688 587 2717 aetate
608 2681 701 2729 gesti
724 2680 850 2729 origo,
889 2694 983 2716 con-

331 2740 523 2774 citantem.
582 2737 777 2772 Consimili
798 2737 984 2787 δημαγω-

329 2796 404 2848 γοῦ
423 2795 531 2831 titulo
544 2793 748 2845 Cypseltun
765 2791 982 2830 Corinthio-

1030 1175 1116 1199 rtun
1143 1170 1362 1214 tyrannum,
1383 1161 1601 1198 Aristoteles
1622 1172 1687 1196 or-

1030 1227 1095 1255 nat
1116 1220 1228 1256 Polit.
1248 1220 1294 1264 V,
1315 1232 1398 1268 cap.
1424 1219 1524 1254 ult.“
1561 1216 1688 1253 Wes-

1031 1275 1206 1323 selz'ng.
1249 1276 1306 1310 De
1336 1276 1415 1325 ipsa
1436 1286 1529 1310 voce
1557 1274 1688 1321 Τῆλυν

1033 1331 1097 1368 Cr.
1119 1332 1219 1368 cons.
1242 1331 1483 1367 Doederlein.
1540 1330 1598 1365 De
1618 1341 1690 1365 vo-

1030 1388 1166 1424 cabulo
1224 1383 1442 1437 Τηλύγετος
1499 1385 1689 1434 (Erlang.

1034 1443 1170 1491 1825)
1201 1456 1288 1493 pag.
1324 1447 1386 1484 12.
1449 1444 1544 1479 Mox
1581 1442 1693 1493 βασι-

1033 1498 1100 1537 λέα
1119 1498 1207 1535 dedi
1229 1512 1295 1549 pro
1317 1499 1487 1549 βασιλῆα
1509 1505 1546 1534 et
1575 1498 1690 1548 paulo

1034 1561 1116 1603 post
1149 1567 1242 1600 σφι
1278 1557 1500 1604 τιμωρῆσαι
1538 1568 1559 1590 e
1588 1555 1691 1591 San-

1036 1612 1146 1648 crosti
1168 1613 1274 1658 libro,
1297 1613 1361 1647 ubi
1381 1612 1516 1662 reliqui
1538 1623 1561 1649 6
1574 1610 1664 1659 φίσ
1677 1625 1690 1646 ι

1034 1670 1267 1718 τιμωρῆσαι,
1288 1666 1392 1718 quod
1408 1667 1570 1718 praefert
1589 1667 1691 1702 Mat-

1034 1723 1135 1760 thiae
1150 1754 1159 1769 ,
1191 1737 1306 1774 quem
1327 1724 1427 1760 conf.
1449 1723 1497 1760 ad
1516 1724 1546 1770 1,
1568 1724 1635 1763 57.

1093 1776 1236 1818 ου’ὁένα
1278 1781 1391 1828 σφίσι
1429 1779 1528 1828 φασὶ
1559 1780 1691 1826 ξεῖνον

1035 1835 1397 1886 προσεπιλαβέσθαι
1411 1838 1483 1875 τοῦ
1494 1832 1594 1885 πρὸς
1606 1838 1692 1873 Συ-

1037 1893 1199 1943 βαρίτας
1228 1891 1429 1942 πολέμου]
1471 1894 1497 1929 i.
1518 1905 1552 1929 e.
1582 1893 1692 1928 nemi-

1037 1961 1111 1985 nem
1128 1951 1348 1998 peregrinum
1368 1951 1459 1998 ipsos
1474 1949 1537 1986 lwc
1556 1950 1595 1985 in
1605 1948 1693 1985 bello

1039 2005 1226 2042 adiuvisse.
1262 2005 1431 2042 verbum
1456 2008 1692 2053 συνεπιλαμ-

1039 2057 1237 2111 βάνεσθαι
1269 2060 1408 2098 eodem
1436 2061 1514 2098 fere
1543 2060 1692 2111 siguifi-

1038 2125 1123 2154 oatn
1153 2119 1198 2164 Υ,
1229 2116 1296 2159 45.
1326 2119 1390 2165 111,
1411 2118 1464 2158 48
1496 2119 1580 2154 init.
1636 2118 1694 2153 De

1039 2174 1186 2211 Iannfdis
1201 2204 1211 2220 ‚
1261 2176 1396 2225 quibus
1450 2175 1693 2211 oraculorum

1037 2244 1125 2266 cura
1163 2230 1211 2267 atl
1240 2232 1337 2267 lovis
1369 2232 1558 2282 Olympici
1587 2243 1693 2267 aram

1036 2288 1106 2322 snit
1127 2288 1344 2334 connuissa,
1376 2288 1422 2323 ab
1444 2289 1550 2323 Iamo
1569 2287 1693 2336 Apol-

1038 2344 1133 2389 linis,
1151 2351 1191 2379 nt
1212 2344 1391 2390 serebant,
1413 2343 1490 2379 filio
1510 2342 1692 2389 oriundis,

1038 2400 1123 2435 satis
1161 2400 1280 2436 nlnlta
1319 2399 1504 2436 Pindarus
1539 2399 1693 2449 Olymp.

1040 2457 1102 2501 xl,
1124 2456 1187 2491 ubi
1210 2457 1597 2506 oonsul.interpretes.
1619 2455 1693 2499 Qui

1041 2525 1161 2562 quum
1184 2526 1231 2548 ex
1253 2513 1449 2562 ignispicio
1469 2525 1527 2548 res
1547 2512 1692 2547 futuras

1041 2575 1241 2614 canerent,
1272 2569 1385 2605 verba
1405 2581 1511 2619 seqq.
1537 2566 1621 2606 ἐπεί
1652 2565 1693 2606 τὲ

1043 2624 1084 2662 οἱ
1106 2621 1152 2662 w*
1165 2621 1230 2676 [ρᾶ
1251 2619 1300 2662 ου’
1313 2621 1530 2674 προεχώρεε
1546 2620 1693 2674 χρηστοὶ

1041 2679 1230 2732 θυομένῳ
1276 2682 1327 2728 (i.
1358 2694 1391 2720 e.
1423 2693 1524 2728 quum
1553 2681 1693 2730 sacrefi-

1041 2739 1138 2773 cautz'
1176 2749 1278 2773 sacra
1316 2750 1381 2773 non
1403 2735 1561 2785 feliciter
1593 2735 1692 2773 cede-

1041 2791 1131 2843 rent)
1155 2792 1201 2829 de
1224 2794 1286 2829 tali
1306 2791 1535 2830 vaticinandi
1554 2805 1694 2843 genere

1699 856 1780 896 393
