1897 3340
441 185 524 226 720
767 184 1289 223 ·HERODOTI

114 292 216 320 hostes
237 300 294 320 aux
278 291 330 319 xiil
321 299 350 320 ιο

113 326 146 396 ξιιιι
148 325 239 387 tmum
255 326 338 387 trallae

111 400 282 507 ἒιιέιῑοσίεῗῃ
284 393 386 454 algae

440 291 625 348 χθέντες.
681 294 848 349 Δελφοὶ
877 293 912 337 δ’
941 294 988 337 ἐν
1016 292 1154 351 τούτῳ
1174 296 1235 348 τῷ
1263 291 1405 349 χρόνῳ
1423 292 1695 351 ἐχρηστηριά-

442 363 567 413 ζοντο
609 364 670 416 τῷ
704 365 809 419 θεῷ,
836 360 946 416 ὑπὲρ
975 360 1148 404 ἑωυτῶν
1176 361 1248 404 καὶ
1286 364 1360 416 τῆς
1382 359 1595 413 “Ελλάδος
1621 379 1696 406 κα-

440 427 776 483 ταρρωδηκότες.
805 430 878 472 καί
898 441 976 484 σφι
998 428 1184 483 ἐχρήσθη
1215 426 1440 483 ,,οΞνε’μοισι
1471 429 1695 484 εὔχεσθαι·

429 493 654 551 ’μεγάλους
681 495 766 552 γὰρ
797 494 1008 546 .,,τούτους
1038 495 1211 538 ἔσεσθαι
1239 499 1292 552 τῇ
1317 494 1489 539 Ἑλλάδι
1519 495 1695 552 συμμά-

414 566 618 618 2,,χους.“
675 563 841 618 Δελφοὶ
874 564 919 606 δὲ
950 564 1173 617 δεξάμενοι
1205 562 1254 606 τὸ
1285 562 1517 618 μαντήϊον,
1547 567 1752 616 πρῶταὸο

439 629 531 686 μὲν,
551 627 778 686 Ἑλλήνων
807 635 918 673 τοῖσι
947 631 1253 685 βουλομένοισι
1282 628 1393 673 εἶναι
1429 630 1697 685 ἐλευθέροισι

442 695 685 752 ἐξήγγειλαν
723 695 776 740 τὰ
819 696 1062 757 χρησθέντα
1080 695 1286 740 αὐτοῖσι·
1334 699 1409 741 καί
1437 709 1517 753 σφι
1545 700 1696 750 δεινως

441 763 797 819 καταρῤωδέουσι
825 764 902 806 τόν
930 758 1159 843 βάρβαρον
1191 761 1525 819 ἐξαγγείλαντες,
1567 768 1699 820 χάριν

412 829 671 875 Βαθάνατον
700 832 971 880 notriverat-oc:
988 823 1108 886 pierio}
1148 830 1194 873 δὲ
1231 834 1392 885 ταῦτα,
1447 834 1491 874 οἱ
1530 831 1698 888 Δελφοὶ

440 904 554 943 τοῖσι
591 897 787 955 ανέμοισι
826 898 975 955 βωμόν
1003 913 1049 941 τε
1079 896 1288 950 ἀπέδεξαν
1319 898 1365 942 ἐν
1396 900 1533 955 Θυίη,
1561 915 1696 957 τῃπερ
1708 906 1753 941 65

386 1094 681 1134 contendebant.
742 1097 799 1133 Ita
820 1094 1040 1147 Schweigh.

321 1195 324 1199 ἲ
384 1155 425 1191 ἰιι
458 1155 555 1190 Lex.
586 1151 728 1190 Herod.
749 1153 888 1190 reiecta
909 1166 1042 1191 eorum

386 1211 585 1258 sententia,
609 1210 674 1261 qui
686 1208 961 1260 διαταχθέντες
976 1211 1002 1246 l.
1014 1211 1042 1246 l.

387 1268 707 1317 interpretantur:
739 1270 778 1303 ut
804 1269 927 1317 cuique
933 1279 1042 1318 prae-

387 1327 521 1373 ceptum
549 1326 647 1371 erat,
682 1336 712 1359 s.
744 1335 787 1359 ex
808 1324 920 1361 iussu.
977 1323 1043 1360 Tu

387 1380 489 1417 conf.
512 1380 627 1415 etiam
642 1380 739 1426 VIII,
754 1381 822 1419 70.

443 1433 793 1497 ἐχρηστηριάζοντο
828 1436 884 1486 τῷ
921 1433 1037 1488 θεῶ]

385 1487 744 1544 χρηστηριαζεσθαι
761 1494 817 1544 τῷ
831 1492 918 1544 θεῷ
937 1489 1041 1527 idem

385 1550 466 1587 fere
487 1547 591 1613 quod
610 1550 784 1599 χρᾶσθαι
804 1549 857 1602 τῷ
877 1549 974 1601 θεῷ,
986 1548 1042 1584 uti

388 1605 452 1642 deo
492 1606 517 1641 i.
554 1617 588 1643 e.
630 1604 810 1641 oraculum
852 1604 1040 1650 sczscztarz‘,

387 1661 488 1698 deum
511 1660 695 1710 consulere,
716 1667 758 1697 ut
777 1660 825 1708 11,
842 1662 908 1700 50.
929 1660 960 1708 1,
973 1659 1041 1700 55.

386 1719 450 1758 66.
473 1719 540 1757 91.

441 1772 509 1812 καί
549 1784 621 1822 σφι
646 1769 824 1823 ἐχρήσθη
861 1765 1039 1821 α’νέμοισι

388 1825 603 1879 εὔχεσθαι]
668 1829 820 1866 oraculi
865 1826 1040 1878 Delphici

385 1886 502 1922 verba
539 1886 700 1923 servavit
734 1884 828 1921 haec
864 1885 1040 1921 Clemens

384 1941 593 1979 Alexandr.
633 1942 815 1981 Stromat.
863 1942 914 1978 VI
951 1953 1039 1991 pag.

387 1997 494 2039 753:
527 1992 560 2036 ὦ
580 1997 732 2047 Δελφοὶ
758 1992 932 2037 λίσσεσθ’
947 1994 1040 2037 οἰνέ-

387 2068 488 2102 μους
516 2052 580 2093 καὶ
604 2050 724 2093 λώϊον
749 2053 876 2101 ἔσται,
897 2052 1040 2090 addens

386 2108 555 2160 Delphos
575 2111 646 2147 aris
675 2111 864 2162 sacrisque
899 2110 1041 2146 consti-

387 2167 475 2203 tutis
514 2167 634 2203 socIOS
671 2165 847 2204 habuisse
894 2172 1040 2203 ventos.

387 2221 522 2258 Simile
570 2223 767 2259 oraculum
826 2220 1040 2258 Athenien-

388 2277 490 2313 sibus
530 2276 662 2313 datum
714 2283 862 2313 enarrat
914 2278 1039 2312 Hero-

389 2331 498 2368 dotus
519 2334 599 2379 VII,
613 2334 704 2372 189.
760 2333 817 2368 De
837 2339 1039 2369 ventorum

387 2389 491 2425 cultu
520 2387 621 2439 apud
660 2394 802 2425 veteres
831 2389 932 2429 conf,
962 2389 1039 2423 Pe-

386 2445 505 2482 rizon.
536 2443 585 2481 ad
614 2444 762 2481 Aelian.
793 2445 837 2483 V.
868 2446 917 2483 ll.
948 2445 1036 2493 ΧΠ,

391 2503 560 2606 61χάριν
578 2550 785 2594 οἷθᾶνατον
804 2554 1036 2605 κατέθεντο]

389 2613 414 2653 i.
443 2626 475 2649 e.
506 2612 729 2650 immortalem
764 2615 919 2661 gratiam
946 2614 1039 2650 inie-

387 2673 485 2706 runt.
514 2669 764 2706 Locutionem
785 2670 890 2718 attigi
914 2667 961 2705 ad
973 2670 1035 2717 VI,

389 2724 457 2764 41·
507 2727 551 2761 ln
572 2725 692 2763 verbis
707 2738 810 2776 seqq.
833 2720 970 2791 βωμόν
988 2739 1036 2764 τε

389 2776 582 2830 ἀπέδεξαν
592 2782 692 2819 male
704 2782 796 2820 olim
817 2779 1035 2830 απεδὲξαν-

1097 1110 1157 1135 το.
1187 1095 1298 1133 Conf.
1310 1095 1354 1143 V,
1377 1097 1442 1144 89,
1458 1108 1507 1131 ne
1527 1095 1648 1146 plura.
1671 1093 1754 1133 Vo-

1098 1153 1185 1190 cula
1213 1167 1254 1192 τε
1273 1158 1418 1202 spectat
1451 1150 1499 1188 ad
1531 1151 1752 1204 sequentia:

1097 1207 1184 1248 καὶ
1223 1208 1394 1262 θυσίῃσί
1424 1219 1549 1256 σφεας
1579 1209 1754 1259 μετῇσαν

1100 1264 1380 1317 (sacrzficz'z'sque
1417 1264 1497 1302 illos
1526 1263 1752 1315 placarunt),

1098 1322 1165 1358 ubi
1201 1322 1263 1358 alii
1297 1322 1470 1374 μετῇσαν
1492 1327 1530 1357 et
1549 1317 1753 1370 μετήϊσαν.

1095 1377 1290 1429 Equidem
1310 1376 1409 1425 dedi,
1432 1375 1535 1428 quod
1550 1378 1634 1413 libri
1652 1377 1754 1414 fere-

1095 1434 1200 1473 bant.
1248 1434 1358 1470 Conf.
1392 1440 1488 1472 nott.
1516 1433 1564 1470 ad
1597 1434 1663 1481 ΠΙ,
1688 1434 1771 1472 19,-

1095 1489 1159 1527 Ad
1186 1490 1502 1540 significationem
1529 1490 1635 1527 verbi
1662 1489 1754 1526 facit

1097 1548 1226 1583 similis
1248 1559 1336 1583 usus
1364 1547 1472 1583 verbi
1500 1544 1753 1598 μετέρχεσθαι

1097 1603 1161 1650 VI,
1184 1604 1237 1644 68
1259 1603 1345 1639 coll.
1365 1603 1430 1650 IV,
1452 1606 1490 1644 7.
1549 1601 1753 1639 Pindarica

1099 1659 1244 1696 confert
1263 1660 1409 1697 Dissen.
1431 1658 1506 1707 (ad
1526 1660 1677 1710 Olymp.
1698 1659 1752 1694 111

1098 1729 1136 1766 p.
1157 1713 1255 1764 49):
1297 1715 1450 1765 Olymp.
1471 1717 1535 1763 111,
1557 1717 1610 1756 40
1627 1714 1751 1764 (71).

1098 1770 1214 1822 Pyth.
1245 1771 1290 1818 V,
1320 1773 1373 1812 80
1404 1771 1524 1819 (115)
1554 1771 1640 1809 coll.
1669 1771 1752 1808 Ae-

1097 1826 1218 1878 schyl.
1240 1826 1438 1864 Prometh.
1464 1827 1557 1868 530.

1154 1883 1196 1924 ἕν
1229 1883 1363 1937 Θυίη]
1385 1885 1442 1920 Ita
1464 1882 1642 1936 equidem
1661 1896 1751 1920 cum

1096 1947 1255 1977 receutt.
1277 1939 1364 1978 edd.
1386 1939 1564 1988 exhibui,
1595 1952 1684 1977 cum
1709 1941 1748 1976 in

1095 2009 1174 2033 uno
1206 1995 1291 2037 cod.
1323 2004 1417 2034 esset
1437 1996 1485 2041 ἐν
1500 1994 1602 2049 Θύῃ.
1623 1996 1748 2046 Vulgo

1096 2052 1139 2093 ἒν
1164 2053 1289 2103 Θυίης
1309 2066 1339 2090 s.
1359 2052 1400 2094 ἐν
1418 2048 1541 2102 Θύης,
1571 2051 1637 2088 ubi
1656 2064 1748 2102 sup-

1095 2110 1190 2160 pleri
1218 2109 1352 2146 volunt
1380 2106 1531 2157 τεμένει
1558 2121 1587 2144 s-
1619 2103 1745 2161 χώρῳ,

1096 2163 1199 2216 quod
1228 2165 1316 2199 ferri
1346 2162 1406 2200 hic
1436 2176 1544 2213 posse
1573 2164 1654 2200 iure
1672 2176 1746 2200 ne-

1095 2226 1159 2268 gat
1175 2218 1368 2256 Schaefer.
1390 2218 1437 2255 ad
1449 2220 1641 2257 Lambert.
1656 2221 1746 2261 Bos.

1093 2277 1152 2311 De
1172 2276 1320 2326 Ellipss.
1339 2277 1383 2313 L.
1405 2277 1471 2313 Gr.
1491 2289 1578 2327 pag.
1595 2275 1691 2324 467,
1713 2277 1746 2314 si

1095 2331 1253 2383 quidem
1271 2333 1335 2368 ille
1355 2339 1446 2369 tunc
1462 2331 1598 2369 dixisse
1607 2339 1745 2383 putan-

1095 2387 1163 2424 dus
1185 2396 1258 2425 est:
1300 2387 1342 2428 ἐν
1375 2389 1500 2439 Θυίης
1534 2387 1745 2440 (τεμένειε.

1095 2444 1188 2498 ἱερῷ
1209 2445 1226 2495 )
1260 2458 1397 2511 τῃπερ
1443 2447 1516 2496 τῆς
1555 2446 1746 2495 Κηφισοῦ

1093 2497 1292 2552 θυγατρὸς
1332 2501 1457 2551 Θυίης
1502 2498 1545 2540 τὸ
1590 2496 1744 2551 τέμενός

1094 2556 1186 2596 ἐστι.
1245 2557 1372 2594 Fuisse
1414 2563 1542 2594 autem
1574 2557 1648 2594 loci
1669 2570 1744 2594 no-

1092 2626 1181 2649 men
1182 2629 1217 2669 η
1210 2610 1345 2663 ε’Θυίη,
1347 2611 1514 2650 indicant
1522 2614 1742 2664 sequeutia:

1092 2664 1150 2708 ἐπ’
1169 2670 1220 2719 ἡς
1238 2667 1304 2707 καὶ
1329 2667 1354 2708 o‘
1373 2671 1497 2721 χοῖρος
1523 2665 1640 2716 ουτος
1668 2683 1744 2720 την

1092 2724 1324 2775 ἐπωνυμίην
1364 2724 1450 2775 ε’.χει
1508 2727 1743 2763 Memoratur

1091 2780 1194 2833 apud
1215 2782 1377 2819 Pausan.
1398 2782 1448 2829 X,
1462 2783 1487 2823 6
1509 2783 1546 2828 ξ.
1564 2785 1602 2824 2.
1623 2782 1743 2835 Thyia
