1897 3340
523 209 1165 251 POLYMNIA.VII.
1387 210 1469 250 511

203 327 330 374 λους·
363 322 407 366 οἱ
437 320 482 365 δὲ
513 321 807 376 εἰνακισχίλιοι
840 315 964 368 ἐντὸς
991 315 1164 360 τούτων
1193 313 1360 367 ἐόντες,
1399 314 1474 369 ἆρ-

168 391 360 446 4γυρέας
391 389 515 444 ῥοιὰς
544 386 674 443 εἶχον.
733 384 849 442 εἶχον
887 386 932 429 δὲ
962 385 1147 440 χρυσέας
1177 381 1301 439 ῥοιᾶς
1330 383 1403 426 καὶ
1432 384 1474 426 οἱ

202 461 262 510 εἰς
291 458 370 514 τὴν
399 461 482 513 γῆν
510 456 738 509 τρέποντες
765 453 844 504 τὰς
874 452 1043 509 λόγχας,
1060 452 1134 494 καὶ
1153 454 1266 507 μῆλα
1287 452 1331 494 οἱ
1357 449 1473 506 ἄγχι-

203 540 283 570 στα
311 525 513 579 ἑπόμενοι
545 521 698 578 Ξέρξῃ.
737 528 851 566 τοῖσι
893 522 939 565 δὲ
984 521 1180 577 μυρίοισι
1219 518 1471 562 ἐπετέτακτο

177 597 340 644 ὂῖππος
352 591 558 646 Περσέων
577 592 726 647 μυρίη.
754 590 859 646 μετὰ
889 590 935 634 δὲ
964 588 1045 645 τὴν
1064 590 1197 631 ἵππον
1212 586 1470 631 διελέλειπτο
1483 593 1528 625 20

204 663 275 707 καὶ
307 658 386 703 δύο
416 658 635 708 σταδίους,
692 658 766 701 καὶ
797 659 941 702 ἔπειτα
971 657 994 701 ὁ
1031 657 1185 706 λοιπός
1224 653 1373 710 ὅμιλος
1405 653 1472 710 ἤϊε

66 738 131 781 42
200 727 368 782 ἀναμίξ.
421 723 638 768 Ἐποιέετο
679 726 725 769 δὲ
772 725 852 782 τήν
893 725 1003 770 ὁδόν
1042 725 1088 768 ἐκ
1125 727 1200 779 τῆς
1236 723 1404 778 Λυδίης
1444 719 1468 765 ὁ

201 793 384 850 στρατὸς
427 792 496 836 ἐπί
534 810 579 837 τε
615 794 820 851 ποταμόν
851 795 1022 837 Κάϊκον
1049 793 1122 838 καὶ
1151 794 1233 848 γῆν
1260 790 1340 845 τὴν
1369 794 1468 834 Μυ-

200 864 320 919 σίην·
352 860 436 905 ἀπὸ
468 861 514 905 δὲ
543 863 717 905 Καΐκου
761 860 1054 918 ὁρμεώμενος,
1096 858 1247 916 Κάνης
1286 857 1391 910 ὅρος
1433 857 1471 901 ἔ-

168 940 292 988 Ωχων
322 929 370 974 ἐν
392 928 614 987 ἀριστερῇ,
646 929 719 973 διὰ
747 935 828 974 τοῦ
857 928 1081 984 Ἀταρνέος
1112 929 1154 979 ές
1166 927 1366 982 Καρίνην
1394 924 1472 969 πό-

197 1005 280 1043 λιν.
339 996 426 1041 ἀπὸ
466 998 512 1042 δὲ
545 996 706 1054 ταύτης
737 997 809 1041 διὰ
849 997 997 1054 Θήβης
1035 999 1192 1040 πεδίου
1223 991 1526 1049 έπορεύετο,25

191 1065 525 1123 Ἀτραμύττειόν
556 1082 601 1109 τε
629 1066 758 1110 πόλιν
798 1067 871 1110 καὶ
897 1064 1170 1120 ’Ἀντανδρον
1195 1063 1277 1121 τήν
1326 1066 1468 1106 Πελα-

1527 722 1589 750 Iter
1607 722 1755 751 Sardibus

1527 758 1604 792 Aby‹
1595 757 1664 784 ιΙιιιιι
1684 765 1802 785 versus.

1527 792 1570 818 Ad
1588 791 1681 825 Idam,
1702 795 1770 818 orta

1527 829 1568 852 tel
1560 834 1609 865 ιιηι
1613 834 1645 852 es
1649 829 1668 852 t:
1670 828 1724 859 tte,
1730 825 1802 853 mul-

1527 859 1550 885 ti
1570 868 1608 886 nn
1602 859 1701 886 ilitnm
1716 846 1779 886 sul—

1526 893 1608 921 mine
1625 892 1710 921 tacti.

194 1257 262 1281 και
285 1244 392 1292 μῆλα
416 1240 457 1280 οἱ
471 1237 634 1293 α’γχιστα
656 1236 802 1291 ἑπόμε-

138 1313 203 1338 νοι
228 1297 381 1353 Ξέρξῃ]
416 1299 515 1335 Hinc
546 1298 601 1334 illi
621 1298 710 1334 alibi
729 1310 802 1335 vo-

138 1363 273 1393 cantui
295 1351 530 1406 μηλοφόροι.
559 1354 644 1392 Vid.
659 1353 801 1395 Athen.

136 1414 212 1450 XII
241 1427 279 1463 p.
311 1411 392 1452 514
423 1413 465 1449 C.
495 1412 645 1449 Aelian.
674 1412 720 1453 V
751 1413 801 1449 H.

137 1471 206 1517 IX,
223 1472 247 1509 3
270 1476 306 1505 et
318 1470 461 1521 reliqua
473 1470 686 1506 testimonia
701 1468 802 1519 apud

134 1527 303 1563 Brisson.
322 1527 380 1562 De
401 1539 480 1576 reg.
498 1527 619 1563 Perss.
639 1527 801 1576 princip.

134 1585 164 1631 1,
202 1582 296 1624 194.
353 1582 416 1619 Ad
443 1581 670 1622 ἐπετέτακτο
700 1583 801 1619 conf.

134 1641 216 1687 VII,
227 1638 294 1680 40.
317 1638 551 1679 διελέλειπτο
564 1653 584 1675 e
597 1638 801 1690 Schweig-

134 1696 308 1734 haeuseri
342 1696 609 1733 emendatione
647 1704 682 1733 et
712 1695 751 1733 h.
774 1698 800 1733 l.
851 1725 862 1741 ‚

139 1761 176 1791 et
190 1754 273 1801 VII,
284 1751 338 1794 40
350 1767 451 1791 nunc
464 1753 676 1790 exhibetur.
699 1754 801 1790 Olim

139 1809 326 1857 διέλειπε,
359 1810 464 1861 quod
493 1811 646 1847 retinuit
665 1809 799 1849 matth.

139 1866 367 1904 Schaeferus
407 1866 526 1904 edidit
573 1866 801 1906 διελείπετο.

137 1925 183 1960 In
204 1925 423 1960 Florentino
452 1924 549 1960 libro
571 1922 801 1962 διέλειπτετε

140 1980 243 2031 (sic).
301 1981 346 2015 In
376 1982 552 2030 proxime
589 1993 695 2032 seqq.
733 1993 802 2030 pro

137 2036 205 2076 καὶ
215 2033 288 2077 δύο
302 2037 486 2083 σταδίους
498 2035 802 2087 Schweighaeu-

138 2107 240 2132 serus
252 2094 382 2131 mallet
391 2091 489 2132 κατα
507 2091 580 2133 δύο
604 2094 801 2140 σταδίους.

137 2152 200 2187 De
232 2163 328 2190 voce
367 2146 512 2202 οἷναμὶξ
549 2150 713 2188 vidimus
754 2149 802 2193 ad

138 2208 219 2258 VH,
241 2207 309 2250 40.

358 2297 450 2348 Cap.
461 2298 582 2335 XLII.

185 2374 252 2415 ἐπί
269 2389 310 2414 τε
338 2373 519 2427 ποταμόν
540 2372 716 2427 Κάϊκον]
743 2377 800 2416 Cf.

137 2432 200 2479 VI,
216 2434 268 2473 28
289 2433 418 2484 ibique
437 2441 533 2471 nott.
569 2435 671 2472 Caua
691 2448 803 2473 mons

137 2496 373 2525 memoratur
403 2502 556 2541 quoque
585 2491 687 2541 apud
715 2493 799 2528 Me-

138 2545 216 2581 lam
235 2547 265 2593 1,
289 2548 339 2586 18
362 2547 399 2591 ξ.
421 2548 459 2594 2,
480 2548 546 2583 ubi
559 2549 608 2585 cf.
620 2549 658 2584 T
660 2546 799 2585 zschu—

139 2599 212 2637 cke
243 2608 339 2642 nott.
370 2603 468 2640 critt.
489 2604 574 2641 Vol.
594 2605 680 2651 11‚1
709 2617 798 2655 pag.

139 2655 221 2697 524
250 2665 288 2694 et
306 2665 403 2696 nott.
423 2672 560 2711 exegg.
580 2661 666 2698 Vol.
684 2662 751 2708 111,
776 2664 796 2702 1

140 2723 228 2762 pag·
248 2713 342 2753 523.
381 2717 439 2752 De
458 2717 646 2755 Atarnensz·
662 2730 800 2768 campo

143 2766 308 2811 diximus
329 2768 377 2807 ad
396 2772 459 2819 VI,
480 2775 546 2814 28.
583 2774 641 2810 De
667 2774 802 2812 Carine

142 2823 242 2891 urbe‘
250 2826 350 2865 cons.
381 2826 566 2879 Stephan.
587 2831 681 2882 Byz.
711 2843 742 2867 s.
763 2843 802 2868 v.

857 1237 1000 1290 p.488,
1023 1239 1090 1276 ubi
1102 1233 1285 1291 Καρήυη,
1306 1236 1410 1275 unde
1421 1236 1524 1289 apud

857 1298 1028 1333 Plinium
1048 1298 1097 1332 H.
1118 1297 1164 1334 N.
1199 1295 1244 1343 V,
1276 1298 1330 1335 30
1366 1296 1404 1341 ξ.
1445 1297 1525 1335 122

856 1355 958 1390 inter
977 1354 1088 1390 urbes
1101 1383 1111 1401 ‚
1134 1365 1232 1404 quae
1252 1351 1525 1399 interciderint,

857 1417 1093 1447 memoratur
1143 1410 1288 1447 Carene.
1345 1411 1424 1446 Nec
1464 1415 1526 1446 ta·

857 1481 948 1504 men
979 1469 1103 1518 placet
1133 1480 1222 1503 cum
1252 1465 1451 1503 Harduino
1482 1466 1524 1502 in

857 1524 1043 1562 Herodoti
1080 1525 1166 1561 loco
1204 1536 1389 1574 reponere
1436 1525 1524 1562 Ka-

859 1577 1002 1633 ρήνης.

883 1667 1185 1725 Ἀτραμύττειόν
1198 1684 1238 1709 τε
1257 1665 1378 1710 πόλιν
1390 1669 1524 1719 κ.τ.λ.]

857 1725 1156 1782 Ατραμύττειον
1182 1727 1331 1764 duobus
1347 1728 1387 1763 in
1408 1726 1523 1764 codd.

857 1794 980 1823 exstat
1013 1785 1194 1823 Parisinis
1233 1791 1271 1822 et
1309 1783 1412 1835 apud
1444 1785 1524 1820 Eu-

856 1842 970 1880 stath.
1002 1842 1050 1879 ad
1079 1843 1123 1881 Il.
1164 1854 1254 1892 pag.
1290 1841 1384 1889 649,
1415 1838 1522 1879 44s.

858 1899 953 1947 512,
974 1902 1042 1947 20,
1064 1898 1269 1935 accedente
1298 1898 1418 1934 Valla.
1475 1898 1524 1933 In

858 1956 1051 1993 Sancrosti
1071 1957 1166 1992 libro
1190 1955 1382 1992 invenitur
1402 1948 1525 2020 α’τρα-

857 2008 1031 2064 μύτειον,
1052 2014 1092 2049 in
1114 2013 1347 2058 florentino,
1376 2011 1456 2047 aliis
1476 2006 1525 2050 οἷ-

860 2070 1002 2122 δραμ.
1016 2099 1026 2118 ,
1063 2068 1296 2119 suffragante
1335 2066 1522 2118 Stephan.

858 2128 1020 2178 Byzant.
1048 2139 1078 2166 s.
1104 2140 1140 2163 v.
1170 2124 1346 2176 pag-35.
1404 2123 1522 2176 Apud

858 2182 1133 2250 Thucydidem
1150 2183 1196 2231 V,
1226 2185 1246 2222 1
1277 2183 1454 2218 meliores
1473 2183 1524 2218 li-

858 2241 916 2278 bri
942 2235 1274 2307 Ἀτραμύττειον,·
1316 2239 1380 2275 alii
1417 2239 1522 2291 iique

856 2298 985 2334 minus
1030 2298 1180 2348 probati
1225 2291 1522 2347 Ἀτραμύττιον.

857 2354 915 2392 Αο
936 2355 1046 2391 numi
1067 2354 1317 2391 accuratiores
1336 2354 1376 2389 in
1396 2354 1522 2404 prima

1464 2415 1522 2423 ,—

858 2435 1004 2486 syllaba
1043 2435 1078 2482 ὅ,
1118 2435 1157 2470 in
1196 2434 1306 2471 tertia
1346 2446 1470 2469 unum
1500 2448 1523 2472 τ

855 2490 1074 2529 ostendunt.
1131 2493 1190 2527 De
1211 2503 1286 2541 qua
1313 2491 1521 2540 scripturae

854 2549 1036 2586 varietate
1074 2548 1184 2598 plura
1223 2546 1368 2584 dabunt
1393 2547 1521 2583 Inter-

854 2611 968 2656 prett.
998 2603 1047 2642 ad
1074 2603 1256 2655 Thucyd.
1286 2605 1312 2642 l.
1333 2604 1360 2641 l.
1382 2616 1470 2654 pag.
1494 2602 1520 2642 4

856 2660 918 2698 ed.
939 2662 1096 2699 Gervin.
1117 2659 1339 2700 Tzschuck.
1361 2659 1410 2696 ad
1429 2659 1521 2695 Mel.

856 2720 886 2765 Ι,
912 2720 961 2760 18
983 2719 1021 2763 §-
1042 2721 1184 2759 2nott.
1205 2718 1302 2754 critt.
1316 2716 1390 2766 (II,
1415 2716 1456 2764 1)
1479 2728 1518 2765 p-

858 2773 939 2815 548
960 2775 1046 2812 coll.
1067 2775 1245 2814 Creuzer.
1265 2773 1445 2822 fragmm.
1457 2769 1521 2806 hi-

857 2831 1008 2868 storico.
1027 2843 1118 2882 pag.
1142 2832 1222 2872 198
1244 2836 1280 2866 et
1301 2827 1389 2866 add.
1413 2828 1520 2864 Lau-
