1897 3340
511 213 971 252 POLYMNIA
1030 214 1126 250 V11.

1370 225 1453 262 649

190 319 437 374 ἐσελθόντες
465 323 621 377 ἵζοντο,
655 327 738 382 χρᾷ
765 321 793 382 ἡ
825 323 993 378 Πυθίη,
1023 325 1077 379 τῇ
1107 321 1282 378 οὔνομα
1311 320 1368 382 ἦν
1393 328 1510 371 Ἀ-45

191 391 428 447 ριστονίκη,
457 388 559 434 τάδε
572 404 581 415 ·

161 479 184 512 2
318 473 362 514 Ὦ
386 478 530 523 μέλεοι,
554 479 592 514 τί
613 478 806 524 κάθησθε;
839 478 958 514 λιπών
984 476 1091 524 φεῦγ’
1116 477 1250 523 ἔσχατα
1272 481 1378 525 γαίης

319 535 474 580 δώματα
497 536 558 570 καὶ
580 535 709 576 adnos-
732 535 963 582 τροχοειδέος
988 533 1084 581 ἄκρα
1107 535 1283 581 κάρηνα.

158 593 181 626 3
323 591 422 630 Οὔτε
446 591 515 638 γὰρ
540 605 562 636 η
588 591 728 637 κεφαλὴ
753 592 854 637 μένει
881 594 1049 638 ἔμπεδον,
1075 591 1161 629 οὔτε
1178 593 1220 629 τὸ
1249 595 1367 638 σῶμα,
1472 596 1516 636 50

320 648 408 686 οὕτε
430 648 542 689 πόδες
568 647 714 692 νέατοι,
741 647 820 687 οὔτ’
845 646 898 686 ω“ν
920 650 1041 696 χέρες,
1068 648 1153 687 οὔτε
1177 665 1212 686 τι
1223 662 1356 696 μεσσης

159 707 182 740 4
317 708 489 749 λείπεται,
515 703 590 740 ccl-‚³2
616 703 731 751 ἄζηλα
754 707 866 744 πέλει.
914 707 1056 743 Κατὰ
1046 708 1116 754 γάρ
1140 722 1203 753 μιν
1229 707 1363 753 ἐρείπει
1473 709 1516 743 55

318 765 393 809 πῦρ
416 777 454 800 τε
478 764 541 800 καὶ
566 763 676 808 o'gv9'
676 764 786 810 Ἀρης,
813 766 1033 811 Συριηγενὲς
1059 764 1160 811 α’ρμα
1184 765 1343 802 διώκων.

190 955 637 1012 Ἀριστονίκη],,Ε3ἀοιῐι
648 957 798 1014 ac'AQt-

138 1018 301 1056 στονίκα
319 1017 482 1066 videtur,
498 1032 596 1070 quae
617 1026 653 1056 et
666 1020 798 1071 Sibyl-

135 1073 174 1110 la
195 1074 275 1110 aliis
297 1071 363 1112 διεὶ
395 1074 548 1127 μέτρων
572 1075 798 1126 ἐθεμίστευ-

138 1142 214 1170 σαν
233 1132 447 1168 carminibus
471 1134 691 1170 vaticinatae
711 1132 799 1184 fue-

137 1191 234 1234 runt,
257 1186 358 1239 apud
377 1188 572 1226 Plutarch.
602 1192 637 1226 II
657 1204 696 1240 p.
717 1189 798 1230 406

137 1244 182 1283 Β.
206 1245 368 1282 Tzetzes
387 1252 518 1282 tamen
548 1244 708 1285 Chiliad.
728 1248 798 1293 IX,

140 1302 224 1341 812
262 1315 486 1352 responsum
523 1303 619 1340 illud
667 1275 800 1340 Bacidi

138 1358 217 1395 vati
255 1359 405 1407 tribuit,
461 1373 587 1397 errans
634 1361 761 1411 longe.
775 1361 798 1380 ‘⁶

143 1412 296 1452 ‘Wesse
311 1415 428 1465 ling.
486 1417 561 1462 Qui
589 1424 800 1469 sequuntur

137 1483 268 1509 versus
272 1473 446 1519 ,citantur
457 1474 503 1509 ab
516 1475 799 1525 Euseb.Praep.

138 1528 214 1565 ΕΝ.
228 1527 274 1575 V,
284 1528 350 1570 24.
370 1529 575 1581 Nicephor.
595 1530 643 1568 ad
660 1532 802 1584 Synes.

138 1586 310 1622 Insomn.
331 1600 369 1637 p.
391 1590 487 1628 370.

190 1636 243 1681 ἷΩ,
264 1641 451 1692 μέλεοι]
442 1658 467 1681 1.
489 1657 522 1682 e.
547 1642 709 1692 Ostultz,
734 1646 803 1682 mi·-

143 1711 179 1736 se
197 1701 222 1739 i.
265 1700 447 1737 Formula
468 1699 570 1752 apud
586 1674 800 1750 Platonem,

142 1756 235 1793 alios
255 1757 420 1794 crebrius
441 1758 551 1794 obvia
564 1788 573 1805 ‚
602 1765 644 1794 ut
672 1758 804 1794 obser-

142 1819 207 1850 vat
224 1812 432 1850 Ruhnken.
453 1813 502 1850 ad
522 1815 674 1851 Timaei
707 1816 803 1852 Lex.

142 1869 243 1907 Plat.
264 1883 303 1920 p.
325 1872 419 1910 279.
457 1872 507 1907 Et
527 1871 629 1908 conf.
650 1884 804 1923 quoque

145 1924 194 1962 de
214 1923 255 1963 h.
276 1927 301 1963 l.
321 1925 459 1963 Matth.
485 1928 550 1966 Gr.
574 1928 640 1964 Gr.
663 1929 700 1972 ξ.
723 1930 804 1969 312

144 1982 443 2033 2p.615.1u
464 1997 570 2036 seqq.
582 1985 703 2021 nolim
716 1997 805 2021 cum

144 2036 334 2076 Valcken.
344 2041 549 2077 rescribere
569 2055 670 2093 φευ)
676 2055 712 2080 ετ
735 2054 804 2091 pro

146 2089 272 2149 φεῦγ’.
328 2098 505 2149 Namque
542 2096 605 2134 hic
646 2098 745 2135 celer
785 2111 807 2134 a

145 2153 283 2203 plurali
301 2166 463 2191 numero
494 2152 543 2191 ad
574 2155 807 2205 singularem

148 2210 324 2247 transitus
352 2209 806 2263 (καθῆσθε-φεῦγε),

150 2266 324 2316 quamvis
343 2268 536 2315 insolitus,
556 2269 717 2304 minime
746 2275 809 2304 ta-

149 2334 242 2357 men
280 2320 497 2361 offensionis
532 2337 663 2362 ansam
695 2338 809 2376 prae-

150 2378 226 2416 bet.
260 2400 311 2405 —-
343 2375 460 2417 πόλιν
486 2379 708 2430 τροχοειδέα
737 2395 810 2419 vo·-

155 2440 216 2471 cat
246 2434 367 2473 urbem
397 2434 649 2484 orbzcularem,
687 2441 810 2475 rotun-

156 2490 251 2528 dam.

211 2545 320 2598 μένει
363 2544 533 2596 ἔμπεδον
552 2546 570 2595 ]
630 2548 811 2585 Praesens

155 2616 224 2654 pro
262 2603 390 2639 futuro
437 2601 500 2638 hic
547 2604 639 2653 poni
685 2606 814 2641 statuit

154 2657 292 2697 Matth.
323 2660 390 2696 Gr.
419 2659 486 2696 Gr.
507 2659 545 2704 ξ.
566 2658 659 2706 504,
681 2662 705 2700 3
726 2673 813 2711 pag.

154 2716 253 2757 957.
312 2716 376 2754 Sic
406 2715 520 2766 paulo
548 2722 632 2766 post
651 2714 758 2755 πέλει
778 2724 816 2754 et

157 2772 239 2820 VII,
261 2770 365 2812 141:
388 2772 559 2811 διδοῖ-
571 2769 694 2818 πόδες
723 2771 813 2811 τεά-

159 2841 220 2867 τοι
240 2835 327 2866 sunt
340 2828 444 2880 pedes
455 2829 612 2866 extremi.
626 2829 813 2866 Voculam

855 959 1002 1013 μέσσης
1022 959 1071 997 ad
1090 973 1355 1012 praegressum
1377 957 1517 1010 πόλιος

854 1019 977 1055 refero
1000 1031 1088 1054 cum
1111 1018 1153 1054 C.
1174 1020 1397 1056 Hermanno
1414 1032 1516 1068 meo,

853 1076 1071 1112 Professore
1110 1075 1394 1126 Marburgeusi:
1441 1089 1516 1129 quo

856 1131 996 1169 eodem
1036 1133 1150 1168 etiam
1177 1140 1321 1183 spectat
1352 1147 1422 1185 μιν
1456 1147 1518 1171 se·-

857 1196 998 1256 quente
1020 1190 1060 1225 iu
1076 1202 1198 1227 velsu.

915 1241 994 1284 ἀλλ’
1021 1243 1143 1296 ἄζηλα
1165 1243 1289 1293 πέλει]
1315 1243 1433 1282 Schw
1435 1246 1518 1296 eig-

855 1301 1028 1340 haeuser.
1058 1304 1097 1339 iu
1126 1304 1222 1339 Lex.
1238 1301 1380 1340 Herod.
1399 1303 1520 1339 inter-

855 1366 1047 1411 pretatur:
1106 1372 1224 1396 mtsere
1263 1358 1399 1406 offlecta
1439 1362 1519 1396 sunt

856 1418 984 1463 omnia,
1017 1429 1106 1452 cum
1137 1413 1279 1466 ἄζηλος
1300 1418 1330 1453 is
1361 1415 1519 1464 dicatur,

856 1486 974 1525 quem
984 1485 1099 1510 nemo
1120 1474 1333 1509 aemuletur
1352 1480 1416 1510 aut
1434 1474 1521 1509 lau·

858 1529 922 1566 det
932 1531 1377 1579 mireturve,contemptus.
1389 1531 1520 1566 Blom-

857 1586 960 1623 field.
995 1588 1034 1622 in
1066 1587 1230 1624 Glossar.
1267 1585 1315 1622 ad
1342 1585 1521 1638 Aeschyl.

857 1642 1056 1680 Prometh.
1081 1643 1158 1683 146
1176 1644 1333 1694 exponit
1352 1645 1522 1681 nonium·-

860 1700 1006 1747 ἀεηάαε,
1026 1702 1066 1736 in
1080 1699 1275 1737 Herodoto
1288 1701 1442 1737 rescribi
1460 1702 1522 1736 iu-

859 1758 952 1794 bens
984 1752 1151 1807 εἷΐδηλα,
1191 1758 1415 1794 assentiente
1442 1759 1522 1793 Lo-

859 1813 973 1850 beck.
998 1815 1038 1850 in
1058 1812 1314 1864 Aglaopham.
1335 1828 1372 1864 p.
1389 1814 1493 1854 1353
1510 1826 1521 1861 3

860 1883 960 1922 quae
980 1869 1138 1922 quidem
1157 1883 1235 1908 vox
1244 1872 1391 1921 saepius
1412 1871 1523 1906 iuve-

860 1929 964 1963 nitur
985 1926 1087 1977 apud
1105 1928 1338 1974 Homerum,
1368 1927 1435 1962 ubi
1456 1925 1523 1963 do-

861 1991 971 2021 cente
1000 1985 1226 2020 Buttmann.
1253 1984 1292 2020 iu
1312 1984 1487 2033 Lexilog.
1506 1984 1524 2019 1

862 2053 951 2091 pag.
991 2039 1068 2081 247
1110 2041 1235 2078 valet:
1296 2040 1523 2085 verzelurencl,

863 2097 1086 2135 verderbend.
1116 2096 1220 2134 Add.
1240 2098 1523 2134 Duncanex.

861 2155 880 2190 I
900 2165 987 2204 pag.
1009 2156 1061 2194 33
1084 2152 1143 2192 ed.
1165 2156 1269 2193 Rost.
1328 2155 1379 2190 At
1398 2155 1525 2190 istius-

862 2209 971 2247 modi
998 2211 1104 2247 notio
1134 2212 1256 2248 activa
1285 2211 1332 2247 ab
1354 2209 1393 2248 h.
1414 2211 1440 2249 l.
1459 2211 1525 2247 ab-

862 2265 1004 2314 horret,
1034 2267 1074 2303 in
1097 2281 1172 2319 quo
1195 2266 1397 2320 equidem,
1422 2266 1526 2319 quod

863 2324 950 2361 libri
988 2324 1172 2373 ferebant,
1206 2326 1369 2361 retinere
1388 2325 1523 2361 malui.

866 2380 1002 2431 Suppl.
1036 2387 1165 2418 autem
1191 2395 1240 2419 ex
1264 2380 1526 2418 antecedenti-

865 2437 935 2475 bus
956 2434 1150 2487 (πόλιος)
1174 2435 1278 2490 ἄκρα
1297 2434 1467 2489 κάρηνα.

923 2492 1190 2545 Συριηγενὲς]
1205 2497 1292 2532 Duo
1316 2493 1425 2533 codd.
1438 2505 1527 2531 cum

866 2545 1235 2603 Valla’Aaaoqyev593
1257 2550 1360 2603 quod
1380 2558 1421 2587 ut
1441 2563 1526 2586 me-

870 2606 942 2642 lius
964 2612 1100 2643 uotum
1130 2609 1287 2645 librariis
1308 2607 1435 2644 deberi
1450 2618 1524 2656 pu·-

871 2667 923 2709 to,
951 2665 1123 2713 quamvis
1141 2663 1236 2701 illud
1270 2662 1526 2710 Wesselingio

870 2719 1044 2756 arriserit.
1100 2721 1158 2758 Ac
1187 2719 1361 2757 laudatur
1380 2720 1424 2754 L.
1441 2717 1526 2754 Sci-

868 2775 933 2825 pio
943 2774 1135 2824 Asiagenes
1145 2775 1246 2827 apud
1255 2776 1336 2812 Liv.
1341 2774 1526 2820 XXXIX,

868 2829 922 2871 44
941 2831 1033 2868 item
1054 2831 1270 2885 ραβδοῦχοι
1287 2825 1528 2882 Ἀσιαγενεῖς
