1897 3340
559 192 1202 236 POLYMNIA.V11.
1402 197 1484 236 479

221 310 516 364 παρεδίδοσαν
552 305 632 350 τόν
669 304 751 348 αἰεὶ
790 299 1138 357 ἐξορυσσόμενον
1165 303 1276 357 χοῦν
1315 299 1482 344 ἄλλοισι

218 378 466 431 κατύπερθε
493 375 669 419 ἑστεῶσι
697 371 765 414 ἐπὶ
795 368 1003 425 βάθρων·
1037 370 1082 412 οῖ
1101 367 1145 412 δ’
1177 363 1234 412 αὖ
1263 368 1485 423 ἐκδεκόμε-

219 463 305 496 νοι,
350 445 554 498 ἑτέροισι,
581 440 662 491 ἕως
689 438 901 483 ἀπίκοντο
933 437 975 488 ἐς
1005 434 1109 487 τούς
1138 435 1365 480 ἀνωτάτω·
1412 431 1481 479 οὗ-
1495 442 1540 476 50

216 531 285 558 τοι
325 513 372 556 δὲ
411 508 641 566 ἐξεφόρεόν
669 523 713 551 τε
742 506 817 549 καὶ
849 504 1090 561 ἐξέβαλλον.
1148 509 1264 548 τοῖσι
1291 505 1370 560 μέν
1397 506 1484 551 νῦν

188 581 409 629 Ξόίλλοισι,
447 575 560 631 πλὴν
592 575 832 627 Φοινίκων,
872 571 1280 629 καταρρηγνύμενοι
1310 573 1356 615 οῖ
1382 587 1484 626 κρη-

215 648 317 705 μνοὶ
344 648 424 688 τοῦ
454 641 700 699 ὀρύγματος
728 642 870 687 πόνον
901 641 1128 697 διπλήσιον
1155 645 1382 696 παρεῖχον·
1409 638 1484 681 ἅτε

214 716 297 772 γὰρ
337 715 419 756 τοῦ
455 726 501 754 τε
542 709 634 754 ἅνω
675 710 892 766 στόματος
919 711 995 753 καὶ
1021 712 1104 752 τοῦ
1135 707 1255 753 κάτω
1294 707 1347 751 τὰ
1377 705 1540 750 αὐτὰ55

182 790 204 824 3
213 783 345 839 μέτρα
374 778 666 834 ποιευμένων,
700 778 844 833 ἔμελλέ
866 790 945 831 σφι
967 781 1145 820 τοιοῦτο
1166 774 1480 833 ἀποβήσεσθαι.

213 851 257 893 οἱ
297 848 344 891 δὲ
390 848 593 898 Φοίνικες
627 848 790 903 σοφίην
825 846 871 889 ἔν
903 860 947 888 τε
976 849 1090 888 τοῖσι
1117 844 1286 888 ἄλλοισι
1317 845 1483 902 ἔργοισι

213 915 568 967 ἀποδείκνυνται,
599 915 672 958 καὶ
703 914 757 970 δή
789 913 862 957 καὶ
891 912 939 956 ἐν
969 912 1131 971 ἐκείνῳ.
1192 911 1485 968 ἀπολαχόντες

211 985 297 1042 γάρ
329 983 487 1039 μόριον
510 982 620 1026 ὅσον
641 981 812 1026 αὐτοῖσι
843 980 1060 1036 ἐπέβαλλε,
1091 980 1298 1035 ὄρυσσον,
1329 980 1378 1024 τὸ
1409 978 1488 1034 μὲν
1547 982 1628 1024 522

212 1052 302 1096 ἄνω
325 1051 461 1107 στόμα
478 1056 555 1108 τῆς
574 1052 786 1106 διώρυχος
815 1054 1038 1101 ποιεῦντες
1069 1050 1300 1106 διπλήσιον
1330 1047 1358 1105 ἢ
1380 1048 1541 1092 ὅσονὸθ

212 1121 297 1165 ἔδει
339 1118 478 1176 αὐτὴν
515 1119 596 1177 τὴν
638 1119 833 1174 διώρυχα
880 1119 1109 1174 γενέσθαι·
1159 1119 1484 1174 προβαίνοντος

211 1188 259 1232 δὲ
289 1191 369 1232 τοῦ
411 1188 561 1244 ἔργου,
604 1191 801 1244 συνῆγον
842 1189 945 1231 αἰεί·
983 1187 1099 1231 κάτω
1130 1202 1175 1230 τε
1205 1185 1259 1243 δὴ
1302 1186 1481 1242 ἐγίνετο,

209 1381 581 1437 καταόᾆηγνύμενοι
631 1383 674 1423 οἵ
717 1397 817 1434 κρη-

152 1442 273 1495 μνοὶ]
300 1444 525 1493 Praecipitia
546 1444 682 1478 Noster
701 1441 817 1477 intel-

151 1501 235 1550 ligit
269 1501 347 1537 sive
375 1506 499 1550 partes
527 1499 647 1535 fossae
668 1498 819 1548 praeci-

151 1559 247 1608 pites
257 1556 305 1593 ad
318 1555 480 1593 declives
492 1562 619 1607 ruptas
631 1554 818 1591 humum-

154 1627 230 1666 que
282 1614 478 1664 collapsas.
568 1613 669 1648 Hinc
713 1618 816 1647 recte

150 1672 307 1721 Lange:
337 1670 443 1718 „weil
459 1669 563 1707 ihnen
581 1668 642 1705 der
653 1669 819 1706 Graben-

152 1724 243 1765 rimd
260 1728 390 1778 ez‘nficl.
421 1728 527 1775 „Nec
540 1727 648 1763 aliter
659 1726 737 1762 sere
749 1740 818 1764 κα-

151 1780 460 1836 ταρρήγνυσθαι
496 1785 616 1833 rumpi
650 1781 820 1833 indeque

151 1842 191 1878 in
211 1844 342 1878 terram
363 1840 520 1878 decidere
541 1840 606 1888 llI,
632 1841 709 1880 111
732 1839 820 1876 coll.

152 1898 184 1946 I,
205 1899 274 1939 87.

210 1949 279 1992 ὃὶτε
297 1949 371 2005 γάρ
384 1954 456 1992 τοῦ
467 1966 507 1992 τε
523 1949 608 1991 ἅνω
626 1946 819 2001 στόματος

151 2025 192 2049 κ.
214 2024 247 2049 τ.
268 2010 321 2057 λ.]
352 2011 411 2046 De
431 2010 568 2047 vocula
590 2005 818 2047 &remonuit

152 2065 288 2104 Matth.
311 2067 376 2103 Gr.
389 2067 552 2118 anag.
572 2064 693 2105 1125.
715 2066 819 2103 Sen-

151 2134 238 2161 sum
253 2124 328 2160 loci
348 2124 400 2161 ita
420 2124 603 2174 expressit
613 2121 818 2172 Schweig-

152 2178 380 2218 haeuserus:
418 2209 442 2228 ‚‚
457 2192 562 2230 quum
588 2191 721 2217 summa
734 2179 817 2230 fvs-

154 2249 214 2274 sae
232 2237 330 2274 labia
347 2239 436 2286 pari
453 2236 689 2288 amplitudine
712 2240 820 2287 atque

154 2293 327 2342 inferiora
338 2292 512 2343 facerent,
540 2307 609 2331 non
621 2295 740 2344 potuit
751 2306 819 2330 non

155 2349 219 2387 hoc
248 2352 298 2387 eis
333 2350 551 2398 accidere,“
590 2363 664 2387 nec
688 2351 818 2387 minus

157 2406 254 2443 bene
265 2407 421 2455 Lange:
443 2406 564 2453 „deun
585 2406 662 2443 weil
680 2409 730 2445 sie
749 2407 817 2444 den

157 2462 301 2501 Graben
343 2463 427 2499 oben
458 2463 534 2500 und
565 2467 671 2500 unten
701 2463 817 2512 gleicl:

155 2521 236 2557 weit
262 2518 441 2567 maelium,
480 2532 518 2555 εο
539 2523 668 2556 musste
696 2521 762 2558 das
780 2522 817 2557 so

128 2596 133 2597 ν
156 2575 350 2613 Ιεοτηνηεηέ(
379 2577 513 2627 Itaque
532 2572 577 2614 τό
595 2572 683 2614 ἅνω
693 2573 818 2627 στόμα

156 2631 451 2683 intelligendum
472 2631 520 2668 de
537 2633 721 2681 superiori
740 2633 820 2670 fos-

158 2699 222 2724 sae
251 2696 370 2739 parte.
429 2689 505 2726 Pro
535 2689 653 2738 vulgo
683 2691 820 2728 τοιοῦ-

158 2757 227 2782 τον
264 2743 352 2782 dedi
385 2758 475 2782 cum
515 2743 737 2794 Schweigh.
783 2752 821 2782 et

159 2799 275 2838 Gaisf.
312 2804 469 2842 τοιοῦτο
482 2831 493 2850 ,
525 2800 630 2854 quod
661 2802 822 2839 Floren-

873 1383 974 1420 tinus
998 1382 1194 1421 offerebat.
1225 1381 1288 1420 Ad
1309 1381 1538 1419 dictionem:

875 1436 1372 1491 ἕμελλε-ἄποβήσεσθαι
1408 1439 1456 1475 cf.
1488 1440 1542 1475 si-

873 1498 1011 1534 milem
1031 1498 1161 1534 locum
1180 1499 1249 1544 IX,
1262 1499 1329 1538 66.
1360 1495 1541 1533 Vocabu-

874 1555 959 1591 lum
982 1555 1130 1604 σοφίην
1152 1556 1192 1590 iu
1213 1567 1320 1604 seqq.
1350 1554 1541 1603 interpre-

873 1617 934 1648 tor
944 1611 1212 1655 dexteritatem3
1234 1613 1333 1647 Nos.-
1354 1609 1543 1647 Geschick-

874 1667 1030 1715 lz‘clekeit,
1062 1667 1304 1705 Gewamllzeit.

931 1721 1029 1763 ὅσον
1047 1720 1211 1763 αὐτοῖσι
1230 1722 1445 1773 ἐπέβαλλε]
1486 1724 1542 1758 Ita

873 1782 1117 1818 Florentinus
1144 1794 1234 1818 oum
1263 1781 1357 1819 aliis.
1414 1780 1541 1829 Vulgo

876 1836 1053 1889 ἐπέβαλε.
1120 1840 1179 1875 De
1206 1838 1314 1876 verbi
1347 1836 1542 1887 significa-

875 1896 981 1932 tione
1003 1895 1097 1932 conf
1111 1901 1208 1932 nott.
1230 1894 1279 1932 ad
1298 1896 1347 1943 11,
1373 1894 1540 1941 180.1v‚

879 1952 973 1993 115.
1433 1988 1439 1994 .

932 2006 1225 2060 προβαίνοντος
1252 2004 1295 2046 δὲ
1324 2008 1397 2046 τοῦ
1425 2004 1542 2057 ἔργου

874 2079 910 2103 κ.
942 2080 974 2103 τ.
1001 2065 1056 2113 λ.]
1090 2064 1290 2101 Sententia
1322 2062 1436 2100 huius
1466 2064 1542 2100 loci

872 2120 970 2159 mihi
992 2135 1072 2159 esse
1101 2120 1275 2158 videtur:
1311 2121 1394 2166 Quo
1416 2121 1540 2170 magis

873 2191 968 2229 opus
1007 2177 1239 2229 procedebat
1272 2190 1428 2230 quoque
1448 2189 1541 2228 pro-

874 2235 1032 2273 fundius
1052 2234 1262 2283 fodiebant,
1285 2248 1330 2272 eo
1346 2235 1544 2285 angustior

874 2292 989 2330 fiebat
998 2293 1109 2340 fossa,
1124 2294 1174 2329 ita
1184 2299 1238 2340 ut,
1253 2305 1343 2336 cnm
1354 2290 1403 2328 ad
1417 2293 1544 2328 imum

873 2351 1066 2387 venissent
1100 2356 1137 2386 et
1163 2350 1204 2386 in
1238 2350 1320 2401 ipso
1340 2347 1462 2385 fundo
1485 2362 1541 2385 es-

873 2414 970 2451 sent,
990 2419 1124 2458 parem
1145 2419 1236 2443 cum
1266 2407 1420 2458 reliquis
1443 2404 1542 2454 (scil.

872 2464 995 2501 fossae
1015 2464 1198 2514 partibus,
1219 2477 1313 2515 quas
1333 2464 1397 2499 alii
1415 2462 1541 2499 fodie-

873 2521 993 2571 bant)
1023 2520 1268 2558 latitudinem
1294 2520 1392 2557 fossa
1420 2518 1542 2557 habe-

874 2584 946 2615 ret.
1002 2579 1082 2614 Neo
1114 2578 1222 2615 aliter
1256 2578 1357 2628 cepit
1394 2578 1541 2626 Lange,

875 2634 927 2670 ita
951 2635 1156 2671 vernacule
1194 2633 1290 2671 haec
1315 2644 1541 2684 exponens:

878 2689 986 2738 „Wie
1002 2704 1075 2728 nun
1092 2691 1148 2728 die
1177 2691 1300 2729 Arbeit
1321 2689 1542 2740 fortsclm'tt,

876 2748 1039 2786 mackten
1065 2742 1141 2784 sie's
1177 2750 1298 2784 immer
1325 2758 1431 2794 enger
1468 2744 1544 2781 und

877 2804 942 2842 wie
958 2806 1009 2843 sie
1039 2808 1145 2843 unten
1163 2816 1293 2852 waren,
1324 2816 1361 2839 so
1382 2801 1544 2839 warz'lnre

1870 2679 1897 3048 -qffikffle
