1897 3340
386 244 470 283 116
803 243 1260 279 HERODOTI

56 361 324 395 ‹¹5⁹‚Adrasto'1'n-
383 355 513 395 τοῦτο
543 351 641 406 μὲν,
684 350 921 407 ῥαψῳδούς
953 351 1111 393 ἔπαυσε
1141 349 1187 393 ἐν
1218 352 1413 392 Σικυῶνι
1446 346 1699 403 &megs-40

57 394 201 429 latonida‚
226 394 290 423 λίθ-

56 428 134 463 lanip
147 436 175 455 »o
199 428 310 455 Astaci-

56 462 104 494 da,
122 471 137 489 c
161 462 220 489 nris
234 463 416 498 tragi-*‘'“‘

56 495 126 531 cis.]

328 537 646 587 optimatiumque
667 535 851 584 regimen.
883 534 985 568 Haec

328 594 407 629 fere
427 606 475 628 ex
496 591 677 627 Herodoti
698 590 910 626 narratione
923 600 985 623 sa-

329 651 373 686 tis
395 649 541 685 elucere
552 648 749 683 arbitratur
770 646 812 681 C.
826 646 869 680 Ο.
884 645 986 679 Miil-

329 705 397 741 ler.
428 705 522 750 1.l.‚
552 705 612 739 cui
642 702 702 737 vel
734 701 841 737 cassis
862 700 925 735 illa
945 700 984 735 in

330 759 478 811 Alpheo
493 771 612 808 nuper
631 764 778 808 reperta
799 763 835 792 et
852 756 897 792 ab
911 756 985 791 Ar-

328 818 422 866 givis
450 815 668 866 Olympiam
701 820 917 850 consecrata
937 811 985 848 ad

329 871 446 908 hocce
478 872 621 907 bellum
651 870 781 906 referri
798 882 906 920 posse
926 869 986 905 vi-

328 927 452 965 detur.

385 978 604 1037 ῥαψῳὸοΰς
645 979 791 1020 ἔπαυσε
831 979 872 1019 ἐν
914 982 985 1018 Σι-

327 1042 455 1078 κυῶνι
486 1035 779 1089 ἄγωνίζεσθαι]
818 1037 844 1073 i.
874 1049 907 1072 e.
927 1048 986 1072 ve-

328 1097 399 1132 tuit
438 1094 627 1145 rhapsodos
666 1092 818 1143 Sicyone
854 1093 987 1129 carmi-

325 1163 409 1188 num
452 1151 712 1188 Homericorum
767 1150 987 1186 recitationi-

327 1208 389 1244 bus
418 1207 557 1257 publice
591 1207 766 1243 institutis
801 1205 986 1242 decertare.

327 1265 501 1314 Namque
531 1260 740 1314 ῥαψῳδοὶ,
777 1268 987 1311 utcumque

328 1318 376 1355 de
408 1317 519 1355 huius
549 1319 652 1354 vocis
682 1317 826 1366 origine
846 1317 988 1364 statuis,

328 1377 487 1411 minime
507 1375 599 1411 tales
620 1387 698 1410 esse
718 1380 875 1423 possunt
891 1403 900 1420 ‚
922 1374 989 1425 qui

329 1433 497 1468 carmina
516 1437 649 1481 suopte
668 1431 822 1479 ingenio
843 1429 989 1479 fingant

330 1501 373 1524 ac
388 1493 592 1538 pangant,>
613 1499 701 1522 cum
721 1487 800 1536 ipsa
820 1498 895 1522 vox
916 1485 989 1534 ῥα-

330 1543 489 1596 ψῳδίας
509 1542 714 1593 aequabilis
728 1549 764 1578 et
785 1542 988 1577 continuae

330 1612 456 1650 neque
477 1599 523 1634 ab
545 1599 617 1634 alio
647 1598 905 1648 interpellatae
926 1610 988 1632 re·—

331 1656 516 1692 citationis
545 1653 729 1690 indicium
761 1652 900 1689 habere
929 1654 989 1690 vi-

332 1710 465 1748 deatur
494 1723 536 1746 ac
568 1709 654 1746 dein
676 1711 876 1760 praecipue
906 1711 988 1759 epi—

332 1780 466 1804 cormn
478 1779 667 1811 versuum,
679 1767 837 1802 Homeri
854 1767 906 1801 im
910 1767 989 1815 pri-

332 1824 403 1859 mis
432 1830 545 1874 atque
573 1821 748 1869 Hesiodi,
781 1823 988 1859 recitationi

332 1880 379 1916 sit
400 1878 577 1916 adhibita.
635 1879 700 1915 Tu
729 1877 806 1915 vid.
839 1879 989 1928 potissi-

332 1948 443 1971 mum
460 1933 626 1971 Nitzsch.
646 1935 822 1985 Prolegg.
843 1936 881 1970 in
898 1935 988 1971 Pla-

335 1999 414 2028 ton.
432 1993 514 2027 Ion.
535 2003 617 2041 cap.
638 1992 673 2027 11
693 2004 780 2042 pag.
812 1990 838 2029 4
867 2004 986 2042 seqq„

336 2048 428 2084 alios
449 2054 490 2083 ut
509 2048 694 2083 omittam.
753 2048 885 2098 ltaque
914 2046 986 2084 hoc

336 2104 434 2149 loco,
456 2110 607 2139 auctore
637 2101 773 2139 eodem
802 2102 991 2140 Nitzschio

337 2159 443 2208 (coll.
463 2161 505 2196 F.
525 2160 573 2197 A.
603 2159 726 2196 Wolf.
747 2160 923 2209 Prolegg.
945 2159 993 2196 ad

337 2217 494 2252 Homer.
511 2228 597 2266 pag.
618 2215 756 2251 XCVII
766 2218 890 2267 seqq.)
903 2214 994 2252 rha-

337 2271 474 2322 psodos
494 2271 738 2321 intelligimus
759 2285 842 2319 eos,
874 2273 993 2323 quiin

336 2328 442 2364 festis
461 2328 691 2364 solemnibus
711 2340 779 2378 pro
811 2340 918 2364 more
953 2336 993 2365 ut

336 2384 420 2430 alia,
450 2385 501 2420 ita
521 2385 677 2420 Homeri
704 2385 889 2434 imprimis
909 2397 994 2421 car-

339 2441 443 2476 mina
458 2440 608 2491 publice
628 2441 832 2476 recitabant
844 2441 893 2476 ita
905 2442 992 2492 qui-

340 2495 449 2543 dem,
490 2503 551 2542 ut,
591 2503 775 2547 quantum
810 2510 993 2534 numero-

343 2565 429 2588 rum
459 2553 693 2602 poeticorum
714 2553 825 2589 ferret
845 2560 990 2601 natura,

341 2607 391 2645 ad
428 2615 558 2645 cautus
594 2607 749 2659 quidem
775 2609 992 2646 similitudi-

341 2676 432 2700 nem
470 2663 663 2701 accederet
694 2666 884 2711 recitatio,
925 2666 991 2702 sed

343 2721 444 2757 vocis
490 2720 749 2757 modulatione
788 2727 935 2757 tantum
970 2736 992 2758 a

341 2789 430 2813 vero
458 2783 591 2823 cantu,
631 2785 814 2828 quantum
842 2785 948 2828 gestu
970 2792 990 2814 a

340 2845 429 2870 vera
465 2830 688 2870 histrionum
723 2835 889 2881 actione,
922 2835 991 2871 ab—

1042 538 1150 567 esset.
1207 533 1333 583 Atque
1363 533 1400 567 in
1431 544 1474 567 eo
1504 537 1696 567 certamen

1042 588 1154 623 fuisse
1173 589 1384 624 institutum
1398 618 1407 634 ,
1430 586 1614 638 ludosque
1634 599 1698 623 so-

1042 643 1185 679 lemnes
1206 657 1248 680 ac
1261 645 1443 694 publicos,
1465 645 1550 680 satis
1572 645 1697 680 testari

1042 698 1191 735 videtur
1211 701 1336 749 ipsum
1370 701 1529 736 verbum
1551 695 1698 750 α’γωνί-

1044 756 1180 800 ζεσθαι
1231 768 1252 791 a
1298 757 1432 792 Nostro
1473 755 1697 792 adhibitum.

1043 812 1130 846 Alia
1179 809 1225 846 de
1272 809 1465 862 rhapsodis
1499 825 1601 848 nunc
1635 813 1698 848 lu-

1041 867 1136 903 bens
1156 873 1304 904 transeo
1319 897 1328 914 ,
1357 880 1454 919 quae
1476 865 1549 904 huc
1569 869 1697 904 miuus

1042 923 1181 960 faciant
1197 952 1206 970 ,
1237 924 1302 959 ubi
1332 936 1410 960 non
1442 930 1521 960 tam
1542 922 1589 960 de
1608 922 1698 960 rha-

1042 979 1248 1030 psodorum
1279 979 1453 1027 historia,
1499 992 1616 1031 quam
1650 978 1699 1016 de
1724 995 1726 997 ’

1043 1037 1116 1072 loci
1154 1035 1358 1072 Herodotei
1391 1037 1699 1086 interpretatione

1043 1094 1178 1142 agitur.
1237 1093 1300 1129 Tu
1322 1092 1421 1128 conf.
1443 1099 1590 1143 praeter
1609 1092 1700 1129 Val-

1044 1147 1295 1184 ckenaeriana
1313 1147 1407 1186 adh.
1420 1149 1444 1184 l.
1459 1148 1581 1185 Wolf.
1602 1149 1701 1184 Pro-

1043 1205 1145 1254 legg.
1167 1206 1342 1242 Homerr.
1364 1217 1450 1255 pag.
1473 1206 1538 1246 98.
1564 1203 1642 1244 140
1660 1211 1699 1241 et

1045 1259 1227 1296 Heinrich
1247 1260 1458 1311 Appendic.
1482 1260 1530 1297 ad
1540 1262 1700 1311 Epime-

1044 1315 1331 1366 nid.[imprimis
1345 1317 1533 1368 pag.157]
1549 1323 1699 1352 utrum-

1045 1386 1119 1424 que
1141 1385 1162 1408 a
1191 1374 1377 1410 Creuzero
1406 1374 1446 1408 in
1468 1374 1698 1409 Cmmnentt.

1043 1428 1242 1465 Herodott.
1261 1443 1300 1480 p.
1332 1432 1412 1469 217
1434 1429 1602 1466 allatum.
1640 1430 1699 1465 Eo

1043 1487 1165 1535 magis
1184 1498 1274 1521 sane
1294 1492 1490 1521 teneamus
1518 1484 1700 1522 Herodoti

1043 1542 1304 1578 testimonium
1323 1543 1586 1591 gravissimum
1605 1540 1701 1578 illud

1045 1596 1201 1648 quidem
1230 1596 1278 1633 ad
1299 1610 1454 1633 omnem
1485 1599 1699 1634 carminum

1044 1654 1334 1689 Homericorum
1355 1652 1572 1690 historiam:
1593 1652 1699 1706 quod

1043 1711 1073 1746 si
1092 1711 1289 1760 cognitum
1307 1709 1435 1746 fuisset
1455 1710 1613 1756 Wolfio,
1634 1711 1699 1746 vix

1045 1778 1088 1801 ea
1114 1767 1316 1816 scripsisset
1343 1767 1520 1816 Prolegg.
1542 1768 1698 1803 Homer.

1042 1834 1129 1872 pag.
1171 1823 1295 1858 CXL:
1343 1823 1510 1874 „Itaque
1541 1824 1699 1859 Homeri

1042 1879 1209 1914 carmina
1223 1879 1336 1915 etiam
1344 1885 1431 1915 ante
1441 1879 1532 1916 Solo
1545 1892 1624 1915 iem
1637 1892 1700 1915 re-

1043 1936 1147 1971 citari
1167 1947 1315 1971 morem
1334 1935 1446 1971 fuisse
1467 1935 1527 1972 vel
1551 1937 1626 1972 sine
1646 1939 1699 1972 te-

1042 1993 1202 2028 stimonio
1222 1993 1344 2028 veteris
1368 1993 1547 2042 scriptoris
1566 1991 1700 2028 crede-

1046 2050 1144 2083 res.“
1194 2049 1368 2099 Namque
1394 2046 1575 2084 Herodoti
1594 2049 1700 2085 testi-

1047 2104 1176 2139 monio
1197 2105 1283 2141 satis
1303 2104 1546 2141 manifestum
1566 2104 1619 2151 fit,
1639 2105 1700 2141 vel

1048 2167 1134 2196 ante
1144 2161 1324 2197 Pisistrati
1336 2167 1510 2208 aetatem,
1525 2159 1574 2197 ad
1584 2173 1700 2212 quam

1048 2218 1339 2253 Homericorum
1359 2218 1571 2254 carminum
1591 2229 1701 2254 com-

1047 2274 1275 2323 positionem
1299 2280 1387 2310 suut
1417 2275 1481 2326 qui
1519 2274 1698 2320 reficiant,

1048 2327 1254 2380 rhapsodos
1274 2330 1408 2377 fuisse,
1449 2331 1513 2381 qui
1533 2331 1700 2366 carmina

1049 2386 1250 2422 Homerica
1293 2386 1352 2422 vel
1393 2393 1492 2422 certe
1530 2385 1699 2431 Iliadem,

1050 2455 1166 2492 quam
1194 2440 1234 2479 h.
1255 2442 1280 2478 l.
1310 2443 1415 2492 tangi
1434 2440 1612 2478 credibile
1632 2448 1698 2489 est,

1048 2499 1197 2548 publice
1228 2499 1442 2544 recitantes,
1482 2497 1530 2534 ad
1562 2498 1699 2549 Sicyo-

1048 2556 1199 2591 niorum
1228 2567 1381 2606 quoque
1419 2552 1527 2590 ludos
1561 2567 1698 2604 perve-

1047 2612 1171 2647 nerint
1203 2612 1280 2647 sive
1301 2611 1379 2646 aliis
1401 2623 1447 2645 ex
1469 2610 1577 2656 locis,
1607 2611 1697 2658 sive,

1048 2666 1151 2717 quod
1182 2667 1312 2702 malim
1329 2695 1338 2712 ,
1369 2679 1417 2702 ex
1438 2667 1513 2716 ipsa
1534 2667 1699 2716 Argivo-

1048 2736 1131 2758 rum
1152 2729 1248 2758 terra
1268 2720 1343 2758 huc
1363 2723 1545 2772 prol'ecti3
1565 2724 1604 2758 in
1624 2735 1697 2774 qua

1046 2791 1136 2814 sane
1151 2779 1352 2829 praecipua
1366 2777 1472 2816 sedes
1488 2777 1698 2829 rhapsodo-

1047 2848 1152 2883 rum3
1198 2836 1236 2871 in
1264 2848 1380 2887 quam
1410 2837 1524 2872 etiam
1546 2842 1697 2882 terram,
