1897 3340
464 299 546 339 190

861 297 1324 335 HERODOTl

463 417 651 460 ,,σφεας,
696 404 835 457 πάσας
873 404 1035 462 ὁμοίως
1073 406 1151 458 τοίς
1191 406 1230 449 τ’
1267 406 1499 461 ἐλευθέρας
1535 407 1607 450 καὶ
1642 408 1717 460 τὰς
1734 417 1775 450 10

460 471 785 529 ,,οἶμφιπόλους·
828 474 1118 530 συμφορήσας
1151 474 1197 517 ὁὲ
1227 474 1268 524 ἐς
1299 474 1490 529 ὄρυγμα,
1520 476 1719 532 Μελίσσῃ

404 540 780 596 32,,ἐπευχόμενος
806 542 1016 585 κατέκαιε.
1053 545 1190 586 ταῦτα
1220 543 1265 585 δέ
1302 544 1346 585 οἱ
1375 541 1616 597 ποιήσαντι,
1646 544 1720 586 καὶ

462 607 536 659 ,,τό
565 608 768 661 δεύτερον
798 609 1036 664 πέμψαντι,
1076 609 1236 664 ἔφρασε
1264 609 1314 653 τὸ
1342 611 1522 653 εἴδωλον
1550 609 1600 653 τὸ
1631 613 1719 654 ,Με-

460 677 636 730 ,,λίσσης
675 675 718 724 ἐς
761 675 841 718 τὸν
889 675 1100 731 κατέθηκε
1139 681 1282 732 χῶρον
1329 680 1411 730 τοῦ
1456 677 1601 729 ξείνου
1638 677 1774 734 τὴν15

460 741 874 798 ,,παρακαταθήκην.

936 747 1122 788 Τοιοῦτο
1151 745 1231 799 μέν
1259 745 1348 788 ἐστι
1376 743 1486 798 υμῖν
1514 743 1540 800 ἡ
1558 759 1718 797 τυραν-

460 810 576 861 ,,νὶς,
609 804 1025 866 ὠΛακεδαιμόνιοι,
1059 813 1133 856 καὶ
1162 812 1373 856 τοιούτων
1403 812 1553 867 ἔργων.
1583 811 1719 867 ἡμέας

403 878 533 929 33,,δὲ
561 877 665 926 τούς
695 879 964 930 Κορινθίους
992 877 1087 922 τότε
1117 877 1272 922 αὐτίκα
1299 882 1461 934 θωῦμα
1485 880 1592 935 μέγα
1621 877 1719 935 εἶχε,

458 943 556 995 ,,ὃ’τε
584 942 718 995 ὑμέας
755 947 928 1001 εἴδομεν
964 946 1372 1003 μεταπεμπομένους
1402 947 1595 1002 Ἱππίην·
1633 950 1721 989 νῦν.

459 1028 532 1064 ,,τε
570 1010 725 1067 δήκαὶ
761 1014 950 1068 μεζόνως
985 1014 1277 1070 θωυμάζομεν
1318 1015 1522 1070 λέγοντας
1559 1017 1717 1057 ταῦτα·

461 1078 870 1136 ,,ἒπιμαρτυρόμεθά
888 1098 947 1134 τε,
974 1081 1299 1137 ἐπικαλεόμενοι
1319 1081 1426 1138 ὑμῖν
1455 1079 1590 1132 θεοὺς
1617 1078 1776 1130 τούςΞΟ

459 1145 754 1204 ,,Ἑλληνιόυς,
789 1148 850 1206 μὴ
889 1150 1144 1194 κατιστάναι
1171 1151 1435 1205 τυραννίδας
1471 1149 1513 1201 ἐς
1541 1148 1618 1201 τὰς
1645 1146 1718 1192 πό-

402 1373 581 1430 φόρους]
613 1379 639 1415 i.
670 1392 704 1415 e.
733 1379 824 1416 clam
843 1383 875 1417 et
887 1391 951 1430 per
969 1381 1063 1417 insi-

354 1464 358 1468 .
403 1435 484 1472 dias
510 1437 710 1473 constitutis
730 1435 862 1472 adhoc
889 1436 1063 1474 satelliti-

403 1492 467 1528 bus
483 1494 567 1528 suis.
591 1514 594 1516 -
619 1493 683 1528 Sic
703 1493 802 1539 vul,
819 1495 868 1533 91
893 1492 1064 1544 Αἰγινῆ-

402 1563 468 1587 ται
482 1545 727 1594 ’ὑποστάντες
747 1555 835 1585 suut
854 1549 1063 1599 Aeginetae

401 1607 438 1641 in
459 1604 599 1641 insidiis
618 1608 749 1642 stantes
768 1618 796 1642 s.
819 1605 990 1644 collocati.
1011 1627 1059 1632 —

400 1661 525 1697 'Verba
553 1674 659 1712 seqq.
689 1660 756 1699 καὶ
784 1657 855 1707 τὰς
879 1656 1061 1710 ἀμφιπό-

400 1719 495 1763 λους
525 1718 646 1767 attigit
674 1716 848 1753 Eustath.
878 1717 925 1753 ad
958 1718 999 1753 ll.
1021 1730 1057 1767 p.

401 1772 507 1819 394,
537 1776 589 1813 27
621 1786 651 1810 s·
679 1775 772 1819 298,
804 1773 872 1813 50.
907 1796 959 1801 —
997 1772 1059 1809 Ad

402 1828 600 1879 κατέθηκε
619 1829 925 1867 subaudiendum
938 1826 981 1869 vd
1004 1829 1060 1869 εἴ·

402 1886 545 1925 δωλον.

465 1943 631 1981 Τοιοῦτο
665 1940 736 1993 μέν
781 1940 860 1981 ἔστι
896 1939 994 1992 υμῖν
1031 1940 1060 1991 ἦ

401 1997 589 2048 τυραννὶς
607 2020 664 2026 --
685 1996 751 2037 καὶ
779 1994 971 2038 τοιούτων
996 1996 1059 2048 ε’ρ-

400 2056 509 2105 γων]
559 2056 611 2090 M
612 2056 658 2090 ile
680 2056 772 2091 olim
790 2057 971 2094 τοιοῦτον
994 2053 1059 2105 ε’ρ·

399 2126 485 2162 γον.
524 2110 844 2156 Valckenaerius‚
874 2112 935 2148 cui
956 2111 1059 2147 San-

401 2167 511 2204 crofti
548 2168 631 2204 libri
669 2169 780 2204 lectio
821 2170 956 2220 (quam
989 2180 1058 2203 nos

401 2237 492 2260 cum
513 2223 730 2274 Schweigh.
754 2232 790 2261 et
811 2225 925 2261 Gaiss.
948 2222 1058 2259 exhi-

399 2277 583 2331 buim'us)
629 2280 816 2331 displicet,
857 2280 905 2317 ad
943 2280 1058 2316 verba

400 2338 557 2376 τοιοῦτο
572 2335 642 2387 μέν
664 2336 741 2376 ἐστι
758 2336 856 2387 ὑμῖν
875 2335 904 2386 ἦ
916 2351 1055 2387 τυραν-

401 2392 464 2439 νὶς
499 2392 686 2432 diversam
717 2395 809 2430 olim
830 2392 1055 2443 adscriptam

400 2449 513 2486 fuisse
551 2449 690 2486 codicis
735 2451 938 2487 lectionem
970 2448 1055 2497 (καὶ

399 2503 620 2553 τοιούτων)
672 2505 794 2557 ἔργων
833 2507 1052 2542 arbitratur:

402 2562 519 2614 (quae
541 2561 674 2599 eadem
703 2564 901 2610 sententia,
931 2561 1055 2600 iudice

400 2617 584 2655 Valcken.
610 2620 656 2655 ab
686 2620 765 2657 aliis
789 2620 841 2656 sic
863 2620 1056 2669 exprime-

401 2682 522 2712 retur:
554 2677 716 2714 τοιαῦτα
747 2675 818 2726 μέν
845 2675 924 2715 ἐστι
959 2673 1056 2725 ύμῖν

400 2728 447 2771 τὰ
484 2734 554 2782 τῆς
578 2733 834 2783 τυραννίδος,
861 2726 892 2770 ὦ
918 2734 1056 2770 Λακε-

401 2784 626 2839 δαιμόνιοι)
670 2801 745 2840 quo
773 2788 909 2825 eodem
940 2787 1054 2823 niodo

401 2846 515 2881 etiam
535 2846 756 2896 inproximf¹
773 2858 877 2897 seqq.
900 2843 946 2881 ad
969 2858 1055 2881 ver-

400 2901 447 2938 ba
484 2900 608 2952 ἡμέας
646 2897 794 2948 αὐτούς
824 2901 1055 2952 adscriptum

1117 1379 1231 1416 fuisse
1261 1385 1372 1430 ptaut
1392 1375 1487 1425 τούς
1510 1376 1773 1430 Κορινθίους.

1117 1434 1214 1472 Mihi
1224 1443 1402 1472 neutrum
1414 1436 1536 1486 placet
1552 1435 1594 1471 in
1607 1447 1652 1470 eo
1660 1446 1775 1484 prae-

1118 1494 1248 1529 sertim
1267 1494 1471 1543 scriptore,
1492 1492 1611 1544 qualis
1631 1491 1776 1527 estne-

1118 1547 1274 1585 rodotus
1294 1550 1499 1587 verborum
1518 1546 1621 1584 haud
1640 1558 1776 1598 parcus

1117 1604 1299 1656 idemque
1330 1606 1506 1641 orationis
1527 1605 1775 1655 perspicuita—

1115 1662 1162 1697 tis
1211 1673 1333 1711 quam,
1366 1662 1534 1697 maxime
1573 1659 1773 1697 studiosus.

1114 1718 1250 1766 Attigit
1281 1715 1383 1754 hunc
1411 1718 1542 1753 locum
1566 1714 1703 1752 Matth.
1733 1717 1774 1752 in

1116 1774 1182 1810 Gr.
1204 1774 1269 1809 Gr.
1290 1786 1378 1824 pag.
1400 1775 1501 1820 623,
1533 1774 1574 1809 in
1594 1785 1671 1824 quo
1694 1786 1775 1810 τοι-

1116 1825 1247 1868 ούτων
1281 1829 1402 1881 ἔργων
1436 1828 1516 1869 ε’στὶ
1539 1846 1564 1880 η
1587 1826 1775 1882 τυραννὶς

1114 1885 1219 1922 idem
1240 1887 1365 1923 valere
1385 1886 1437 1922 ait
1465 1893 1579 1938 atque
1610 1886 1774 1924 τοιαῦτα

1115 1941 1208 1993 ε’ργα
1228 1938 1439 1994 ἐργάζεται.
1463 1964 1520 1969 —
1545 1944 1640 1979 Mox
1659 1953 1774 1992 repo—

1113 2000 1172 2034 sui
1191 2002 1340 2049 θωῦμα
1360 2006 1397 2036 et
1416 1995 1682 2050 θωυμάζομεν
1702 2009 1772 2048 pro

1114 2057 1237 2105 θῶμα
1256 2062 1293 2092 et
1312 2052 1564 2105 θωμάζομεν.

1158 2108 1509 2162 ἐπιμαρτυρόμεθά
1521 2126 1560 2151 τε
1573 2106 1773 2150 ἐπικαλεό-

1112 2181 1224 2218 μενοι
1245 2166 1341 2218 ύμῖν
1364 2165 1488 2214 θεούς
1517 2165 1611 2214 τούς
1637 2166 1774 2217 Ἑλλη-

1113 2224 1244 2271 νίους]
1262 2225 1286 2261 i.
1302 2238 1333 2260 e.
1351 2225 1575 2261 Obtestamur
1587 2237 1656 2269 vos,
1668 2226 1772 2261 invo-

1112 2284 1230 2318 cantes
1243 2281 1319 2317 deos
1329 2282 1498 2318 Graeciae
1510 2281 1699 2330 praesides,
1710 2280 1772 2317 vel

1112 2338 1236 2386 potius
1247 2337 1470 2374 obtestamur
1482 2337 1559 2374 cleos
1570 2338 1664 2374 vobis
1675 2339 1770 2374 invo-

1113 2396 1241 2433 cantes.
1263 2394 1334 2429 Ubi
1346 2395 1576 2429 accusativus
1588 2390 1710 2438 θεοὺς
1721 2391 1768 2429 ad

1111 2450 1273 2486 verbum
1317 2445 1666 2500 ἐπιμαρτυρόμεθα
1702 2462 1768 2485 ae-

1113 2518 1186 2556 que
1215 2513 1328 2557 atque
1370 2502 1668 2556 ἐπικαλεόμενοι
1705 2518 1768 2541 re-

1112 2562 1200 2598 ferri
1236 2563 1385 2613 poterit.
1452 2563 1631 2599 Dativum
1671 2559 1770 2613 ’ὑμῖν

1113 2618 1293 2669 equidem
1321 2620 1441 2655 refero
1472 2618 1520 2655 ad
1556 2617 1770 2669 ε’,τιμαρτυ-

1114 2672 1269 2725 ρόμεθα
1298 2682 1339 2712 nt
1374 2676 1417 2721 V,
1460 2676 1532 2715 93:
1571 2675 1770 2714 Λακεδαι-

1113 2732 1288 2781 μονίοισί
1301 2747 1339 2771 τε
1358 2730 1703 2782 ἕπεμαρτι.’ρὲοντο.
1715 2753 1765 2759 -

1111 2787 1172 2823 Ad
1194 2789 1306 2825 verba
1327 2802 1432 2840 seqq.
1456 2783 1685 2826 κατιστάναι
1717 2807 1769 2814 -

1112 2843 1151 2889 ἐς
1181 2841 1252 2891 τας
1288 2842 1418 2891 πόλεις
1458 2844 1559 2881 cons.
1591 2851 1686 2882 nott.
1719 2841 1767 2880 ad

1111 2901 1156 2947 Y,
1181 2903 1242 2941 12.
