1897 3340
83 362 151 409 40

633 180 938 220 ERATo.
994 181 1071 220 VI.
1402 183 1487 223 275

219 297 452 347 τακοσίους
486 291 663 351 βόσκων
698 287 980 346 ἐπικούρους,
1021 289 1096 334 καὶ
1119 289 1264 346 γαμέει
1302 287 1489 402 ὈλόρΟου

218 370 298 409 τοῦ
331 366 533 420 Θρηίκων
555 362 758 418 βασιλέος
784 359 1008 415 θυγατέρα
1034 356 1342 415 Ἡγησιπύλην.
1455 353 1472 360 ”

214 450 288 485 τος
317 433 363 476 δὲ
393 430 416 475 ὁ
449 432 653 485 Κίμωνος
684 426 954 484 Μιλτιάδης,
990 427 1145 470 νεωστὶ
1172 427 1250 484 μὲν
1280 426 1607 483 ἐληλύθεε15,,(.ζι
1586 458 1648 475 ,,,,
1676 459 1696 475 ,,
1691 457 1816 485 mm„

185 500 264 552 259
302 515 384 556 την
420 496 730 554 Χερσόνησον·
770 495 1069 553 κατελάμβανε
1108 494 1154 539 δέ
1183 511 1260 552 μιν
1297 494 1486 540 ἐλθόντα

156 649 206 688 acl
236 662 370 700 reges,
409 650 509 687 viros
539 649 728 699 principes
757 649 820 686 vel

154 708 321 745 civitates
343 719 433 743 eum
452 708 493 743 in
513 706 632 742 finem
652 706 819 757 publici-

152 770 213 801 tus
251 764 367 814 legati
404 763 666 800 mittebantur.
736 763 818 799 Ae-

152 818 274 857 schin.
317 834 349 859 c.
380 818 547 871 Ctesiph.
585 834 625 871 p.
663 821 729 868 88,
760 822 816 860 22

151 877 223 927 [p.
246 876 328 918 634
347 876 493 925 Reisk]
516 877 699 914 Funebris
713 876 814 913 conf.

150 933 362 970 Alexandri
389 933 556 971 laudatio
587 936 628 970 in
659 932 816 970 Aristid.

150 990 278 1041 T.1p.
302 990 395 1032 142.
424 992 498 1028 Dio
528 989 720 1042 Chrysost.
750 991 814 1027 Or.

150 1048 226 1084 XII
253 1061 292 1098 p.
330 1050 408 1088 198
433 1049 480 1085 Β.
537 1048 647 1085 Idem
666 1049 707 1084 in
726 1048 816 1084 tali-

150 1104 222 1141 bus
252 1105 516 1154 significabant
547 1106 664 1143 verba
695 1099 816 1143 συνά-

150 1165 348 1212 χθεσθαι,
380 1165 610 1212 συναλγεῖν,
641 1173 817 1212 συμπεν-

151 1220 304 1267 θῆσαι,
336 1214 582 1268 συμπάσχειν
613 1225 650 1254 et
677 1221 816 1256 συλλυ-

151 1277 332 1313 πεῖσθαι.
391 1275 552 1323 Contra,
582 1276 643 1311 vel
675 1275 723 1311 ob
754 1275 816 1311 vi-

151 1331 312 1367 ctoriam
332 1339 562 1382 reportatam
591 1333 653 1369 vel
681 1333 720 1367 in
743 1332 815 1368 alia

151 1400 192 1423 re
215 1388 333 1435 laeta,
363 1389 573 1438 legationes
605 1389 815 1425 mitteban—

151 1450 235 1492 tur,
265 1457 364 1496 quae
394 1447 593 1483 civitatum
626 1444 813 1495 gaudium

148 1501 228 1538 sive
242 1514 377 1539 verum
388 1503 466 1539 sive
486 1502 631 1550 fictum,
652 1502 817 1538 nuncia-

148 1564 246 1606 rent,
262 1555 615 1623 συνησθησόμενοι
636 1559 698 1596 vel
720 1570 816 1610 συγ-

148 1627 412 1666 χαρησομενοι
427 1617 477 1669 τῇ
494 1615 586 1668 νίκῃ
608 1615 815 1666 apudDio-

148 1669 231 1708 dor.
248 1671 326 1710 Sic.
338 1673 459 1719 XVII,
482 1671 535 1714 48
548 1675 677 1713 et113
700 1673 815 1709 alios-

149 1729 268 1780 que.“
317 1728 535 1766 Valcken.
592 1730 688 1766 Mox
726 1728 813 1768 ἐπι-

147 1781 322 1835 κούρους
338 1786 508 1836 intelligo
529 1786 700 1824 satellites
711 1786 811 1824 mili-

148 1844 200 1878 tes
220 1841 486 1892 stipendiarios,
515 1849 558 1879 ut
577 1844 642 1890 III,
663 1842 705 1883 4.

191 1895 478 1949 Ἡγησιπύλην]
486 1900 713 1950 Hegesipyle
725 1906 810 1950 post

144 1954 324 1992 Miltiadis
353 1963 519 1993 mortem
548 1957 611 1992 alii
643 1954 810 1993 Atheni-

147 2012 227 2047 ensi
258 2013 387 2063 nupsit
425 2015 531 2061 viro,
561 2012 665 2049 unde
686 2014 808 2049 filium

146 2068 305 2105 olorum
325 2071 499 2121 suscepit,
520 2072 587 2122 qui
599 2072 679 2121 ipse
694 2069 810 2107 Thu-

146 2124 313 2176 cydidis,
360 2127 596 2164 celeberrimi
628 2125 808 2175 historici,

147 2189 226 2219 erat
237 2189 355 2233 pater.
377 2185 475 2221 Hinc
490 2182 664 2233 Seuthes,
677 2183 809 2221 Thra-

146 2251 236 2275 cum
254 2253 324 2276 rex
344 2248 525 2291 cognatos
554 2255 593 2278 se
624 2255 735 2278 nosse
756 2243 809 2278 ait

143 2294 396 2334 Athenienses
429 2299 712 2350 benevolosque
733 2297 805 2335 ha*

143 2351 234 2389 bere
269 2355 422 2393 amicos.
485 2354 573 2392 Vid.
621 2353 803 2406 Xenoph.

143 2408 270 2446 Anab.
291 2411 371 2458 Vll,
394 2413 420 2450 2
435 2412 471 2456 ξ.
484 2414 608 2452 3l.——-
623 2411 805 2463 βασιλέος

147 2466 262 2517 paulo
284 2473 372 2504 ante
393 2465 482 2503 dedi
500 2481 569 2519 pro
598 2469 804 2521 βασιλῆος.

373 2556 466 2608 Cap.
494 2558 581 2595 XL.

200 2632 473 2687 κατελάμβανε
487 2634 529 2675 δέ
551 2650 619 2687 μιν
636 2630 808 2676 ἐλθόντα

148 2686 247 2728 α’λλα
257 2704 337 2730 των
356 2688 604 2743 κατεχόντων
625 2690 808 2744 πρηγμά-

145 2760 225 2784 των
245 2746 509 2799 χαλεπωτερα]
538 2745 808 2800 κατελάμβανε

146 2802 314 2852 positum
343 2811 387 2840 ut
415 2806 480 2853 VI,
512 2808 566 2847 38
603 2804 806 2857 κατέλαβε.

876 647 971 683 Mox
999 643 1047 686 τά
1077 644 1291 698 κατέχοντα
1328 642 1542 699 πρήγματα

875 711 965 740 sunt
985 717 1050 751 res,
1069 716 1168 755 quae
1188 717 1291 740 nunc
1309 717 1400 740 eum
1420 716 1540 756 quam

873 762 1045 798 maxime
1069 767 1225 808 tenent,
1257 762 1283 797 i.
1305 774 1337 801 e,
1366 773 1420 798 res
1435 774 1542 812 prae-

872 822 983 855 sentes
1001 831 1031 854 s.
1053 831 1140 867 quae
1155 820 1190 854 ei
1218 817 1430 854 acciderunt.
1451 819 1539 854 Non

873 875 981 911 aliter
1000 876 1079 911 fere
1093 873 1267 925 κατέχειν
1287 875 1316 921 I,
1339 874 1405 915 65.
1427 876 1539 922 „Hoc

873 938 1003 969 autem
1021 932 1107 968 loco
1130 931 1190 981 (ut
1207 931 1540 979 Schweighaeuseri

872 996 958 1026 utar
995 989 1149 1039 verbis)
1190 987 1295 1025 haud
1324 987 1438 1024 dubie
1470 1002 1540 1026 eae

872 1059 932 1082 res
972 1046 1258 1095 intelliguntur,
1309 1044 1357 1081 de
1399 1046 1537 1097 quibus

874 1102 1046 1154 Scriptor
1065 1110 1195 1139 noster
1212 1116 1295 1153 cap.
1323 1105 1389 1149 33,
1412 1103 1538 1153 prius-

873 1173 992 1211 quam
1030 1158 1130 1196 hanc
1180 1159 1454 1210 digressionem
1487 1159 1537 1196 de

872 1217 1057 1267 superiori
1076 1216 1257 1263 Miltiade,
1279 1217 1403 1267 primo
1415 1214 1538 1253 Cher-

871 1274 995 1310 sonesi
1016 1280 1200 1325 tyranno,
1226 1273 1408 1320 instituit,
1430 1273 1537 1325 loqui

871 1337 1067 1381 coeperat,
1121 1343 1213 1382 quas
1256 1343 1352 1366 mox
1396 1328 1537 1367 deinde

870 1400 931 1437 cp.
943 1386 993 1427 41
1009 1399 1201 1437 exponere
1214 1387 1377 1437 pergit.“
1398 1387 1535 1439 Itaque

872 1456 939 1490 ea,
982 1457 1080 1495 quae
1121 1457 1203 1494 cap.
1236 1442 1285 1483 41
1312 1451 1536 1481 enarrantur

871 1512 962 1536 cum
982 1501 1038 1547 iis,
1063 1513 1161 1551 quae
1182 1513 1265 1550 cap.
1288 1502 1339 1540 33
1360 1499 1536 1550 produn-

871 1562 956 1604 tur,
1015 1563 1117 1593 arcte
1167 1557 1343 1593 connecti
1377 1556 1534 1597 debent.

870 1612 983 1650 Unde
1014 1626 1080 1660 ea,
1103 1614 1260 1663 opinor,
1281 1614 1357 1650 loci
1376 1621 1535 1652 senten-

870 1671 945 1707 tia:
977 1669 1077 1707 Huic
1096 1669 1272 1708 Miltiadi
1297 1670 1455 1708 Cimonis
1478 1673 1535 1722 fi-

869 1727 917 1764 lio
965 1724 979 1778 (
992 1740 1072 1764 non
1122 1729 1240 1777 priori
1284 1728 1340 1764 illi
1389 1729 1535 1765 Miltia-

870 1783 930 1831 di,
994 1784 1147 1835 Cypseli
1198 1785 1276 1820 filio
1290 1813 1300 1833 ,
1358 1782 1406 1820 de
1455 1798 1534 1838 quo

866 1840 907 1876 in
929 1839 1161 1890 digressione
1192 1840 1283 1877 inde
1312 1853 1334 1877 a
1364 1853 1447 1892 cap.
1478 1840 1533 1882 34

865 1898 1036 1934 instituta
1057 1898 1261 1948 retulerat)
1291 1899 1412 1935 statim
1436 1902 1533 1948 post-

867 1967 972 2004 quam
1000 1954 1189 1992 advenerat
1216 1957 1254 1992 in
1285 1953 1533 1994 Chersonesum

865 2012 929 2061 (ac
949 2024 1074 2062 nuper
1090 2011 1248 2048 demum
1268 2011 1332 2047 ille
1361 2010 1534 2049 advene-

864 2068 951 2118 lat)
979 2071 1149 2117 graviora
1178 2069 1387 2106 acciderunt
1419 2069 1532 2118 mala,

867 2138 971 2175 quam
991 2139 1080 2175 quae
1099 2138 1213 2172 nunc,
1236 2125 1532 2174 aggredientibus

865 2182 1100 2220 Phoenicibus
1128 2182 1336 2232 Persisque,
1373 2183 1530 2220 immine-

865 2239 963 2277 bant.
996 2241 1133 2287 „Nunc
1147 2238 1263 2287 enim,
1286 2245 1328 2275 ut
1348 2251 1430 2289 cap.
1446 2252 1529 2292 seq.

863 2303 1038 2332 narratur
1073 2297 1142 2346 (ita
1178 2295 1283 2332 idem
1323 2294 1528 2346 Schweig-

860 2350 1085 2402 haeuserus)
1112 2351 1282 2389 Athenas
1295 2366 1385 2389 eum
1399 2354 1531 2389 omni-

858 2410 931 2447 bus
942 2411 1015 2447 suis
1026 2410 1171 2460 opibus,
1194 2423 1261 2460 per
1277 2411 1399 2446 otium
1412 2410 1530 2461 quin-

861 2479 937 2519 que
966 2467 1181 2504 triremibus
1201 2468 1408 2517 impositis,
1428 2467 1529 2503 ultro

858 2522 1030 2560 Athenas
1042 2530 1227 2574 repetens,
1239 2537 1358 2560 unam
1370 2522 1529 2575 quidem

864 2594 1006 2618 navem
1044 2582 1169 2618 amisit
1206 2593 1228 2617 a
1270 2579 1530 2617 Phoenicibus

866 2650 956 2673 cum
983 2638 1062 2674 filio
1076 2650 1144 2674 suo
1166 2644 1317 2687 captam
1330 2667 1341 2685 ,
1377 2635 1444 2673 sed
1464 2635 1526 2670 ni-

862 2691 918 2729 hil
937 2695 1028 2730 mali
1039 2693 1176 2731 accidit
1195 2694 1285 2741 filio,
1317 2706 1434 2744 quem
1453 2690 1526 2727 ad-

862 2749 1026 2787 modum
1065 2753 1180 2787 etiam
1210 2751 1414 2787 liberaliter
1452 2759 1524 2784 rex

861 2807 1066 2845 Persarum
1094 2808 1264 2856 excepit,
1298 2805 1409 2843 tertio
1429 2816 1521 2843 vero

1143 2866 1194 2904 18
1216 2859 1242 2885 *²

1544 346 1726 399 Scytharum
1747 359 1767 378 a

1545 382 1629 408 Dari«
1612 392 1638 408 ιι)
1663 383 1719 408 1;ι·ιι
1730 386 1815 411 *sito

1544 416 1733 443 runninCht
1720 427 1765 443 r
1754 428 1799 444 ι

1546 483 1661 510 Miltia(
1655 483 1761 519 ‹li-xqen
1781 485 1817 511 ob

1543 517 1710 552 eaiulnga.
1743 520 1817 553 Scy-

1877 154 1897 426 {³

1881 465 1895 500 θ,
