1897 3340
495 179 588 215 ΕΤ
647 177 1156 215 CORRIGENDA.
1485 186 1569 224 8123

305 286 412 320 minus
437 290 530 321 recte
554 287 649 320 dedit
672 284 717 326 ἐς
741 284 782 321 τὸ
799 298 836 320 τ
841 288 917 328 ἴχος
941 281 1131 326 ἐσάξαντο,
1156 285 1250 318 hoc
1243 298 1346 330 ipsum
1381 291 1428 324 ita
1461 293 1570 337 expli-

304 338 376 366 cat:
404 333 454 371 εἰς
479 331 520 368 τό
546 346 582 367 τ
569 337 664 377 .ἴχος
690 330 772 376 r'jycq
774 344 836 370 ὀν,
864 330 1028 375 ἕμβασαν
1053 331 1105 369 εἰς
1129 329 1171 364 τὸ
1198 331 1389 374 φρούριον,

360 379 444 414 ΙὺίιΙ.
482 379 516 413 in
548 381 646 414 alter.
680 380 798 412 colum.
833 378 890 413 lin.
915 379 935 412 7
961 378 1003 411 ab
1031 377 1088 410 inf.
1114 388 1175 421 pro
1199 379 1374 421 uncisque
1395 382 1568 424 lrNJgenlum

301 425 408 458 uncis.

83 468 135 502 Ad
160 468 202 511 V,
225 469 271 504 36
295 480 374 514 pag.
398 472 455 506 56.
504 470 554 504 Ad
578 469 778 504 locutionem
795 465 942 512 γνώμην
966 465 1189 510 ἐκφέρεσθαι
1208 469 1296 501 conf.
1319 468 1446 501 Herod
1474 472 1569 513 xm,

308 517 364 550 68.
415 516 513 556 Quod
537 515 688 568 sequitur
712 516 763 547 zo
756 513 908 558 ὀποιός
933 515 1022 548 haud
1048 513 1137 547 aliud
1162 526 1238 547 esse
1263 517 1365 558 atque
1397 515 1458 546 λον
1441 515 1570 558 ¹079(-

302 573 374 604 φος
398 561 570 596 contendit
595 560 766 594 Heinecke
791 562 934 616 (Ueber
958 561 1086 594 Homer
1111 561 1178 593 und
1204 560 1382 603 13curg.)
1408 571 1485 604 pag.
1511 563 1568 595 57.

81 605 135 640 Ad
161 606 203 648 V,
227 608 272 642 38
296 606 353 640 fin.
379 619 446 650 pag
424 619 455 649 g.
484 609 539 642 58.
590 607 638 639 Ad
664 608 767 639 verba
792 604 881 645 τοὺς
898 604 929 640 δ’
956 604 1062 651 ἔλαβε
1086 604 1291 647 τυράννους
1314 618 1346 639 κ.
1370 618 1400 638 τ.
1429 607 1457 639 λ.
1483 611 1569 641 conf.

301 653 468 696 Hartung.
494 652 606 685 Lehre
622 652 697 686 wad.
719 652 843 696 griech.
871 654 1003 687 Partik.
1027 653 1089 697 lp.
1106 654 1184 693 176,
1208 652 1266 697 qui
1291 651 1393 685 etiam
1417 651 1466 684 ibi
1491 664 1569 685 con-

299 699 368 732 fert
393 698 554 731 Herodot.
578 698 604 740 l,
634 701 708 733 171.
739 699 799 739 IX,
826 700 880 732 85.

84 744 134 776 Ad
161 744 199 781 V,
224 744 269 779 39
292 756 370 788 pag.
397 747 452 777 60.
500 744 556 780 Iis.
581 756 668 787 quae
692 745 735 777 de
759 744 948 788 particulae
972 740 1064 776 ἀλλὰ
1082 755 1143 776 usu
1160 743 1315 783 diximus,
1340 742 1426 776 adde
1441 743 1570 776 Herod.

297 790 450 829 183120
473 795 508 823 et
526 791 613 823 cont'.
641 790 807 834 Han-,tung
830 791 852 826 l.
878 792 900 824 Ι.
925 791 1022 824 Tom.
1040 790 1072 823 11
1096 801 1129 833 p.
1143 790 1199 830 40,
1223 789 1282 834 qui
1305 792 1484 835 utrumque
1497 790 1570 823 He-

295 835 405 869 rodoti
430 839 538 869 locum
563 835 701 869 excitat.

79 879 130 913 Ad
154 881 197 921 V,
219 879 264 916 44
289 881 346 914 fin.
374 894 446 925 pag
475 884 530 917 69.
581 882 644 914 Pro
668 881 787 915 ταῦτα
811 878 849 914 δὲ
877 893 930 914 ων
956 893 1062 915 ουτοι
1096 878 1239 923 λέγουσι
1266 879 1443 913 Bekkerus
1475 880 1569 913 dedit

296 927 418 960 ταῦτα
444 925 475 960 δ’
502 927 549 960 αύ
578 939 684 961 ουτοι
707 925 859 970 λέγουσι.
907 927 999 960 Idem
1024 939 1101 960 mox
1118 939 1192 984 cap.
1225 926 1269 961 45
1295 926 1387 959 dedit
1411 927 1568 979 Κρᾶθιν

298 978 376 1017 (pro
400 971 482 1015 Κρεὲ
486 977 579 1012 στιν)
604 981 638 1006 et
663 974 760 1026 paulo
786 985 845 1016 pos
831 981 862 1005 st
887 971 958 1006 ἐπ’
985 969 1006 1007 ὂ
1033 976 1112 1018 (pro
1124 969 1178 1006 ἐπ’
1203 971 1252 1016 ῳ)
1279 970 1317 1005 δὲ
1335 969 1477 1015 ἐστάλη.
1496 972 1567 1006 Sed

298 1019 418 1052 merito
443 1020 530 1052 idem
554 1019 693 1052 retinuit
713 1017 977 1063 πολλαπλήσια.

76 1063 128 1097 Ad
153 1064 195 1106 V,
220 1065 264 1099 49
290 1077 366 1109 pag
395 1067 451 1100 77.
498 1065 564 1098 Pro
583 1063 775 1108 Χοάσπην,
800 1068 889 1109 quod
915 1077 974 1098 nos
999 1064 1172 1105 dedimus,
1209 1076 1228 1098 a
1260 1063 1417 1097 Bekkero
1451 1068 1568 1097 reten-

296 1118 328 1143 te
323 1123 364 1144 .m
385 1121 458 1143 esse
481 1111 580 1144 video
609 1112 775 1155 sulgatam
798 1111 975 1145 lectionem
1001 1109 1190 1145 ᾘΧοασπέα.

75 1155 128 1188 Ad
153 1156 196 1198 V,
221 1157 266 1191 50
289 1168 367 1200 pag.
391 1158 447 1191 80.
496 1157 548 1190 Ad
572 1169 667 1191 usum
690 1157 881 1202 particulae
902 1169 954 1190 ων
978 1157 1012 1190 in
1045 1158 1160 1190 v·eibis
1192 1153 1285 1199 λέγει
1317 1150 1348 1188 δ’
1383 1148 1444 1188 ὦν
1477 1156 1566 1189 conf.

299 1203 466 1246 Hartung.
490 1202 509 1235 l.
537 1203 559 1236 1.
585 1203 683 1237 T-om
709 1204 723 1236 1
750 1215 832 1257 pag.
854 1205 930 1238 186.
946 1225 989 1229 —
1014 1203 1053 1236 In
1081 1203 1149 1236 fine
1172 1214 1254 1253 cap.
1275 1207 1311 1234 et
1334 1202 1506 1234 Bekkerus
1531 1206 1567 1234 et

298 1247 423 1292 Negris
459 1248 626 1282 dederunt
657 1247 767 1292 λόγον
791 1246 946 1290 ἐύεπέας
986 1250 1040 1282 liic
1064 1248 1205 1302 exponit
1231 1245 1447 1291 ἀρέσκοντα.
1494 1247 1530 1279 S
1534 1247 1566 1280 d

291 1294 335 1337 V,
362 1297 401 1328 51
423 1306 483 1339 pro
508 1291 545 1333 ἐς
571 1294 620 1328 οὐ
648 1295 820 1328 Bekkerus
843 1296 982 1328 retinuit
1006 1293 1042 1334 ἐς
1067 1291 1100 1328 δ’.
1147 1295 1239 1327 Idem
1265 1306 1339 1338 cap.
1373 1295 1418 1328 52
1452 1305 1480 1326 c.
1506 1293 1564 1326 fin.

295 1346 375 1384 post
398 1341 518 1374 verba·
547 1341 708 1383 σταθμοί
732 1341 800 1374 εἰσι
824 1339 923 1375 τέσσὲ
929 1353 988 1383 ρες
1011 1341 1152 1374 lacunae
1176 1340 1228 1383 5ἰι
1218 1352 1273 1372 na
1297 1340 1419 1383 posuit.

74 1385 126 1419 Ad
151 1385 194 1428 V,
218 1387 263 1421 53
287 1397 365 1431 pag.
391 1387 447 1420 86.
496 1387 548 1419 De
584 1388 786 1420 Memnoniis
820 1399 1004 1431 eorumque
1038 1387 1265 1432 appe¹latione
1299 1391 1403 1429 atque
1435 1383 1566 1427 origine

294 1432 447 1477 pluribus
471 1437 601 1466 tractat
624 1433 812 1466 Letionnv:
838 1434 889 1466 La
914 1438 1027 1466 statue
1051 1435 1093 1466 de
1119 1433 1286 1465 Memnon.
1317 1430 1431 1469 (Paris
1459 1432 1564 1473 1833)

294 1490 373 1523 pag.
404 1480 447 1513 71
474 1479 548 1512 coll.
574 1481 671 1513 61—
683 1481 738 1514 64.
763 1481 818 1513 82.
868 1479 953 1512 Cum
989 1478 1085 1533 enim.
1109 1491 1155 1511 τα
1182 1479 1240 1511 M<
1229 1475 1397 1520 ζμνόνιῑ-ια
1431 1488 1494 1510 vox
1520 1477 1566 1509 sit

295 1524 526 1568 Aegyptiacae
547 1524 684 1567 originis
709 1527 816 1558 locum
842 1531 1036 1569 cryptarum
1059 1524 1128 1557 sive
1153 1537 1204 1558 mo
1190 1531 1361 1558 armenum
1386 1523 1564 1564 denotans,

292 1569 371 1603 inde
394 1570 639 1614 explicandum,
664 1574 722 1615 qui
744 1573 870 1604 fautum
896 1571 953 1613 sit,
977 1577 1014 1604 ut
1037 1571 1165 1604 Graeci
1192 1571 1414 1611 Memnonem,
1438 1569 1494 1613 qui
1520 1548 1564 1602 ad

292 1615 455 1649 orientem
478 1616 550 1649 sive
573 1616 684 1650 Asiam
710 1617 947 1661 pe1·tineat‚in
972 1620 1161 1670 Aegjptum
1186 1628 1227 1649 ac
1251 1616 1389 1648 Thebas
1411 1621 1564 1648 transtu-

291 1661 405 1696 lerint.
465 1661 534 1696 Sed
568 1662 611 1697 de
644 1663 694 1696 his
726 1663 799 1707 ipse
829 1663 957 1697 viderit
999 1662 1053 1696 vir
1094 1661 1307 1696 doctissimus
1339 1667 1442 1706 atque
1482 1672 1564 1694 acu-

292 1707 454 1742 tissimus,

74 1753 126 1787 Ad
150 1754 193 1797 V,
218 1754 263 1789 55
292 1765 372 1807 pag.
399 1754 454 1788 88.
501 1753 616 1795 Locis,
648 1753 680 1787 in
711 1754 834 1799 quibus
864 1754 1087 1799 praeteritum
1123 1758 1158 1788 et
1181 1764 1342 1798 praesens
1352 1757 1498 1807 teinpus
1525 1763 1564 1786 se

293 1799 437 1832 invicem
462 1799 646 1844 excipiunt,
671 1801 758 1834 adde
783 1802 828 1834 sis
852 1800 1206 1841 Heiodot.v11‚115
1235 1800 1307 1832 init.
1336 1795 1410 1831 α’νά
1444 1809 1481 1831 τε
1521 1794 1561 1830 ἐ-

294 1845 447 1887 δραμε
471 1865 518 1870 -
541 1845 603 1879 καὶ
628 1844 812 1889 πέμπει.
865 1846 1043 1880 Heindorf.
1069 1846 1111 1880 ad
1139 1846 1269 1879 Platon.
1298 1845 1422 1878 Phaed.
1451 1856 1483 1888 p.
1497 1845 1563 1879 123

293 1903 364 1934 seq.
390 1894 464 1926 Ast.
488 1891 530 1924 ad
556 1893 689 1926 Platon.
714 1893 841 1925 Phaed.
866 1904 899 1937 p.
926 1895 1006 1928 335.

73 1937 126 1972 Ad
150 1937 192 1980 V,
216 1937 262 1972 56
278 1948 357 1982 pag.
382 1937 437 1970 89.
486 1937 536 1970 Ad
562 1937 700 1980 genitivi
724 1950 818 1971 usum
843 1938 877 1971 in
897 1939 1011 1972 verbis
1037 1934 1074 1971 ἐν
1098 1937 1142 1982 τῆ
1169 1933 1331 1981 προτέρῃ
1355 1933 1457 1969 νυκτὶ
1485 1935 1562 1968 τῶν

302 1983 580 2062 Παῖιαθηναίων
604 1982 725 2017 similia
743 1984 909 2029 quaedam
933 1985 1061 2018 excitat
1077 1983 1177 2019 field.
1201 1985 1242 2017 ad
1261 1982 1430 2016 Plutarch.
1445 1981 1561 2015 Aemil.

293 2029 362 2060 Pau
415 2030 456 2062 19
540 2030 619 2062 221.

72 2072 125 2108 Ad
156 2074 201 2115 V,
236 2073 282 2107 56
305 2085 384 2117 pag.
416 2075 472 2108 90.
481 2041 502 2073 p
526 2075 672 2107 Verbum
699 2070 952 2117 ἀπειπάμενος
978 2087 1052 2109 cum
1078 2075 1157 2118 alii,
1184 2079 1220 2108 ut
1247 2078 1342 2108 notat
1366 2073 1492 2117 Negris
1518 2073 1561 2106 ad

289 2119 323 2153 h.
349 2119 383 2160 l.‚
418 2127 589 2164 exponant
624 2116 762 2161 οἱποτρε
760 2119 843 2163 ψας
866 2123 1076 2164 καθαρμοῖς
1100 2120 1143 2156 τὸ
1177 2118 1460 2173 ἀποβησόμενον
1493 2119 1560 2152 τοῦ

291 2163 457 2221 ὀνείρου,
489 2165 565 2210 ipse
597 2166 648 2199 ita
671 2167 932 2221 interpretatur:
968 2166 1031 2221 μὴ
1045 2167 1250 2210 φροντίζων
1284 2179 1319 2199 τι
1342 2164 1454 2221 πλέρν
1478 2176 1562 2208 πὲρι

290 2210 358 2243 τοῦ
396 2208 592 2252 ἐνυπνίου,
627 2212 767 2255 χαίρειν
795 2211 911 2246 εἰπών
941 2214 985 2258 τῇ
1012 2209 1119 2255 ὄψει,
1156 2211 1304 2255 αφίνων
1337 2210 1379 2245 τὸ
1406 2207 1562 2254 ὄνειρον.

292 2254 424 2289 Deinde
457 2257 542 2291 citat
573 2259 701 2292 Herod.
733 2258 763 2299 1,
801 2261 856 2294 59.
893 2259 953 2299 VI,
965 2227 1031 2294 Ι14».
1053 2259 1145 2300 5111,
1170 2261 1202 2293 7.
1250 2259 1373 2302 Neque
1405 2269 1485 2291 v·eio
1509 2270 1545 2290 es
1537 2263 1564 2289 t

293 2300 384 2344 quod
409 2312 429 2333 a
453 2308 591 2346 recepta
615 2303 710 2337 huius
742 2304 912 2349 participii
937 2306 984 2337 in
973 2305 1220 2350 erpretatione
1254 2304 1461 2337 recedamus.
1508 2303 1562 2336 Ad

292 2345 399 2389 ipsam
424 2347 624 2381 sententiam
649 2350 737 2382 conf.
766 2350 866 2383 etiam
893 2352 1048 2394 Αε5ςΙι)Ι.
1075 2351 1187 2384 Peiss.
1211 2352 1276 2385 221
1305 2362 1399 2394 seqq.

71 2390 125 2425 Ad
149 2390 195 2433 V,
221 2392 266 2427 59
291 2403 359 2435 pag
381 2393 424 2426 97
449 2391 506 2424 lin.
530 2393 657 2426 2.P10
682 2391 741 2427 ἐπὶ
765 2396 913 2438 τρίποσί
937 2407 1008 2430 τισι
1033 2398 1180 2430 Bekker.
1205 2408 1246 2430 ex
1274 2394 1424 2429 Dobiaei
1450 2405 1561 2427 emen-

291 2436 430 2470 datione
454 2437 548 2470 dedit
571 2435 630 2470 ἐπὶ
646 2438 793 2481 τρίποσι
815 2442 910 2482 τρισί
933 2448 969 2475 et
993 2442 1093 2487 paulo
1118 2446 1196 2487 post
1220 2454 1253 2488 p.
1279 2444 1323 2477 98
1348 2441 1402 2475 lin
1426 2442 1449 2476 3
1472 2440 1561 2472 idem

291 2482 386 2516 dedit
410 2479 570 2526 α’νέθηκε
595 2481 649 2517 ἐώ
664 2496 684 2517 ν
708 2486 785 2528 (pro
807 2485 933 2529 νέων).

350 2529 436 2561 Ibid.
461 2529 602 2563 column.
636 2529 745 2564 altera
777 2530 834 2564 lin.
857 2533 900 2567 21
927 2532 970 2566 ab
994 2533 1054 2567 inf.
1079 2544 1141 2578 pro
1176 2535 1367 2568 obsecutus
1390 2529 1558 2563 scribend.

288 2580 432 2607 secutus.

72 2616 124 2651 Ad
149 2618 191 2660 V,
217 2618 261 2653 60
287 2631 361 2663 pig
387 2622 444 2654 99.
492 2619 544 2652 Ad
573 2631 674 2654 voces
701 2617 739 2653 ἐν
765 2618 948 2667 ἑξαμέτρῳ
972 2620 1069 2670 τόνῳ
1101 2626 1190 2658 conf.
1223 2622 1347 2657 similes
1372 2620 1538 2654 locution
1523 2631 1558 2652 5

289 2665 480 2702 1.62.47.
511 2666 585 2699 174.
632 2667 757 2700 Attulit
783 2668 958 2701 Schaefer.
983 2670 1025 2702 ad
1047 2659 1223 2704 Plutarch.
1259 2666 1474 2719 Themjstocl
1501 2668 1558 2704 λΓν,

290 2710 344 2743 ubi
376 2722 434 2764 pro
461 2707 675 2755 ἀνεφώνησε
704 2710 824 2766 μέτρῳ
847 2713 1008 2748 Reiskius
1041 2716 1147 2749 scribi
1174 2716 1321 2749 iusserat
1345 2709 1558 2754 ανεφώνησε

288 2752 337 2843 ἷῖν
346 2767 537 2844 {egregi-iq
518 2757 608 2801 quod
631 2757 750 2791 merito
768 2759 888 2794 reiecit
910 2761 1073 2804 Sintenis,
1096 2762 1243 2796 afferens
1275 2758 1417 2802 Diogen.
1442 2757 1558 2791 Laert-
