1897 3340
425 248 508 289 272

397 363 418 396 3
432 355 662 408 ἐκτρίψειν.

828 239 1293 279 HERODOTI

731 352 1027 406 πλανωμένων
1073 350 1118 393 δὲ
1163 352 1253 391 τῶν
1293 350 1606 402 Λαμψακηνῶν
1644 348 1690 391 ἐν

425 427 541 466 τοῖσι
569 419 762 476 λόγοισι,
789 420 838 463 τό
867 419 984 463 θέλει
1007 416 1056 460 τὸ
1088 417 1190 465 ἔπος
1219 413 1350 463 εἶναι,
1380 415 1430 458 τό
1461 427 1540 470 σφι
1573 413 1688 459 ἀπεί-

425 495 555 546 λησεν
586 488 610 532 ὁ
653 491 865 542 Κροῖσος,
902 488 1057 535 πίτυος
1086 482 1252 538 τρόπον
1291 483 1528 536 ἐκτρίψειν,
1565 483 1747 540 μόγις85

426 558 526 602 κότε
557 557 714 613 μαθών
743 559 832 599 τῶν
860 571 923 605 τις
957 551 1280 607 πρεσβυτέρων,
1321 548 1411 593 εἶπε
1442 550 1488 594 τὸ
1519 551 1602 603 ἐὸν,
1625 551 1693 596 ὅτι

427 627 554 676 πίτυς
582 623 724 681 μούνη
754 621 933 665 πάντων
973 620 1188 671 δενδρέων
1229 619 1456 662 ἐκκοπεῖσα
1503 620 1694 674 βλαστὸν

425 693 588 738 ου’δένα
617 693 773 748 μετίει,
803 687 909 732 ἀλλὰ
939 686 1226 740 πανώλεθρος
1256 685 1552 738 ἐξαπόλλυται.

369 866 528 920 quidem
547 866 600 902 sic
629 862 874 929 pronunties:
910 863 1030 900 Πιτυ-

371 922 517 964 όεσσαν
549 922 688 967 πίτυος
724 915 875 971 τρόπον
903 917 1031 969 ἐκτρί-

370 990 439 1030 ψω
468 979 549 1017 vel:
600 971 925 1026 Πιτυοεσσηνους
962 973 1031 1012 πί-

371 1051 463 1082 τυος
487 1036 604 1085 δίκην
624 1033 812 1085 ε’κτρίψω.
868 1031 1028 1067 Minime

372 1094 476 1129 enim
495 1092 621 1143 placet
640 1089 803 1126 Bentleii
823 1089 930 1134 ratio,
963 1088 1030 1138 qui

371 1151 412 1186 in
447 1148 585 1199 disput.
618 1145 665 1183 de
685 1147 805 1211 Epist.
838 1142 1030 1181 Phalarid.

372 1218 462 1257 pag.
483 1203 564 1244 246
583 1204 699 1254 Lips„
729 1204 770 1238 in
797 1202 933 1253 quibus
966 1213 1033 1236 ea-

372 1262 463 1300 dem
482 1262 669 1298 sententia
687 1260 826 1309 legitur
841 1288 850 1305 ,
872 1257 1033 1308 probare

371 1317 528 1364 studuit,
545 1315 785 1353 Herodotum
805 1313 879 1351 hoc
889 1313 1034 1350 dictum

341 1411 344 1415 .
373 1389 396 1413 a
411 1388 450 1412 se
468 1375 669 1412 inventum
679 1372 870 1409 affluxisse
882 1371 1034 1417 Croeso,

373 1430 674 1482 habendumque
708 1428 749 1465 id
785 1429 912 1479 ipsum
956 1439 1035 1463 esse

375 1489 592 1526 orationum
612 1497 774 1522 numero
790 1486 837 1522 ab
850 1483 1035 1521 historicis

376 1545 690 1594 conscriptarum.
742 1543 825 1578 Hoc
845 1542 876 1577 si
894 1541 1035 1590 largia-

376 1603 446 1648 ris,
476 1613 557 1637 non
587 1599 777 1635 affinxisse
808 1598 933 1634 solum
954 1597 1036 1632 He-

374 1657 531 1695 rodotus
551 1654 734 1692 dicendus
755 1655 844 1701 erit,
874 1651 941 1690 sed
960 1652 1037 1688 fin-

375 1715 476 1752 xisse
509 1714 632 1764 ipsam
651 1711 821 1748 fabulam
843 1708 1037 1761 quandam

376 1770 425 1808 de
446 1769 680 1807 dubitatione
692 1766 840 1804 obiecta
851 1768 1039 1816 Lampsa—

376 1828 481 1865 cenis
500 1839 548 1862 ex
567 1827 760 1862 minarum
777 1823 1037 1873 ambiguitate,

377 1883 425 1921 de
445 1895 621 1920 sermone
638 1883 737 1918 inter
756 1879 911 1917 eosdem
930 1879 1041 1916 insti-

376 1947 479 1988 tuto,
509 1939 557 1976 de
576 1939 674 1976 senis
694 1936 910 1989 prudentia.
935 1936 1040 1981 Qua-

379 1999 430 2034 lia
449 1997 480 2034 si
500 1997 546 2033 ab
567 1994 744 2032 historico
765 1994 934 2045 profecta
954 2005 1039 2030 cre-

382 2053 524 2091 duntur
561 2052 746 2102 figmenta
784 2050 929 2100 ingenii
977 2049 1039 2086 vel

379 2108 580 2147 mendacia
599 2109 744 2159 potius,
775 2105 976 2158 equidem,
997 2111 1040 2141 ut

383 2166 510 2204 dicam
539 2163 642 2216 quod
662 2164 803 2210 sentio,
823 2174 958 2199 vereor
990 2174 1040 2197 ne

383 2234 567 2273 magnam
587 2220 763 2257 historiae
794 2225 942 2270 partem
963 2218 1040 2254 tol-

383 2280 520 2316 lamus.
583 2279 718 2329 Neque
761 2288 806 2312 eo
854 2272 1041 2312 trahenda

382 2342 471 2373 sunt
492 2334 604 2372 Gellii
622 2333 758 2380 verba,
783 2330 849 2369 sed
878 2329 954 2367 huo
969 2342 1043 2381 po-

383 2393 479 2429 tius:
508 2388 776 2428 Herodotum
767 2401 806 2424 ιιι
828 2400 873 2424 eo
893 2388 1042 2438 lapsum

385 2461 464 2486 esse
477 2476 487 2495 ,
528 2445 631 2499 quod
650 2444 833 2482 iudicaret
852 2456 983 2481 senem
994 2443 1040 2479 il-

384 2505 468 2543 lum
487 2503 529 2541 de
544 2505 633 2554 pinu
651 2514 787 2539 verum
807 2500 944 2538 dixisse
976 2495 1045 2548 (τὸ

385 2556 674 2611 301¹).1taque
694 2557 797 2594 haud
818 2558 896 2594 scio
916 2570 963 2593 an
979 2557 1043 2592 ille

385 2616 460 2655 hoc
480 2615 637 2668 quidem
664 2617 748 2652 loco
779 2615 955 2664 abreptus
976 2626 1046 2649 cu-

386 2673 543 2725 piditate
564 2670 816 2709 convincendi
844 2670 1046 2706 adversarii

386 2730 521 2781 Boylei
534 2759 543 2774 ,
587 2730 750 2765 ninnium
782 2728 951 2764 tribuerit
988 2727 1045 2762 isti

387 2786 638 2824 observationi
658 2784 704 2822 de
722 2784 950 2821 orationibus
983 2781 1046 2818 hi-

385 2844 624 2881 storicorum.
679 2840 779 2878 Illud
796 2840 959 2891 denique
971 2837 1045 2876 huc

1611 689 1692 732 δεί-

1086 859 1210 897 facere
1227 857 1390 907 videtur,
1409 872 1430 896 a
1451 861 1620 910 nemine,
1644 860 1750 914 quod

1087 918 1226 964 sciam,
1269 914 1358 953 huic
1398 917 1482 953 loco
1522 916 1749 967 adhibitum,

1089 972 1193 1026 quod
1214 972 1317 1023 apud
1335 972 1621 1011 Artemidorum
1637 982 1692 1013 est
1709 977 1750 1012 in

1089 1031 1284 1067 ouen-oen
1317 1030 1366 1076 11,
1406 1031 1460 1071 25
1493 1044 1532 1081 p.
1576 1033 1653 1072 183
1687 1031 1749 1072 ed.

1086 1085 1198 1123 Reiff.
1211 1086 1325 1132 πίτυς
1347 1085 1415 1124 καὶ
1448 1084 1643 1138 στρόβιλοι
1671 1084 1749 1140 οἵη-

1088 1144 1176 1188 δίας
1217 1140 1283 1180 καὶ
1331 1145 1465 1194 φυγῆς
1511 1141 1749 1193 σημαντικά.

1087 1198 1200 1236 Unde
1220 1198 1376 1236 fortasse
1386 1200 1540 1250 colligas
1556 1201 1669 1238 fuisse
1679 1214 1750 1238 an-

1088 1258 1238 1307 tiquam
1276 1256 1497 1306 opinionem
1523 1257 1565 1294 de
1598 1260 1752 1308 pinnum

1090 1311 1310 1362 infelicitate,
1323 1325 1439 1364 quam
1458 1320 1609 1351 secutus
1632 1315 1751 1352 Croe-

1091 1382 1152 1406 sus
1177 1370 1229 1405 ita
1248 1370 1414 1406 minatus
1443 1370 1501 1406 sit.
1560 1370 1665 1416 Quae
1688 1372 1752 1408 in-

1092 1426 1310 1476 terpretatio
1321 1426 1351 1462 si
1371 1427 1435 1463 cui
1454 1426 1601 1464 facilior
1619 1426 1753 1465 videa-

1092 1489 1156 1519 tur
1188 1481 1252 1518 ill-a
1301 1483 1428 1533 priore
1467 1481 1516 1520 de
1550 1482 1753 1535 Pit-yeme,

1093 1538 1275 1590 equidem
1285 1551 1364 1575 non
1377 1539 1635 1591 refragabor.“
1646 1543 1753 1588 Quae

1091 1596 1228 1646 probat
1270 1594 1505 1633 Dahlmann.
1547 1610 1634 1648 pag.
1673 1599 1753 1638 119

1092 1651 1210 1688 modo
1233 1664 1284 1687 ne
1312 1650 1402 1688 inde
1430 1653 1596 1703 colligas,
1627 1655 1754 1691 Hero-

1094 1707 1184 1745 doto
1219 1706 1403 1745 Charonis
1422 1710 1676 1760 Lampsaceni
1703 1711 1754 1748 li·-

1094 1765 1182 1802 bros
1213 1762 1261 1801 de
1282 1766 1494 1816 Lampsaco
1522 1766 1635 1804 fuisse
1666 1774 1754 1804 ante

1095 1822 1252 1858 oculos:
1301 1833 1394 1858 nam
1423 1835 1486 1859 eos
1514 1822 1757 1861 IIerodotmn

1096 1878 1318 1928 cognovisse
1328 1886 1512 1929 pernegat
1522 1878 1756 1918 Dahlmann.

1152 1933 1425 1984 πλανωμένων
1461 1932 1625 1975 ὁὲ-ἔν
1652 1940 1756 1976 τοῖσι

1095 1985 1263 2043 λόγοισι]
1304 1991 1326 2028 i.
1357 2004 1391 2028 e.
1420 2004 1498 2029 cum
1524 1991 1761 2059 Lampsaceni

1094 2048 1135 2084 in
1153 2047 1363 2084 sermombus
1381 2061 1411 2084 s.
1431 2049 1589 2087 com-zuis
1609 2051 1683 2087 suis
1699 2051 1756 2087 in-

1097 2106 1186 2140 certi
1228 2103 1404 2141 haererent
1447 2118 1476 2142 s.
1517 2107 1755 2156 fluctuarent.

1095 2158 1245 2195 Eadem
1263 2159 1404 2197 locutio
1438 2162 1486 2207 11,
1517 2163 1608 2203 115.
1664 2163 1760 2200 Mox

1097 2229 1186 2252 cum
1208 2223 1364 2254 receutt.
1389 2219 1539 2268 reposui
1559 2215 1611 2258 τὸ
1633 2218 1758 2267 θέλει,

1097 2285 1187 2309 cum
1208 2273 1300 2309 olim
1318 2273 1359 2309 in
1383 2279 1533 2310 textum
1561 2282 1759 2326 receptum

1097 2335 1193 2365 esset
1215 2328 1262 2367 τί
1288 2327 1420 2377 θέλει,
1450 2329 1556 2382 quod
1586 2329 1760 2369 exhibuit

1096 2383 1266 2422 Bekker.
1306 2386 1539 2438 Wesseliug.
1568 2386 1699 2425 laudat
1726 2389 1758 2437 1,

1098 2443 1238 2489 78.11,
1264 2444 1327 2483 13.
1352 2443 1416 2491 IV,
1441 2445 1534 2484 131.
1591 2445 1679 2481 Alia
1698 2451 1760 2482 at-

1098 2498 1184 2535 tulit
1204 2496 1424 2550 Schweigh.
1440 2521 1496 2528 -—
1523 2501 1570 2537 In
1583 2513 1690 2553 seqq.
1710 2499 1760 2538 ad

1100 2557 1181 2594 τῶν
1203 2570 1261 2602 τις
1288 2558 1389 2595 conf.
1413 2555 1458 2603 V,
1483 2558 1557 2598 101
1591 2564 1629 2594 et
1649 2556 1698 2594 ad
1718 2553 1761 2597 τό

1102 2609 1166 2651 ἐὸν
1187 2611 1339 2659 (verum)
1369 2613 1418 2650 cs.
1438 2613 1483 2660 V,
1511 2612 1579 2653 40.
1608 2635 1659 2642 ——
1689 2628 1760 2665 με-

1100 2669 1174 2707 τίει
1194 2667 1282 2705 dedi
1301 2682 1370 2720 pro
1387 2671 1513 2720 μετιεῖ
1535 2676 1578 2706 ut
1604 2670 1761 2717 V1,20·

1160 2719 1257 2763 α’λλᾶ
1297 2721 1561 2774 πανώλεθρος
1591 2722 1760 2773 ἐξαπόλ-

1101 2783 1241 2830 λυται]
1281 2783 1306 2819 i.
1337 2795 1370 2819 e.
1408 2782 1456 2820 ad
1489 2783 1761 2829 intemecwnem,

1097 2839 1268 2890 funditus
1303 2841 1422 2890 periit.
1487 2840 1663 2892 Namque
1710 2837 1759 2876 ad
