1897 3340
92 443 158 489 39

464 189 1213 230 TERPschORE.v.
1423 194 1479 234 59

221 303 530 355 Λακεδαίμονα
563 299 732 354 τριήρεϊ
771 299 1015 350 ἀπόστολος
1044 298 1228 354 ἐγίνετο·
1268 299 1358 343 ἔδεε
1394 300 1478 355 γὰρ

218 371 271 427 δὴ
305 369 545 425 συμμαχίης
573 366 691 418 τινός
721 370 765 411 οἷ
792 369 978 425 μεγάλης
998 367 1287 421 ἐξευρεθῆναι.

286 442 370 493 Τῆς
389 435 435 480 δὲ
455 434 662 491 Σπάρτης
679 434 1014 492 Ἀναξανδρίδης
1035 435 1114 490 μὲν
1142 434 1168 477 ὁ
1189 434 1380 486 Λέοντος
1399 434 1474 479 οὐ·
1532 433 1688 477 ”¹ss‘1?⁵³‘²¹⁰
1706 438 1742 465 ‘¹⁰
1759 447 1793 467 '⁶’

1532 468 1560 495 b
1555 477 1586 495 ι
1604 471 1773 505 Spartanis.

217 507 305 550 κέτι
334 503 520 557 περιεὼν
550 504 792 560 ἐβασίλευε,
833 503 940 547 ἀλλὰ
971 501 1302 558 ἐτετελευτήκεε·
1340 507 1480 547 Κλεο-
1488 510 1531 543 90
1511 504 1766 542 0¹¹⁸¹²Uffl¹¹⁴¹s1¹¹aq

1533 537 1558 563 1.
1564 545 1618 562 1¹01
1603 537 1659 563 ntis
1681 537 1701 563 s.
1722 546 1773 564 rex

1533 570 1666 605 Spartae
1688 572 1727 604 [l,
1747 572 1808 606 δί]

212 572 341 628 μένης
362 572 408 615 δὲ
430 571 453 615 ὁ
474 571 810 626 Ἀναξανδρίδεω
835 571 916 628 εἶχε
937 571 1017 628 τὴν
1047 574 1297 629 βασιληίην,
1328 570 1383 615 οὐ
1404 588 1475 615 κα·
1533 613 1582 630 m
1583 612 1657 630 rem
1686 609 1790 631 „actus

185 639 271 682 Ξτὰ
301 638 603 697 ἀνδραγαθίην
633 640 770 696 σχών,
802 640 910 684 ἄλλοι
939 639 1049 684 κατὰ
1078 640 1214 696 γένος.
1271 638 1474 692 Ἀναξαν-
1531 637 1808 707 ᾗῑῗᾶᾓξξιᾶξξῃῐθ·

148 830 285 862 stratus
293 824 333 861 in
344 825 472 861 Ioniae
484 824 694 862 civitatibus
706 838 810 862 sum-

149 894 215 918 mo
253 882 337 918 loco
376 883 598 919 constitutos
614 912 623 929 ,
681 883 809 933 quales

148 939 211 975 vel
229 938 270 974 in
290 939 333 974 iis
354 939 564 976 civitatibus
577 969 586 986 ,
616 939 683 975 ubi
702 953 810 976 sum-

148 1007 213 1031 ma
233 1008 361 1031 rerum
381 1009 496 1047 penes
513 996 700 1046 populum
714 1025 723 1043 ,
744 1009 808 1032 re·-

147 1052 360 1102 periuntur.
447 1054 598 1089 Monuit
635 1051 808 1090 VVachs-

147 1107 259 1144 muth
279 1109 428 1146 Hellen.
438 1108 808 1147 Alterthumskunde

147 1166 177 1213 I,
195 1168 222 1206 2
240 1178 329 1216 pag.
351 1169 390 1206 7.
418 1165 471 1207 49
494 1173 531 1203 et
563 1166 610 1203 de
631 1168 734 1204 vocis
755 1169 808 1204 si—

147 1222 392 1272 gnificatione
413 1224 558 1261 consul.
578 1225 737 1260 Dorvill.
759 1223 808 1260 ad

147 1277 345 1316 chariton.
376 1293 416 1330 p.
447 1279 530 1320 447
562 1293 583 1316 a
615 1279 806 1317 Larchero

147 1334 361 1372 laudatum.
419 1337 485 1372 Tu
516 1335 605 1374 add,
630 1350 727 1388 quae
758 1336 807 1374 ad

146 1391 342 1429 Plutarch.
380 1391 622 1443 Philopoem.
655 1395 807 1431 notavi-

145 1462 232 1485 mus
251 1462 339 1500 pag.
361 1448 428 1489 43.
452 1452 545 1490 106.
569 1451 666 1491 259.
723 1451 807 1486 Van

145 1506 240 1542 Dale
259 1507 356 1542 Diss.
376 1506 440 1551 IV,
463 1509 486 1546 3
507 1519 595 1556 pag.
609 1506 689 1547 409
700 1520 807 1558 seqq.

144 1583 201 1589 —-
230 1562 411 1613 Sequitur
449 1560 635 1615 δεύτερα,
668 1565 806 1601 omisso

143 1619 260 1670 priori
278 1620 466 1656 vocabulo
487 1622 644 1671 πρῶτα,
665 1633 806 1672 quem-

143 1673 355 1712 admodum
389 1690 426 1713 v.
457 1690 490 1713 c.
519 1689 632 1727 supra
661 1678 707 1726 V,
750 1681 804 1718 36

144 1735 282 1784 πρῶτα
311 1730 429 1783 μὲν
403 1755 459 1760 -—
478 1729 654 1785 δεύτερα.
723 1735 804 1771 Re—

142 1790 278 1840 spexit,
299 1790 445 1840 opinor,
464 1792 600 1827 Noster
620 1789 668 1827 ad
687 1792 804 1828 verba

144 1843 450 1898 στρατηγους-
465 1842 653 1894 κελεύσας
682 1862 804 1886 κατα-

144 1905 297 1953 στῆσαι,
322 1903 349 1938 i.
384 1916 417 1940 e.
442 1906 546 1941 tussit
569 1904 732 1953 szngulas
749 1918 802 1942 cz-

79 1986 83 1990 ·
142 1961 274 1996 vitatas
296 1973 376 1996 suos
399 1961 469 1998 sebi
499 1963 702 1998 constituere
729 1974 805 1999 ma-

142 2018 331 2064 gistratus.
363 2039 420 2044 —
477 2017 541 2062 Ad
567 2019 803 2055 locutionem

143 2068 365 2120 ἀπόστολος
393 2073 542 2126 ἐγίνετο
574 2076 676 2112 conf.
705 2083 802 2113 nott.

142 2128 192 2166 ad
212 2131 327 2176 1,21.

201 2160 282 2225 ἔδεε
312 2181 387 2239 γὰρ
417 2183 468 2236 δή
497 2188 718 2238 συμμαχίης
744 2203 803 2227 τι-

143 2237 216 2289 νός
242 2242 283 2282 οἵ
307 2258 344 2282 κ.
366 2258 400 2281 τ.
422 2243 484 2291 λ.]
529 2246 802 2293 „Structuram

144 2300 323 2336 oxationis
343 2301 383 2335 in
404 2298 507 2337 hunc
527 2301 688 2338 modum
707 2315 802 2339 con-

141 2357 246 2392 stitui
271 2357 357 2393 vult
393 2355 800 2408 Schweighaeuserus:

145 2411 228 2452 ε’δεε
260 2428 333 2464 γαρ
368 2409 418 2462 δη
449 2416 671 2466 συμμαχίης
695 2414 802 2463 τινὸς

146 2464 317 2520 μεγαλης
353 2466 509 2520 (ὥστε)
540 2471 802 2523 ἐξευρεθηναί

138 2524 187 2572 οἱ
216 2522 324 2579 (opus
350 2539 439 2563 emm
454 2526 528 2575 fuit
554 2541 688 2577 magna
708 2530 801 2580 qud-

142 2583 239 2629 piam
277 2596 452 2620 armorum
480 2587 664 2634 soczetate,
711 2601 801 2637 quae

149 2636 208 2673 illi
228 2643 302 2675 erat
323 2641 550 2691 exquzrenda,
567 2644 797 2694 invenienda)

152 2694 315 2732 excitans
342 2697 515 2748 Euripid.
550 2698 653 2735 Med.
689 2703 797 2742 1396

150 2748 275 2800 ibique
286 2752 457 2801 Porson.,
479 2755 545 2791 ubi
563 2756 695 2792 similis
716 2770 798 2794 ora-

150 2805 260 2842 tionis
279 2813 475 2847 structura.
532 2812 598 2849 Tu
627 2811 725 2850 adde
750 2815 798 2851 sis

1535 705 1647 732 ducere
1666 706 1701 731 ab
1717 706 1809 741 epho-

1533 738 1574 765 ris
1599 738 1728 765 iubetur.
1773 740 1807 767 ld

1531 780 1600 800 cum
1621 773 1791 808 abnuisset,

866 822 1003 861 Matth.
1025 825 1092 862 Gr.
1114 825 1180 861 Gr.
1216 824 1254 869 ς.
1276 825 1371 865 613.
1394 823 1447 861 IV
1468 820 1530 860 ed.

865 882 1014 933 prioris.

1045 937 1138 988 Cap.
1159 936 1350 973 XXXIX.

918 990 1242 1046 Ἀναξανδρίδης]
1257 995 1313 1029 De
1323 991 1397 1028 hoc
1408 991 1529 1042 Spar—

862 1057 1044 1088 tanorum
1064 1063 1154 1101 rege
1186 1051 1287 1087 conf.
1309 1056 1406 1086 nott.
1428 1048 1475 1085 ad
1496 1050 1526 1097 I,

864 1111 932 1149 67.
966 1110 1145 1160 Namque
1164 1107 1409 1144 monentibus
1430 1107 1528 1142 Lar-

864 1164 978 1202 chero
1000 1179 1043 1202 ac
1061 1164 1257 1203 Schultzio
1289 1164 1421 1215 (Spec.
1443 1164 1528 1213 Ap-

863 1235 943 1272 par.
973 1223 1091 1259 critic.
1119 1235 1208 1272 pag.
1238 1222 1343 1272 22),
1373 1221 1527 1256 initium

864 1280 973 1329 regni
993 1278 1291 1315 Anaxandridae
1306 1291 1385 1314 non
1403 1277 1527 1313 multo

867 1336 966 1372 infra
987 1349 1132 1372 annum
1149 1337 1230 1376 570
1243 1348 1277 1372 a.
1293 1334 1382 1371 Chr.
1403 1347 1443 1370 n.
1457 1333 1528 1370 de-

863 1393 979 1442 primi
1007 1395 1165 1443 poterit,
1204 1393 1289 1445 qui,
1320 1398 1526 1443 postquam

863 1450 931 1486 LV
950 1462 1069 1486 annos
1089 1450 1211 1486 tenuit
1229 1462 1414 1498 regumn,
1436 1461 1526 1484 suc-

864 1519 1052 1542 cessorem
1091 1519 1192 1542 anno
1232 1505 1313 1546 515
1357 1518 1391 1541 a.
1433 1503 1523 1540 Chr.

862 1576 902 1599 n.
923 1561 1057 1599 habuit
1073 1563 1321 1599 Cleomenem
1341 1569 1378 1598 et
1397 1562 1523 1611 ipsum

862 1621 993 1656 XXVI
1014 1633 1132 1657 annos
1154 1626 1403 1670 regnantem:
1427 1631 1524 1654 con-

860 1683 918 1713 tra
957 1689 1056 1728 quae
1074 1676 1223 1714 ⁸tamen
1254 1675 1359 1712 idem
1390 1681 1523 1711 monet

861 1731 1046 1770 Schultze
1083 1735 1110 1774 l.
1149 1735 1173 1771 l.
1193 1763 1202 1781 ,
1253 1732 1452 1770 Herodoto
1491 1732 1522 1769 si

859 1789 953 1827 fides
982 1792 1045 1838 VI,
1089 1793 1167 1830 108
1197 1791 1284 1827 coll.
1324 1787 1521 1826 Plutarch.

857 1846 1190 1898 Apophthegmm.
1225 1849 1397 1884 Laconn.
1431 1859 1521 1896 pag.

858 1906 940 1944 223
970 1906 1018 1951 D,
1048 1905 1127 1940 iam
1155 1917 1257 1940 anno
1290 1905 1372 1945 520
1403 1903 1522 1939 adeo-

861 1973 936 2012 que
958 1960 1038 2002 524
1059 1974 1081 1998 a
1103 1960 1192 1998 Chr.
1204 1973 1387 2011 n.regem
1407 1960 1520 1996 fuisse

860 2018 1122 2055 Cleomenem.
1179 2019 1245 2054 Tu
1275 2018 1376 2054 conf.
1405 2018 1521 2052 etiam

861 2075 1026 2112 Clinton.
1064 2077 1165 2112 Fast.
1205 2088 1294 2126 pag.
1335 2073 1417 2115 224
1458 2073 1518 2110 ed.

859 2133 978 2182 Kriig.
1008 2154 1065 2159 —
1125 2133 1292 2169 Omnem
1332 2131 1431 2168 hanc
1471 2130 1518 2167 de

855 2188 1131 2226 Anaxandrida
1176 2190 1435 2226 narrationem
1475 2189 1516 2224 in

857 2248 1039 2297 pauciora
1078 2253 1314 2284 contractam
1363 2244 1518 2282 exhibet

857 2304 1064 2341 Pausanias
1094 2305 1159 2351 III,
1183 2307 1206 2344 3
1230 2305 1267 2349 §.
1288 2306 1328 2344 7.

917 2355 1074 2399 ου’κατοῖ
1093 2356 1374 2412 ἀνδραγαθίην
1391 2354 1514 2410 σχαιν]

856 2417 883 2453 i.
914 2430 947 2454 e.
979 2420 1042 2468 qui
1069 2432 1137 2455 non
1167 2419 1207 2455 ob
1225 2419 1389 2454 virtutem
1418 2428 1518 2453 suam

857 2473 906 2511 ad
923 2487 1070 2523 regnum
1088 2479 1222 2513 evectus
1247 2478 1343 2523 erat,
1374 2473 1434 2510 sed
1453 2485 1515 2522 ge-

855 2544 949 2568 nere.
983 2533 1063 2569 Nec
1084 2534 1192 2569 aliter
1210 2532 1257 2579 V,
1278 2530 1345 2572 42.
1367 2532 1426 2567 De
1442 2527 1514 2569 α’ντ-

857 2587 1081 2641 δραγαθίης
1100 2591 1250 2636 virtute,
1272 2601 1370 2640 quae
1392 2601 1412 2624 e
1430 2588 1513 2637 pie-

856 2651 931 2681 tate
945 2658 988 2682 ac
1009 2647 1221 2685 reverentia
1239 2648 1280 2683 in
1300 2644 1391 2682 deos
1406 2657 1513 2681 smn-

854 2714 919 2738 ma
937 2704 1187 2753 proficiscitur
1207 2703 1327 2755 eaque
1346 2703 1397 2738 ita
1409 2701 1512 2736 inni-

855 2759 967 2807 titur,
995 2767 1039 2797 ut
1059 2762 1125 2812 qui
1151 2762 1210 2798 vir
1228 2760 1334 2797 fortis
1354 2772 1397 2794 ac
1417 2763 1514 2793 stre-

853 2828 954 2853 nuus
975 2824 1192 2864 censeatur,
1231 2815 1335 2853 idem
1362 2815 1409 2851 sit
1428 2813 1512 2864 pius
