1897 3340
212 781 363 875 2¹¹2?

410 196 494 237 782

820 194 1285 232 HERODOTI

418 304 533 346 στῶν
563 298 913 356 ἀποκρύπτουσι·
951 303 1137 346 τοσοῦτό
1175 318 1218 346 τι
1247 305 1417 358 πλῆθος
1446 302 1590 347 αὐτῶν
1618 301 1676 347 εἶ-

390 376 511 414 3ναι.
568 369 646 413 τὸν
675 371 733 421 δὲ,
764 369 848 414 οὐκ
876 369 1139 426 ἐκπλαγέντα
1160 369 1365 420 τούτοισι,
1397 368 1525 423 εἶπαι,
1555 371 1604 414 ἐν
1631 370 1731 414 ἆ-45

419 438 544 494 λογίῃ
565 437 828 493 ποιεύμενον
855 437 906 481 τὸ
935 442 1024 481 τῶν
1043 437 1215 495 Μήδων
1230 442 1424 493 πλῆθος,
1453 436 1513 490 ὦς
1541 437 1676 491 „noiv-

420 521 500 558 „w
530 517 608 561 σφι
636 504 783 561 ἀγαθὰ
811 505 836 549 ὁ
871 506 1094 560 Τρηχίνιος
1116 507 1253 558 ξεῖνος
1275 504 1485 562 ἀγγέλλοι,
1514 507 1551 549 εἰ
1571 504 1677 549 ἄπο-

391 575 734 627 4,,κρυπτόντων
762 575 851 616 τῶν
878 571 1052 628 Μήδων
1079 573 1155 616 τὸν
1183 574 1330 630 ἥλιον,

1392 573 1483 618 ὑπὸ
1515 576 1614 630 σκιῇ
1643 572 1733 616 ἶς’-50

419 652 535 685 σοιτο
563 639 672 694 πρὸς
701 637 863 690 αὐτοὺς
890 637 917 695 ἡ
947 638 1072 694 μάχη,
1101 640 1174 683 καὶ
1202 640 1285 684 οὐκ
1314 640 1361 684 ἐν
1381 639 1531 697 ἡλίῳ.“
1565 643 1677 684 Ταῦ-

421 725 475 752 τα
505 709 583 764 μὲν
611 707 681 751 καὶ
715 706 824 750 ἄλλα
851 706 1168 761 τοιουτότροπα
1191 707 1292 752 ἔπεά
1328 720 1437 764 φασι
1465 707 1680 764 Διηνέκεα

420 775 498 820 τόν
527 773 876 829 Λακεδαιμόνιον
906 773 1109 818 λιπέσθαι
1138 774 1407 830 μνημόσυνα.

1475 775 1601 818 Μετὰ
1631 773 1678 817 δὲ

422 845 582 885 τοῦτον
620 840 871 896 ἀριστεῦσαι
908 842 1107 896 λέγονται
1135 841 1476 898 Λακεδαιμόνιοι
1512 842 1593 886 δύο
1634 838 1680 883 οἶ-

423 979 506 1028 δες.

366 1278 433 1314 His
446 1275 533 1316 add.
545 1274 787 1314 Eustathium
799 1275 900 1314 Orat.
913 1276 1026 1314 XXV

367 1348 405 1385 p.
426 1336 521 1381 290,
544 1337 612 1374 70.
624 1337 676 1375 80
699 1332 759 1369 ed.
781 1333 905 1372 Tafel.
926 1333 1027 1370 Ani-

367 1403 433 1427 mo
461 1391 650 1440 scriptoris
683 1390 875 1427 malevolo
911 1390 1028 1426 tribui

367 1447 450 1486 vult
469 1445 663 1485 Plutarch.
694 1448 729 1482 II
756 1458 845 1496 pag.
865 1448 945 1487 866
965 1447 1028 1494 D„

369 1501 474 1555 quod
511 1516 591 1540 non
627 1504 737 1554 pl'ura
766 1503 840 1539 alia
867 1503 1030 1538 aliorum

370 1561 648 1610 Spartanorum
672 1558 792 1606 dicta,
822 1560 947 1611 qualia
967 1571 1031 1595 se-

368 1617 468 1652 riore
489 1622 612 1652 aetate
633 1616 863 1663 ferebantur,
892 1617 1031 1651 Noster

367 1673 690 1710 commemorarit.
717 1670 910 1722 Equidem
926 1669 1030 1707 haud

368 1730 447 1766 scio
468 1741 517 1765 an
538 1742 586 1765 ex
606 1729 686 1778 ipso
707 1727 891 1765 Herodoti
911 1728 1029 1764 silen—

368 1786 421 1822 tio
442 1786 525 1821 iure
544 1785 671 1835 colligi
689 1785 817 1835 possit,
850 1782 945 1821 haec
967 1782 1029 1820 di-

368 1848 430 1879 cta
461 1842 660 1892 posteriori
693 1853 787 1879 aevo
825 1853 904 1878 esse
939 1840 1027 1877 ficta

370 1911 515 1935 omma.

427 1949 601 1994 τοσοῦτό
632 1968 670 1992 τι
697 1954 858 2003 πλῆθος
895 1947 1029 1991 αὐτῶν

370 2006 501 2059 εἶναι]
525 2011 629 2046 Haec
651 2023 671 2046 e
690 2016 798 2046 textu
818 2010 945 2045 abesse
957 2021 1030 2045 vo-

370 2068 441 2104 luit
457 2067 561 2103 Tou.
581 2065 628 2102 ad
648 2067 812 2115 Longin.
836 2063 1028 2113 [sect.44]

371 2136 410 2172 p.
433 2126 530 2163 223.
577 2121 873 2160 Valclxeuaerius
895 2121 1030 2170 refingi

370 2179 492 2216 voluit
524 2175 567 2217 τό
602 2181 774 2228 πλῆθος.
834 2178 938 2215 Scite
959 2189 1030 2213 au-

372 2241 451 2270 tem
472 2232 520 2269 ad
542 2233 582 2270 h.
607 2236 633 2271 l.
658 2235 801 2284 colligit
819 2234 1031 2271 wesselin-

373 2291 458 2340 gius
479 2302 526 2325 ex
546 2291 602 2335 iis,
625 2303 722 2341 quae
743 2289 843 2338 apud
856 2286 1030 2325 Eustath.

374 2344 425 2382 ad
453 2346 497 2385 ll,
518 2346 615 2391 vul,
641 2346 718 2385 159
739 2345 929 2393 leguntur,
949 2345 1033 2379 Eu-

373 2400 555 2439 statliium
575 2401 613 2436 in
636 2413 703 2437 suo
725 2399 906 2437 Herodoti
922 2400 1034 2436 volu-

374 2459 480 2496 mine
500 2456 673 2494 habuisse
691 2455 826 2506 νέφος,
848 2455 951 2508 quod
972 2457 1034 2506 ip-

376 2527 462 2552 sum
495 2526 517 2551 a
549 2514 736 2550 veteribus
768 2513 1034 2549 Grammaticis

378 2577 593 2621 exponatur
625 2572 806 2619 πλῆθοςε
858 2568 906 2606 de
956 2581 1033 2620 quo

379 2625 600 2676 Scliweigh.
629 2626 791 2663 conferri
820 2627 899 2663 vult
919 2627 1036 2663 wet-

378 2691 476 2722 sten.
497 2682 545 2720 ad
565 2683 681 2719 Hebr.
702 2684 787 2731 X11,
812 2685 848 2722 1.
898 2681 959 2719 Ad
980 2683 1035 2718 lo—

379 2742 575 2778 cutionem
597 2738 640 2779 ἐν
667 2736 806 2793 α’λογίῃ
828 2742 1035 2779 ποιεῖσθαι

381 2797 484 2834 cous.
503 2803 599 2834 nott.
620 2794 669 2833 ad
689 2797 752 2846 VI,
772 2799 838 2837 76.

296 934 363 973 r-is-
423 909 607 965 δελφεοὶ,
631 907 814 965 Ἀλφεός
843 926 887 953 τε
916 911 990 953 καὶ
1019 910 1217 964 Μάρων,
1254 909 1547 966 Ὀρσιφάντου
1584 913 1680 952 παῖ-

569 978 790 1020 Θεσπιέων
836 977 883 1021 δὲ
925 977 1149 1034 εὐδοκίμεε
1178 976 1362 1033 μαλιστα
1407 981 1467 1032 τῷ
1509 974 1735 1030 οὔνομα55

261 1039 361 1085 228
418 1040 475 1099 ἦν
499 1043 807 1102 Διθύραμβος,
831 1044 1106 1101 Αρματίδεω.

92 1106 149 1168 „Ecfi‘
131 1107 364 1166 gramfftsau
418 1114 499 1156 τοῦ
528 1111 665 1170 ταύτῃ
694 1117 830 1171 τῇπερ
859 1113 1026 1168 ε’πεσον,

92 1175 129 1202 lis
151 1174 268 1212 publice
286 1179 331 1206 pri

93 1209 155 1236 ιιῑί
146 1215 245 1243 unque
261 1202 365 1234 iuscri—

94 1247 155 1280 pta·

1167 1049 1387 1101 Θαφθεῖσι
1416 1044 1462 1088 δέ
1493 1053 1572 1098 σφι.
1601 1040 1682 1085 αὐ-

1055 1112 1132 1157 κοιὶ
1156 1118 1272 1157 τοῖσι
1303 1111 1521 1169 πρότερον
1542 1114 1682 1155 τελευ-

1136 1271 1220 1315 ‘dno'
1244 1273 1368 1329 σκιῇ]
1400 1273 1545 1323 Tangit
1564 1270 1739 1311 Eustath.

1083 1330 1131 1368 ad
1149 1332 1194 1368 Il.
1215 1343 1304 1381 pag.
1326 1329 1422 1379 704,
1450 1330 1503 1371 57
1524 1343 1555 1367 s.
1583 1329 1678 1376 588,
1699 1329 1741 1371 5·

1082 1387 1146 1425 Ad
1165 1389 1280 1426 verba
1299 1386 1485 1426 λιπέσθαι
1504 1382 1742 1436 μνημόσυνα

1082 1445 1123 1481 iu
1144 1444 1219 1480 fine
1239 1456 1323 1496 cap.
1343 1444 1446 1481 conf.
1463 1443 1528 1492 IV,
1552 1444 1630 1484 166
1649 1442 1741 1495 ibiq.

1083 1507 1181 1539 nott.

1244 1622 1336 1673 Cap.
1358 1621 1583 1660 ccxxvll.

1139 1697 1330 1752 Ἀλφεός]
1362 1701 1460 1738 Hinc
1490 1697 1663 1737 Eustath.
1694 1695 1743 1735 ad

1083 1759 1128 1796 11.
1161 1772 1198 1826 p.
1232 1760 1323 1805 197,
1344 1759 1369 1797 9
1402 1771 1433 1795 s.
1453 1755 1548 1804 224,
1568 1754 1621 1796 49
1649 1750 1744 1793 Ἀλ-

1084 1812 1213 1862 φειός.
1270 1813 1334 1851 Ad
1364 1826 1501 1851 vocem
1528 1807 1744 1862 Διθύραμ-

1084 1872 1156 1923 βος
1176 1871 1278 1908 conf.
1299 1871 1449 1909 Aeliau.
1469 1869 1516 1907 V.
1535 1870 1584 1909 H.
1606 1868 1667 1918 VI,
1689 1869 1745 1908 22

1087 1929 1218 1981 ibique
1237 1927 1413 1966 Perizou.

1241 2029 1333 2080 Cap.
1354 2026 1593 2065 CCXXVIJI.

1143 2115 1270 2159 αὐτοῦ
1289 2113 1432 2168 ταύτῃ]
1461 2113 1548 2152 Vid.
1574 2120 1671 2151 nott.
1693 2113 1742 2151 ad

1084 2177 1148 2224 VI,
1184 2177 1247 2215 16.
1284 2173 1419 2219 Attigit
1448 2169 1541 2206 haec
1569 2169 1744 2207 Eustath.

1085 2231 1134 2268 ad
1163 2231 1206 2267 ll.
1237 2243 1274 2280 p.
1304 2229 1397 2272 519,
1418 2225 1472 2267 43
1508 2240 1536 2263 s·
1561 2228 1654 2274 393,
1676 2229 1744 2267 29.

1085 2289 1214 2337 Ipsum
1234 2285 1395 2335 sepulcri
1415 2284 1555 2329 locum,
1570 2290 1610 2318 ut
1624 2289 1742 2333 putat,

1089 2342 1137 2379 ad
1167 2342 1292 2378 fauces
1314 2338 1664 2390 Thermopylarum
1689 2340 1744 2375 si-

1089 2406 1172 2436 tum
1205 2397 1399 2446 descripsit
1439 2394 1588 2432 Clarke.
1655 2395 1742 2435 Vid.

1088 2453 1370 2493 vaudoucourt.
1401 2451 1669 2502 Schilderung.
1704 2451 1744 2489 d.

1090 2511 1235 2561 heutig.
1258 2507 1555 2548 Griechenlands
1588 2521 1626 2558 p.
1629 2482 1743 2549 0279.

1090 2570 1135 2605 Iu
1165 2581 1272 2620 seqq.
1302 2566 1504 2603 articulum
1534 2579 1627 2610 τους
1656 2571 1744 2601 ante

1090 2638 1202 2663 voces
1234 2619 1313 2663 ’ὑπὸ
1334 2621 1546 2661 Λεωνίδεω
1570 2617 1745 2671 οἷποπεμ-

1090 2680 1281 2731 φθέντας,
1297 2679 1398 2716 libiis
1418 2678 1542 2715 invitis
1561 2678 1744 2714 insertum

1091 2751 1113 2774 a
1173 2736 1390 2781 Sellae-lero,
1429 2733 1607 2786 equidem
1655 2746 1744 2770 cum

1092 2792 1289 2845 Schwgb„
1301 2788 1594 2830 GaisfietBekk.
1607 2789 1744 2828 delevi.
