1897 3340
511 214 970 255 POLYMNIA
1029 214 1151 252 V11.
1382 224 1465 265 (353

331 323 405 358 τῶν
430 321 549 359 ἄλλων
567 324 636 370 γὰρ
656 321 914 367 ἁλισκομένων,
940 318 1012 356 ὅσα
1034 320 1228 367 Κέκροπος
1252 318 1363 369 οὖρος
1478 333 1519 366 85

329 377 431 421 ἐντὸς
449 381 530 426 ἔχει,
553 379 726 425 κευθμών
749 392 788 415 τε
810 379 1050 423 Κιθαιρῶνος
1073 377 1238 422 ζαθέοιο,

329 441 448 482 τεῖχος
478 441 685 484 Τριτογενεῖ
704 436 851 480 ξύλινον
875 438 978 472 διδοῖ
999 435 1168 481 εὐρύοπα
1196 435 1286 477 Ζεὺς

326 497 469 539 μοῦνον
493 493 713 540 ἀπόρθητον
736 493 913 538 τελέθειν,
935 492 979 529 τὸ
1008 492 1045 529 σὲ
1071 493 1182 529 τέκνα
1203 491 1234 528 τ’
1261 492 1395 539 ὀνήσει,
1477 498 1521 530 90

170 550 190 584 5
328 551 436 597 Μηδὲ
455 551 500 587 συ’
522 550 552 596 γ’
577 550 785 597 ἱπποσύνην
799 564 838 587 τε
863 551 985 597 μένειν
1009 551 1071 586 καὶ
1094 550 1206 593 πεζὸν
1231 550 1339 587 ἰόντα

328 609 465 645 πολλὸν
489 606 550 643 ἄπ’
574 607 730 654 ἠπείρου
755 608 913 654 στρατὸν
937 606 1084 654 ἥσυχος,
1110 606 1186 643 ἀλλ’
1211 607 1419 653 ὑποχωρεῖν

327 667 447 716 νῶτον
470 664 704 711 ἐπιστρέψας.
741 665 794 700 ἔτι
815 679 874 701 τοι
896 665 979 702 κοτὲ
1004 665 1156 707 κάντίος
1181 666 1276 713 ἔσσῃ.

168 723 190 756 6
324 715 367 758 ’.Ω
390 724 476 768 θείη
500 724 679 768 Σαλαμὶς,
706 722 858 764 α’πολεῖς
883 722 922 758 δὲ
947 723 990 760 σύ
1016 724 1128 759 τέκνα
1150 725 1345 768 γυναικῶν,
1476 722 1519 756 95

325 775 350 823 ἤ
374 791 446 815 που
471 780 713 827 σκιδναμένης
736 781 974 827 Δημήτερος,
998 779 1019 827 ἢ
1046 780 1252 827 συνιούσης.

139 976 310 1016 humana
335 978 509 1032 adeoque
537 977 665 1016 divina
692 980 800 1017 fran-

139 1037 178 1086 gi
199 1043 263 1073 aut
283 1035 433 1074 dissolvi
454 1038 692 1073 retractarive
712 1049 800 1087 pos-

139 1094 197 1129 sit.
242 1094 307 1130 Tu
326 1092 403 1131 vId.
429 1093 555 1130 Tafel.
576 1092 624 1130 acl
645 1092 800 1130 Pindar.

138 1148 251 1201 Pyth.
284 1151 349 1187 IV.
380 1148 570 1187 Dilucidd.
601 1163 686 1201 pag.
718 1149 797 1190 651

139 1207 234 1247 652.
256 1207 359 1245 Saal.
385 1207 434 1245 ad
454 1205 594 1244 Rhiani
619 1208 798 1258 fragmm.

136 1275 226 1313 pag.
247 1263 317 1305 75.

192 1355 319 1404 τεῖχος
360 1354 612 1406 Τριτογενεῖ]
644 1355 701 1389 De
718 1351 797 1390 Mi-

135 1422 241 1447 nerva
263 1409 471 1459 Trz'togem'a
483 1410 648 1447 diximus
671 1409 719 1446 ad
730 1409 794 1458 1V,

137 1468 230 1507 180.
245 1463 347 1514 Ζεῦς
370 1462 552 1520 εὕρυόπα
569 1481 617 1504 ex
628 1469 794 1504 Homero

133 1524 220 1560 satis
249 1531 374 1561 notus.
442 1523 528 1563 Vid.
560 1526 602 1561 Il.
633 1525 663 1571 Ι,
698 1522 794 1564 498.

132 1580 234 1629 Vm,
269 1583 364 1621 206.
393 1582 495 1629 XIV,
529 1581 622 1622 265.
647 1579 791 1628 xxlv,

135 1638 202 1678 98.
238 1639 332 1677 331.
424 1637 617 1690 Equidem
656 1650 793 1675 vocem

135 1688 333 1745 εὐρύοπα,
383 1707 502 1747 quam
534 1701 622 1732 sunt
656 1696 723 1747 qui
746 1693 793 1730 de

133 1751 217 1787 soni
237 1752 417 1803 vocisque
445 1750 643 1789 altitudine
674 1765 717 1788 ac
739 1752 793 1787 la-

133 1806 294 1843 titudine
303 1808 528 1858 intelligant,
549 1809 683 1844 malim
704 1821 794 1844 cum

135 1863 214 1900 aliis
243 1864 330 1901 viris
360 1864 479 1902 doctis
509 1864 557 1901 ad
587 1866 711 1901 visum
731 1878 794 1900 re-

133 1919 232 1956 ferre
256 1921 464 1973 Iovemque
484 1922 694 1971 intelligere
724 1921 795 1958 late

128 1979 394 2027 prospicientem
425 1978 553 2025 oculis,
602 1990 677 2029 quo
713 1979 793 2028 ipso

132 2032 300 2084 epitheto
332 2035 460 2071 omnia
494 2034 725 2085 inspicientis
755 2041 792 2071 et

131 2091 295 2140 regentis
316 2089 463 2128 domini
486 2092 582 2128 coeli
606 2104 649 2128 ac
670 2098 792 2128 terrae

133 2145 345 2184 declaretur
364 2149 419 2186 vis
439 2161 482 2185 ac
495 2155 670 2199 potestas.
702 2147 792 2185 Vid.

132 2205 223 2240 Her.
238 2203 336 2251 VIII,
358 2207 412 2246 77
431 2212 467 2242 et
487 2207 517 2242 I.
540 2206 588 2242 H.
612 2205 718 2242 Voss.
743 2203 792 2241 ad

133 2260 290 2296 Homer.
308 2262 452 2312 Hymn.
464 2262 504 2298 in
516 2262 643 2298 Cei-er.
660 2264 683 2302 3
696 2275 734 2312 p.
752 2263 793 2301 3.

135 2338 186 2343 —
209 2316 411 2353 Caeterum
424 2319 573 2368 respicit
586 2317 688 2355 hunc
701 2331 790 2356 ver-

131 2385 217 2409 sum
230 2372 490 2424 Olympiodor.
500 2375 540 2410 in
556 2376 790 2413 Commentt.

131 2429 172 2465 in
192 2430 344 2466 Platon.
364 2429 550 2466 Alcibiad.
571 2433 689 2467 Isect.
709 2435 730 2472 7
750 2445 788 2481 p.

133 2485 185 2526 65
208 2493 245 2522 et
275 2492 366 2523 sect.
395 2488 449 2526 28
478 2499 517 2536 Ρ.
547 2486 627 2526 224
648 2487 715 2526 Cr.
745 2489 790 2523 In

131 2543 308 2592 proximo
343 2554 454 2580 versu
483 2541 714 2578 adiectivum
748 2538 792 2581 οἷ-

130 2595 341 2649 πόρθητον
371 2599 457 2647 (non
475 2599 681 2647 vastatum)
699 2597 788 2635 hinc

131 2656 270 2692 excitat
298 2654 515 2692 Blomfield.
555 2656 595 2691 in
624 2655 790 2692 Glossar-

131 2710 180 2748 ad
198 2710 377 2764 Aeschyl.
400 2713 504 2751 Pers.
527 2708 621 2757 354,
642 2711 708 2747 ubi
728 2724 792 2748 ea-

132 2766 221 2804 dem
249 2781 328 2807 vox
354 2770 524 2819 itemque
553 2766 656 2819 apud
675 2768 792 2804 Euri-

130 2822 210 2873 pid.
228 2825 270 2862 iu
289 2824 391 2863 Med.
413 2827 509 2865 820.

914 978 968 1020 ἔτι
998 994 1060 1019 τοι
1091 976 1181 1019 κοτὲ
1208 973 1369 1026 κᾶντίος
1401 978 1517 1035 ἔσσῃ]

856 1038 931 1073 Pro
962 1034 1053 1091 ἔσσῃ
1083 1035 1185 1087 apud
1214 1037 1423 1073 Eusebium
1442 1037 1468 1076 1.
1489 1038 1516 1076 1.

856 1095 995 1144 legitur
1004 1093 1124 1132 ἔσται.
1145 1093 1312 1130 Sensum
1332 1094 1405 1130 loci
1418 1094 1516 1131 bene

857 1152 909 1188 sic
950 1152 1132 1201 expressit
1161 1148 1515 1199 Schweighaeuser.

859 1210 925 1245 erit
956 1211 1104 1256 tempus,
1127 1219 1230 1256 quum
1249 1210 1289 1243 tu
1310 1209 1416 1245 etiam
1436 1221 1516 1245 con—

853 1269 913 1302 tra
930 1265 1063 1311 stabis,
1095 1271 1208 1316 atque
1228 1263 1425 1301 Reiskius:
1452 1277 1514 1302 ve-

852 1324 925 1358 m'et
953 1320 1146 1370 aliquando
1178 1325 1329 1371 tempus,
1370 1334 1436 1371 quo
1473 1325 1514 1358 tu

851 1380 924 1428 ipsi
954 1380 1021 1415 eris
1048 1391 1091 1415 ex
1119 1377 1266 1414 adverso
1287 1392 1315 1416 s.
1344 1378 1515 1416 adversus

852 1436 933 1472 eris.
991 1436 1090 1471 Hinc
1120 1435 1335 1484 Bellanger.
1357 1436 1397 1471 in
1417 1436 1515 1471 Lar-

852 1491 956 1528 cher.
996 1498 1092 1529 nott.
1133 1493 1277 1528 Gallice
1315 1493 1367 1528 ita
1406 1491 1515 1529 reddi

851 1550 952 1586 vult:
983 1562 1032 1585 un
1054 1549 1141 1596 jour
1171 1548 1330 1595 viendra,
1359 1561 1514 1599 quevous

851 1619 943 1642 serez
970 1618 1011 1642 en
1034 1606 1109 1642 e'tat
1135 1605 1176 1643 de
1196 1605 1250 1642 luz·
1269 1607 1421 1642 resister.
1449 1604 1513 1643 Ad

849 1663 1100 1699 Homericum
1150 1661 1302 1699 dicendi
1351 1661 1514 1699 modum

848 1718 943 1756 haec
961 1731 1114 1771 quoque
1134 1719 1274 1756 referre
1294 1720 1431 1770 placet,
1453 1719 1512 1759 cf.

849 1777 1134 1815 Duncan.Lex.
1153 1778 1172 1811 I
1186 1790 1226 1827 p.
1246 1778 1324 1817 123
1336 1775 1511 1814 ed.Rost.

850 1848 881 1873 s.
911 1847 947 1871 v.
971 1828 1120 1879 οἷντίος.

899 1917 951 1961 ἷΩ,
972 1919 1066 1972 θείη
1091 1919 1298 1971 Σαλαμὶς]
1318 1920 1427 1958 Idem
1447 1922 1511 1958 in·-

842 1981 954 2017 sulae
974 1980 1088 2016 tribui
1109 1977 1303 2029 epitheton
1325 1980 1363 2014 in
1377 1979 1512 2015 inscri-

848 2038 977 2088 ptione
997 2043 1124 2072 vetere
1147 2034 1248 2085 apud
1277 2034 1511 2072 VVhelerum

848 2093 1029 2130 indicavit
1054 2094 1175 2128 Kruse
1205 2093 1333 2129 Hellas
1353 2094 1399 2139 ΙΙ,
1426 2095 1444 2132 1
1468 2106 1508 2144 p.

849 2153 942 2190 300.
1003 2151 1117 2185 Hunc
1136 2161 1290 2185 versum
1310 2149 1509 2200 proferunt

847 2208 1005 2243 Lucian.
1035 2204 1230 2255 Tragoed.
1256 2208 1310 2245 20
1348 2204 1426 2255 (T.
1455 2205 1511 2244 VI

848 2277 885 2314 p.
907 2262 988 2302 247
1010 2264 1096 2312 Bip.
1119 2263 1206 2299 coll.
1229 2263 1266 2307 ξ.
1290 2264 1338 2303 31
1364 2276 1403 2313 p.
1425 2264 1509 2302 260

846 2319 986 2371 seqq.)‚
1021 2317 1257 2356 Theodorei.
1279 2318 1326 2355 ad
1348 2320 1414 2356 Gr.
1443 2319 1509 2356 Or.

846 2378 884 2413 X
905 2388 993 2427 pag.
1014 2375 1104 2416 140.
1119 2374 1250 2413 Schol.
1271 2374 1421 2413 Aristid.
1439 2373 1508 2425 (ad

846 2432 1098 2470 Themistocl.
1127 2434 1181 2469 111
1200 2446 1239 2483 p.
1268 2435 1348 2473 307
1368 2430 1436 2479 A.)
1467 2445 1508 2482 p.

847 2492 927 2529 229
949 2491 1133 2536 Fromm.‚
1173 2490 1239 2525 ubi
1267 2490 1360 2526 alter
1378 2501 1508 2526 versus

848 2546 939 2581 olim
955 2546 1006 2582 sic
1022 2546 1213 2583 exstabat:
1244 2543 1274 2597 ἥ
1291 2561 1368 2584 που
1386 2546 1505 2584 δυσο-

846 2599 967 2652 μένου
994 2600 1229 2653 ι’Τπεερίονος
1267 2597 1332 2653 ἥδ’
1369 2595 1505 2640 α’νιόν-

846 2672 912 2703 τος
931 2670 980 2693 ex
1001 2657 1133 2709 Odyss.
1152 2660 1182 2706 1,
1204 2658 1270 2698 24.
1328 2658 1385 2693 Αο
1414 2668 1504 2693 sane

848 2714 1062 2750 obscuriora
1091 2713 1186 2751 haec
1217 2714 1360 2751 oraculi
1388 2712 1505 2749 verba

848 2783 926 2807 esse
947 2771 1067 2822 quivis
1088 2769 1282 2817 concedet,
1315 2770 1504 2818 exagitata

847 2824 936 2864 hinc
956 2827 1004 2864 ab
1026 2828 1222 2865 Oenomao
1235 2832 1347 2877 atque
1361 2824 1504 2862 Lucia-
