1897 3340
551 192 1024 231 POLYMNIA.
1083 192 1184 230 VII.

1414 198 1495 239 517

231 315 333 353 „poca
376 300 435 352 ὠς
476 299 644 357 βραχὺς
689 301 755 355 εἰἠ
794 298 818 342 ὁ
867 301 954 349 πᾶς
983 298 1280 353 ’ἀνθρώπινος
1309 302 1422 356 βίος,
1457 305 1548 346 εἰ66

230 365 427 419 „zotha-ov
455 385 516 424 γε,
547 368 709 417 ἐόντων
738 364 976 416 τοσούτων,
1009 365 1156 417 οὐδεὶς
1186 366 1229 418 ἐς
1259 366 1494 412 ἑκατοστὸν

200 436 359 486 4,,ἔτος
387 436 643 489 περιέσται.“
696 433 745 477 Ὁ
775 434 821 477 δὲ
862 432 1060 489 ἀμείβετο
1091 433 1252 489 λέγων·

1311 434 1493 490 ,,”Ετερα

226 502 414 554 ,,τούτου
443 500 561 555 παρά
581 500 661 557 τήν
693 500 796 557 ζόην
828 499 1111 557 πεπόνθαμεν
1144 502 1410 558 οἰκτρότερα.
1443 504 1490 547 ἐν

227 569 334 626 „de
374 569 486 626 οὕτῳ
515 568 669 624 βραχέι·
696 571 778 626 βίῳ
812 567 956 621 οὐδεὶς
987 569 1102 613 οὕτω
1137 569 1375 624 ἄνθρωπος
1405 571 1491 614 ἐών

224 638 470 693 ,,εύδαι’μων
498 636 689 691 πέφυκε,
722 636 823 680 οὔτε
852 637 1043 688 τούτων,
1087 637 1187 681 οὔτε
1216 641 1304 681 τῶν
1334 637 1548 691 ἄλλων,7ο

206 709 316 762 5,,τςῦ
350 703 405 747 ὀὐ
440 702 763 759 παραστήσεται
801 705 1012 755 πολλάκις
1052 706 1126 749 καὶ
1156 704 1254 749 οὐκὶ
1285 705 1399 760 ἅπαξ
1429 724 1490 751 τε-

222 771 413 825 ,,θνοὲνοιι
442 771 681 827 βούλεσθαι
710 776 877 828 μᾶλλον
896 771 924 829 ἢ
955 773 1089 826 ζώειν.
1122 774 1172 816 αἶ’
1196 789 1240 817 τε
1269 774 1353 830 γὰρ
1385 787 1487 833 συμ-

158 978 266 1015 initio
288 979 466 1016 oradonis
495 981 548 1017 sic
570 981 688 1032 posita
717 984 819 1020 conf.

157 1042 253 1072 nott.
288 1035 335 1072 ad
363 1038 392 1084 I,
415 1039 480 1083 30,
502 1038 568 1073 ubi
598 1039 713 1075 etiam
733 1054 821 1077 ver-

156 1091 250 1128 bum
266 1091 418 1143 ἐπῆλθε
438 1092 576 1130 eodem
595 1108 720 1143 sensu,
743 1110 818 1148 quo

154 1146 217 1186 hic
239 1148 399 1200 ἐσῆλθε.
421 1149 519 1187 Illud
536 1150 708 1188 dativum
728 1167 819 1204 per-

153 1217 270 1242 sonae
290 1207 519 1258 plerumque
540 1208 609 1244 sibi
631 1208 816 1260 adiungit,

153 1269 196 1298 ut
226 1263 267 1298 iu
302 1264 394 1300 locis
423 1276 444 1300 a
474 1263 659 1302 Valcken.
699 1267 818 1304 allatis

151 1318 297 1358 Herod.
318 1321 346 1367 I,
368 1323 436 1361 30.
457 1322 621 1358 Pausan.
645 1323 743 1371 VIII,
767 1326 817 1364 17

153 1376 190 1421 §.
222 1379 260 1416 3.
290 1378 442 1417 Isocrat.
474 1376 702 1430 Pauatl1.·p.
733 1378 815 1420 244

149 1433 198 1469 A.
229 1432 312 1474 252
340 1433 382 1470 C.
412 1434 473 1482 [c.
508 1438 558 1476 18
591 1436 629 1480 ᾧ.
656 1435 722 1483 55,
750 1437 816 1473 ubi

150 1489 252 1526 male
289 1491 382 1527 olim
421 1489 629 1541 ’ὑπέρχεται
665 1499 701 1528 et
730 1506 814 1543 cap.

149 1548 202 1586 36
223 1547 259 1592 §.
281 1548 367 1596 96.]
398 1546 646 1585 Demosthen.
667 1563 706 1599 Ρ.
722 1552 811 1598 100,

149 1604 216 1642 39.
239 1602 342 1651 [Vid.
363 1603 448 1641 Ind.
471 1606 636 1642 Graecit.
666 1606 812 1642 Demo-

146 1657 268 1696 sthen.
289 1674 327 1711 p.
341 1663 421 1701 336
433 1662 498 1710 R.]
529 1662 654 1698 Verbo
665 1661 811 1714 ἐσῆλθε

148 1718 405 1754 accusativum
451 1720 586 1755 Noster
625 1718 811 1756 adstruxit

145 1773 212 1820 ΙΙΙ,
234 1772 288 1814 42
299 1773 383 1822 (ubi
398 1775 500 1815 conf.
524 1776 639 1823 nott.)
661 1777 689 1823 1,
716 1779 809 1816 116.

145 1829 210 1876 VI,
243 1831 343 1870 125:
387 1833 522 1882 quibus
553 1831 699 1868 addunt
719 1833 810 1868 Plu-

144 1883 266 1922 tarch.
296 1887 331 1921 II
360 1900 398 1936 p.
433 1890 510 1928 109
539 1889 585 1924 E.
625 1887 811 1926 Valcken.

146 1941 195 1978 ad
223 1943 396 1993 Euripid.
438 1942 636 1982 Phoeniss.
687 1947 807 1993 1379,

144 2005 259 2050 atque
278 2000 450 2050 inprimis
472 1999 733 2038 Hemsterhus.
759 2001 807 2038 ad

142 2056 304 2093 Lucian.
326 2058 343 2092 Ι
364 2071 402 2107 Ρ.
425 2060 505 2097 206
529 2059 616 2108 Bip.
646 2057 807 2094 Adsen-

142 2124 229 2149 sum
249 2113 347 2149 bene
362 2112 606 2164 Schweigh,:
657 2115 807 2163 „Subiit

143 2182 292 2220 namque
310 2183 361 2207 me
388 2170 577 2208 humanam
597 2175 720 2209 sortem
741 2174 807 2208 mi-

143 2227 268 2275 serari,
292 2231 509 2276 reputantem
525 2259 534 2275 ‚
568 2241 673 2278 quam
693 2229 806 2265 brevis

143 2285 190 2318 sit
209 2284 370 2320 universa
387 2284 532 2321 hominis
552 2288 639 2322 vita.
657 2286 714 2321 De
728 2284 804 2337 qu&

142 2339 330 2374 sententia
349 2339 396 2376 cf.
417 2347 513 2377 nott.
535 2340 584 2378 ad
609 2343 654 2389 V,
677 2340 716 2382 4.
746 2363 802 2369 —

141 2396 236 2432 Mox
256 2391 407 2433 τούτων
429 2395 515 2432 dedi
535 2411 603 2447 pro
618 2397 801 2437 τουτέων.

141 2450 205 2487 Ad
230 2452 345 2487 verba
368 2448 474 2502 παραὶ
496 2450 569 2503 τήν
601 2450 696 2505 ζόην
718 2454 802 2503 (in-

143 2511 194 2544 ter
212 2509 342 2554 vitam,
363 2509 401 2544 in
419 2506 512 2559 vita)
544 2511 644 2547 conf.
664 2510 800 2550 Matth.

141 2564 208 2601 Gr.
230 2565 296 2601 Gr.
318 2565 355 2609 ξ.
377 2564 458 2604 588
478 2576 566 2614 pag·
591 2567 710 2608 1175.

197 2632 255 2684 ²9¹3
307 2626 356 2670 οὐ
411 2630 802 2683 παραστήσεται

142 2683 358 2735 πολλάκις]
407 2688 432 2726 ἱ.
469 2701 504 2726 e.
527 2690 585 2725 cui
613 2702 681 2726 non
703 2702 803 2740 saepe

142 2743 179 2777 in
198 2746 339 2780 mentem
365 2746 498 2781 veniat.
550 2745 815 2800 Locutiouem·

141 2797 338 2837 illustravit
367 2799 630 2840 Hemsterhus.
653 2800 702 2838 ad
725 2803 804 2839 Lu-

878 983 976 1022 cian,
998 983 1051 1018 III
1071 996 1109 1033 p.
1131 985 1211 1024 392
1224 997 1343 1036 seqq„
1361 985 1423 1021 cui
1453 985 1542 1023 add.

875 1040 956 1075 Ast.
980 1038 1027 1075 ad
1048 1040 1199 1076 Platon.
1216 1039 1430 1092 Phaedr.p.
1443 1043 1538 1084 240.

874 1094 1073 1133 Heindorf.
1104 1095 1152 1133 ad
1191 1095 1359 1135 Phaedr.
1390 1111 1478 1150 pag.
1502 1101 1542 1140 9.

873 1152 1016 1189 Herod.
1039 1153 1119 1201 Vll,
1145 1155 1235 1194 187.

930 1216 1126 1260 τεθνάναι
1148 1216 1367 1271 βούλεσθαι
1389 1224 1539 1272 μᾶλλον

875 1270 904 1325 ἢ
927 1272 1064 1325 ζώειν]
1098 1273 1212 1324 ζώειν
1242 1277 1333 1315 dant
1366 1280 1539 1331 plerique

873 1333 958 1369 libri
969 1334 1117 1384 script13
1138 1336 1314 1372 nonnulli
1336 1335 1418 1386 ζῆν,
1440 1350 1539 1374 unus

872 1390 1114 1428 Florentinus
1138 1387 1179 1438 ζό
1186 1406 1243 1431 ειν
1258 1423 1267 1440 ,
1291 1391 1395 1444 quod
1425 1393 1538 1430 Gais-

870 1446 1014 1484 fordius
1036 1450 1198 1498 recepit,
1231 1462 1275 1485 eo
1298 1450 1432 1499 procul
1462 1448 1538 1486 du-

870 1503 933 1540 bio
955 1512 1182 1551 commotus,
1205 1505 1309 1557 quod
1330 1507 1444 1542 etiam
1467 1502 1535 1557 ζόη

868 1573 938 1610 pro
962 1560 1039 1610 ζώη
1061 1562 1100 1597 in
1123 1561 1307 1599 Herodoti
1326 1563 1443 1599 Musis
1453 1563 1538 1613 ple—-

867 1629 1033 1669 rumque
1051 1616 1273 1666 exhibetur3
1299 1619 1347 1655 cf.
1368 1626 1463 1655 nott.
1487 1618 1535 1656 ad

864 1674 895 1721 I,
909 1675 976 1714 38.
1009 1674 1109 1710 Cum
1123 1688 1213 1712 vero
1233 1677 1411 1726 nuspiam
1431 1676 1534 1724 alibi,

867 1738 1055 1781 quantum
1076 1733 1152 1768 scio
1167 1762 1176 1779 ,
1196 1733 1413 1770 inveniatur
1433 1732 1534 1783 apud

866 1786 1106 1824 Herodotum
1121 1783 1236 1836 ζόειν,
1257 1790 1454 1839 vulgatam
1475 1790 1532 1825 le-

869 1844 1037 1880 ctionem
1059 1854 1158 1881 cum'
1172 1847 1326 1896 reliquis
1346 1844 1451 1882 editt.
1474 1859 1532 1882 re-

865 1900 960 1951 liqui
989 1901 1184 1939 intactam.
1254 1903 1339 1952 Ipsa
1375 1909 1532 1939 senten-

863 1957 915 1992 tia
937 1956 1039 2006 apud
1072 1958 1163 1994 alios
1186 1971 1340 2009 quoque
1369 1959 1531 2009 scripto—

864 2026 922 2049 res
944 2014 1108 2050 Graecos
1129 2016 1304 2061 occurrit,
1327 2014 1429 2065 apud
1454 2016 1530 2053 So-

862 2068 991 2120 phocl.
1007 2069 1101 2108 Oed.
1115 2071 1196 2108 Col.
1212 2071 1331 2112 1225.
1351 2071 1530 2124 Bacchy-

862 2125 928 2163 lid.
960 2126 1098 2177 fragm.
1130 2129 1168 2166 3.
1203 2127 1423 2178 Theognid.
1446 2129 1526 2170 543

861 2197 941 2235 seq.
965 2182 1063 2231 (423
1085 2188 1202 2235 seq),
1233 2186 1298 2221 ubi
1319 2186 1390 2221 alia
1419 2187 1528 2223 simi-

860 2241 910 2276 lia
932 2241 1111 2277 excitavit
1130 2240 1362 2278 Welckerus
1378 2255 1416 2292 p.
1433 2245 1526 2283 109.

859 2297 911 2334 Et
938 2296 1024 2333 vide
1053 2299 1180 2348 ipsum
1216 2297 1457 2335 Herodotum
1496 2300 1525 2348 Ι,

860 2356 927 2393 31.
957 2354 1122 2404 Longiu.
1135 2356 1192 2390 De
1212 2355 1394 2392 sublimit.
1408 2356 1465 2391 IX
1488 2355 1524 2401 §.

858 2412 900 2450 7.
921 2405 1001 2448 ἄλλ’
1014 2409 1113 2461 ἡμῖν
1124 2408 1196 2462 μὲν
1211 2412 1526 2462 δυσδαιμονοῦσι

860 2461 1065 2506 οἷποκεῖται
1084 2465 1206 2518 λιμήν
1231 2471 1367 2507 κακῶν
1390 2467 1416 2508 ὅ
1444 2465 1524 2507 θοὶ-

858 2537 985 2569 νατος.
1036 2525 1113 2560 Ubi
1133 2531 1169 2561 et
1190 2524 1374 2562 Herodoti
1393 2525 1522 2562 locum

858 2586 896 2616 et
916 2580 1006 2616 alios
1026 2582 1167 2618 similes
1189 2583 1366 2619 excitavit
1385 2580 1522 2618 Ruhn-

856 2634 994 2673 kenius
1033 2650 1120 2688 pag.
1152 2637 1235 2678 274
1269 2637 1422 2675 Weisk.
1473 2638 1520 2672 Et

860 2692 992 2729 confer
1004 2694 1052 2730 sis
1073 2706 1226 2745 quoque
1246 2695 1374 2731 Davis.
1396 2692 1442 2729 ad
1457 2694 1522 2729 Ci-

860 2750 1006 2786 ceronis
1022 2751 1194 2787 Tusculi.
1214 2751 1243 2796 1,
1266 2750 1332 2789 34.

917 2804 962 2844 αἵ
977 2819 1017 2844 τε
1036 2803 1111 2859 γὰρ
1131 2804 1334 2857 συμφοραὶ
1347 2804 1518 2856 προσπί-
