1897 3340
514 159 1143 201 POLYMNIA.V11.
1385 169 1469 209 759

187 268 292 312 5καὶ
330 267 380 312 τό
411 272 578 326 πλῆθος
618 267 851 324 ἐμάνθανε.
909 265 1070 322 μαθών
1111 269 1157 312 δὲ
1185 269 1324 314 πάντα
1354 272 1525 329 οἶφε-75

212 335 338 387 κέως,
378 334 597 393 ἀπήλαυνε
637 335 776 380 ὀπίσω
814 332 906 378 κατ’
933 333 1136 390 ἡσυχίην·
1169 334 1268 379 οὔτε
1296 338 1378 394 γάρ
1405 359 1471 393 τις

212 402 375 457 ἐδίωκε,
406 402 582 461 ἀλογίης
609 419 653 447 τε
680 400 910 457 ἐνεκύρησε
937 406 1111 459 πολλῆς.
1172 401 1377 448 ἀπελθών
1410 410 1468 459 δὲ,

212 470 326 527 ἔλεγε
354 471 466 527 πρὸς
494 471 651 526 Ξέρξεα
677 468 730 513 τά
759 484 839 525 περ
869 467 1038 515 ὀπώπεε
1064 470 1220 515 πάντα.
1277 470 1469 517 Ἀκούων
1524 483 1631 530 Xerxis
1652 493 1688 513 ac
1705 486 1750 514 De

213 539 259 583 δὲ
289 540 461 596 Ξὲρξης,
490 538 571 583 οὐκ
599 537 683 594 εἶχε
713 539 1011 594 συμβαλέσθαι
1038 538 1087 583 τὸ
1117 538 1204 592 ἐόν,
1237 538 1305 584 ὅτι
1332 526 1637 600 παροι-δεῃῢῃῖἒζῘί
1656 574 1692 601 de
1710 574 1746 602 ho

213 605 488 659 σκευάζοιντο
524 604 583 657 ὥς
618 603 901 662 ἀπολεόμενοί
928 623 974 651 τε
1013 607 1084 651 καὶ
1114 606 1372 661 ἀπολέοντες
1397 626 1471 653 κα-

49 463 148 510 209

1527 607 1631 633 ιιιιιιῑίο
1650 608 1740 635 collu-

209 672 263 716 τοὶ
295 675 502 730 δύναμιν·
534 671 636 728 ἀλλ’,
667 673 788 732 αὐτῷ
814 680 963 732 γελοῖα
990 675 1076 737 γὰρ
1107 676 1344 732 ἐφαίνοντο
1375 692 1468 720 ποι-

152 847 429 898 Ξρᾶώιιοτωῐι
448 854 527 885 erat
538 860 689 884 comam
710 847 810 884 alere

151 917 314 957 eamque
326 912 413 942 ante
423 905 555 956 proelii
570 905 720 942 initium
738 917 810 955 pe-

150 968 265 1009 ctere,
285 969 486 1013 totumque
507 968 621 1012 caput
650 962 808 998 omuino

150 1031 336 1054 exornare
357 1017 530 1070 adeoque
550 1019 698 1055 coronis
725 1019 809 1055 ciu-

149 1087 260 1124 gere,
280 1077 387 1126 quasi
409 1074 457 1112 ad
472 1076 569 1111 laeta
586 1081 708 1112 essent
716 1087 809 1125 pro-

147 1131 283 1167 secturi
301 1132 379 1169 sive
398 1144 500 1168 mors
518 1138 691 1168 secutura
712 1137 807 1168 esset

146 1187 226 1224 sive
245 1188 415 1225 victoria.
445 1209 498 1214 —
547 1189 642 1224 Mox
662 1188 806 1225 restitui

147 1239 356 1294 ε’θωύμαζε
376 1257 445 1294 pro
468 1239 663 1294 ἐθώμαζε.

203 1295 366 1352 ἀλογίης
393 1314 434 1339 τε
463 1295 678 1351 ἐνεκύρησε
706 1301 806 1339 πολ-

144 1357 236 1406 λῆς]
266 1357 292 1394 i.
314 1370 348 1394 e.
367 1369 474 1407 neque
490 1358 672 1406 quisquam
692 1357 804 1394 ullam

144 1414 220 1450 eius
246 1415 418 1451 rationem
447 1413 572 1450 habuit
600 1427 629 1452 s.
662 1414 700 1450 in
729 1426 805 1450 ma-

143 1481 255 1517 gnam
271 1470 398 1507 incidit
413 1468 597 1519 inficmz‘am
612 1483 642 1507 s.
655 1473 805 1507 contem-

143 1529 232 1564 tum.
288 1527 346 1564 Ita
365 1527 443 1562 iam
462 1527 598 1563 Portus
618 1533 720 1563 recte
739 1540 804 1563 ce-

142 1583 200 1633 pit
219 1581 314 1620 haec
334 1584 449 1621 verba
477 1583 646 1635 itemque
666 1583 803 1620 Strabo

143 1639 169 1676 l.
181 1639 207 1676 l.
219 1638 404 1677 adhibens
420 1640 582 1678 verbum
601 1654 804 1708 καταφρο-

144 1698 338 1746 νηθῆναι.
383 1695 486 1735 Add.
509 1694 646 1733 Suidas
664 1710 692 1734 5.
704 1710 740 1735 v.
756 1692 804 1735 οἷ-

144 1750 258 1819 λογία
288 1753 307 1788 Ι
335 1766 374 1803 Ρ.
407 1755 485 1794 119
514 1755 599 1804 qui:
639 1748 801 1805 οἷλογία·

146 1806 176 1858 ἦ
213 1803 462 1859 αφροντισία.
527 1808 713 1846 Valckeu.
754 1810 802 1846 ob

145 1865 307 1902 verbum
325 1860 564 1916 ἐνεκύρησε,
592 1864 708 1902 modo
729 1864 804 1903 hoc

142 1933 279 1958 sanum
298 1922 365 1969 sit,
387 1922 540 1957 rescribi
559 1923 641 1958 vult
661 1917 802 1988 ἀλογίῃ

142 1980 271 2031 πολλῇ
286 1984 399 2029 atque
418 1978 470 2014 sic
491 1978 606 2014 etiam
624 1978 685 2015 vel
707 1974 802 2016 α’λο-

142 2034 252 2088 γίῃσι
271 2036 438 2088 πολλῃσι
468 2033 711 2071 scribendum
741 2034 802 2071 xi-

142 2089 802 2142 debaturSchweighaeusero,quum

142 2147 259 2183 verbo
291 2146 470 2198 ε’γκυρεῖν
503 2146 649 2185 dativus
679 2146 800 2184 adda-

144 2209 205 2238 tur
221 2204 269 2249 ΙΙ,
281 2206 348 2244 82.
365 2205 431 2250 ΙΙΙ,
444 2205 510 2243 77.
530 2205 594 2252 IV,
613 2206 690 2243 123
712 2204 798 2240 coll.

143 2259 224 2303 VII,
245 2260 339 2298 218.
398 2257 493 2295 Mihi
512 2261 577 2297 vix
597 2272 691 2310 opus
710 2273 801 2296 mu-

142 2316 285 2352 tatione
304 2312 465 2362 videtur,
487 2316 518 2351 si
537 2316 706 2367 quidem,
723 2330 799 2368 quo

142 2370 260 2413 modo
289 2371 411 2407 verbis
446 2375 576 2420 τυχεῖν
591 2401 601 2419 ,
649 2377 798 2422 κυρεῖν,

144 2429 236 2471 aliis,
257 2426 499 2477 consequendi,
511 2427 731 2476 adipiscendi
748 2430 800 2464 si-

143 2484 387 2535 gnificatione
417 2484 606 2532 genitivus
635 2482 798 2532 additur,

143 2547 186 2577 ut
213 2541 295 2587 Vll,
319 2540 410 2581 158.
429 2541 476 2586 ΙΙ,
495 2542 587 2587 136,
623 2552 668 2575 eo
687 2540 801 2576 etiam

143 2597 259 2635 verbo
271 2596 448 2647 ἐγκυρεῖν
458 2596 568 2632 illum
583 2594 674 2632 addi
691 2608 801 2646 posse

143 2653 322 2691 credibile
343 2659 410 2697 est,
438 2664 526 2688 cum
553 2652 670 2690 verba
690 2665 800 2689 com-

142 2711 264 2761 posita
303 2709 534 2759 simphoium
572 2715 799 2746 structuram

141 2765 246 2804 haud
254 2779 338 2804 raro
346 2764 800 2818 sequantur,testeMatth.

866 847 932 887 Gr.
959 848 1022 886 Gr.
1053 849 1091 894 ξ.
1124 846 1219 897 428,
1253 851 1277 891 3
1307 862 1396 901 pag.
1429 852 1522 899 793,

864 905 931 941 ubi
951 905 1050 942 bene
1070 911 1198 942 tuetur
1216 906 1422 943 lectionem
1436 909 1524 945 vul-

863 968 1006 1012 gatam⁷
1037 974 1152 1013 quam
1173 963 1287 999 etiam
1311 965 1364 1000 sic
1384 965 1524 1000 mutari

863 1031 972 1069 posse
993 1019 1138 1055 censuit
1158 1018 1355 1068 Valcken„
1374 1027 1416 1057 ut
1430 1021 1515 1057 scri-

864 1075 1039 1112 beretur:
1091 1070 1255 1126 ἀλογίης
1280 1090 1330 1125 τε,
1355 1072 1524 1128 ἐκύρησε

861 1133 1014 1183 πολλῆς
1037 1131 1064 1168 i.
1086 1144 1119 1170 e.
1142 1129 1244 1184 ἄγαν
1275 1131 1523 1184 κατεφρονή-

861 1191 942 1238 θη,
973 1191 1158 1225 contemtus
1195 1191 1265 1237 est,
1295 1190 1327 1225 si
1367 1188 1523 1240 quidem

860 1247 993 1294 τυχεῖν
1026 1245 1088 1282 vel
1115 1248 1253 1296 κυρεῖν
1283 1241 1445 1296 α’λογίης
1475 1247 1521 1283 sit

861 1302 1273 1351 contemtumconsequii.
1287 1315 1319 1339 e.
1342 1304 1520 1350 contemni,

857 1357 980 1406 neglig
983 1352 1318 1425 ί,ο’λ,ιγωρεῐσθαι.
1346 1360 1425 1396 Nec
1446 1360 1520 1395 alio

859 1414 938 1450 fere
970 1427 1082 1451 sensu
1111 1413 1154 1453 ἐν
1184 1409 1324 1468 ἅλογίῃ
1354 1430 1391 1453 τι
1419 1415 1519 1465 ἐχειν

857 1470 922 1519 VI,
944 1471 1010 1519 75,
1031 1471 1097 1507 ubi
1117 1469 1192 1508 vid.
1213 1478 1309 1508 nott.
1351 1469 1520 1508 Verbum

859 1525 1063 1579 ἔπικυρεῖν
1091 1541 1180 1564 cum
1205 1528 1372 1577 genitivo
1397 1529 1519 1579 attigit

858 1585 1026 1622 Passow.
1047 1585 1088 1620 in
1102 1585 1245 1621 Melett.
1263 1586 1359 1621 critt.
1381 1586 1420 1621 iu
1440 1586 1519 1621 Ae-

857 1639 979 1692 schyli
1006 1642 1110 1680 Pers.
1145 1640 1361 1691 (Vratislav.
1396 1641 1520 1690 1818)

857 1711 896 1748 p.
910 1698 978 1737 40.
998 1696 1263 1735 Valckenaerii
1279 1696 1519 1734 emendatio-

857 1766 950 1790 nem
979 1754 1021 1790 iu
1058 1761 1207 1790 textum
1241 1755 1382 1804 recepit
1410 1752 1517 1790 Bek-

857 1808 985 1849 kerus.
1043 1811 1101 1846 De
1122 1811 1313 1860 particulis
1329 1807 1519 1850 οὔτε-τε

858 1865 936 1906 vid.
959 1867 1071 1903 allata
1091 1866 1139 1903 ad
1153 1868 1214 1914 VI,
1234 1869 1269 1906 1.

1064 1955 1156 2007 Cap.
1178 1955 1309 1994 CCIX.

915 2029 990 2074 οὐκ
1001 2029 1076 2084 εἶχε
1087 2032 1360 2085 συμβαλέσθαι
1370 2029 1413 2072 τό
1425 2028 1512 2081 ε’ὀν]

856 2091 881 2130 i.
905 2104 940 2129 e.
966 2093 1151 2138 conticere,
1177 2093 1374 2141 perspicere
1399 2101 1516 2126 verum

856 2160 923 2184 non
952 2149 1079 2197 potuit.
1136 2147 1306 2184 Verbum
1335 2143 1516 2196 συμβάλ·

855 2206 999 2242 λεσθαι
1019 2204 1124 2254 attigi
1146 2203 1195 2240 ad
1215 2204 1259 2251 V,
1285 2207 1321 2243 1.
1377 2201 1440 2238 Ad
1472 2198 1517 2240 τὸ

854 2256 923 2299 ε’ὁν
943 2260 1043 2297 conf.
1053 2262 1082 2308 Ι,
1096 2262 1162 2301 97.
1185 2261 1371 2307 v11‚237.
1392 2258 1514 2295 Paulo

854 2323 939 2367 post
959 2317 1134 2354 revocavi
1147 2311 1428 2366 ἀπολεόμενοι,
1449 2315 1515 2350 ubi

855 2386 905 2410 ex
930 2372 1072 2410 Aldina
1101 2374 1217 2424 vulgo
1256 2378 1513 2424 propagatum

854 2424 1132 2479 ἇπολεύμενοι.
1200 2430 1253 2466 At
1291 2429 1393 2466 conf.
1430 2428 1510 2474 VII,

856 2487 951 2534 218,
967 2487 1033 2522 ubi
1052 2487 1158 2523 nulla
1177 2485 1364 2523 iudicatur
1376 2483 1511 2520 lectio-

855 2541 914 2577 nis
934 2543 1104 2581 varietas.
1126 2564 1183 2570 —
1220 2544 1278 2578 De
1299 2542 1336 2578 vi
1364 2540 1509 2590 passiva

854 2593 972 2635 huius
998 2600 1182 2650 participii
1215 2597 1290 2636 vid.
1330 2602 1426 2632 nott.
1461 2593 1508 2631 ad

854 2653 943 2703 V‚“
922 2655 988 2695 05·

912 2705 1019 2765 αυτῷ
1038 2712 1170 2763 γελοῖα
1190 2722 1264 2759 γαρ
1294 2705 1508 2756 ἐφαίνοντο

852 2752 1022 2817 ποιέειν]
1052 2768 1159 2804 Unus
1177 2765 1295 2801 Paris.
1315 2758 1434 2810 αυτὸς
1453 2763 1510 2799 al-

1528 639 1638 674 quium.
