1897 3340
409 167 492 208 702
819 165 1276 205 HERODOTI

409 276 588 330 „Mtvms
627 274 785 330 ἔπεμψε
825 275 992 331 μηνίων
1020 276 1302 330 δακρύματα,
1339 273 1406 321 ὅτι
1423 276 1468 321 οἱ
1495 276 1572 331 μὲν
1599 276 1654 321 οὐ

407 343 800 398 ,,συνεξεπρήξαντο
831 342 949 400 αὐτῷ
978 344 1054 388 τὸν
1084 343 1130 387 ἐν
1164 343 1346 399 Καμίκῳ
1363 341 1562 389 θάνατον
1588 360 1654 400 γε·

407 411 632 468 ,,νόμενον,
662 411 784 465 ὑμεῖς
814 410 859 456 δὲ
888 413 1070 454 κείνοισι
1098 410 1175 466 τὴν
1199 409 1247 453 ἐκ
1276 408 1480 466 Σπάρτης
1518 411 1653 467 ἆρπα-

406 484 612 534 ,,χθεῖσαν
648 477 720 522 ὑπ’
759 477 918 532 ἀνδρὸς
959 478 1185 534 βαρβάρου
1223 482 1448 532 γυναῖκα.“
1510 483 1708 525 Ταῦτα1ο

406 549 452 590 οἱ
488 549 651 602 Κρῆτες
690 545 748 597 ὦς
792 544 1098 600 ἀπενειχθέντα
1125 544 1343 602 ἤκουσαν,
1375 546 1549 602 ἔσχοντο
1577 551 1652 603 τῆς

350 735 521 790 φόμενοι
559 739 601 777 de
627 739 683 779 his
716 742 955 789 conquerentes
973 751 999 776 s

349 798 433 834 haec
447 799 644 834 incusantes
663 797 710 843 ΙΙ,
733 797 854 836 161.“
891 794 1002 831 Wes-

348 868 366 891 s
378 853 418 890 el
433 855 448 890 i
456 866 478 890 n
488 866 524 902 g.
594 851 888 890 Valckenaerius
919 853 1001 887 He-

348 908 507 946 rodotea
527 909 580 946 sic
607 916 686 945 erat
712 910 999 958 interpretatus.

348 965 446 1002 mala
466 966 727 1015 conquerimini,
757 977 775 999 o
794 966 1000 1013 insipientes,

351 1034 440 1071 quae
492 1021 605 1058 multa
651 1024 792 1071 propter
824 1019 1000 1056 auxilium

350 1076 515 1115 Menelao
544 1077 657 1114 latum
679 1077 775 1113 vobis
795 1075 919 1113 IlIinos
934 1077 1001 1112 im-

348 1135 466 1182 misit,
496 1135 610 1170 iratus
629 1132 718 1184 quod
741 1139 810 1172 etc
843 1134 901 1168 De
920 1133 999 1168 Da-

321 1191 426 1227 ·tivo
459 1188 647 1243 Μενέλεῳ
680 1188 748 1239 (of.
767 1189 815 1236 ΙΙ,
840 1191 932 1229 119.
951 1188 996 1237 V,

346 1245 583 1293 94fm.V11‚
607 1246 706 1294 171)
739 1243 997 1284 conf.Mattl1.

346 1302 412 1338 Gr.
442 1303 508 1339 Gr.
539 1303 577 1348 §.
613 1303 694 1342 390
723 1315 761 1352 p.
791 1303 886 1342 717.
916 1300 1002 1337 vid.

346 1358 446 1395 infra
485 1359 567 1406 VII,
610 1360 688 1398 170
735 1364 772 1394 et
819 1356 1001 1407 Sophocl.

345 1413 578 1459 Tmoli-681
604 1415 697 1462 [671
723 1413 838 1462 Erf.].
869 1416 1002 1466 Itaque

345 1467 393 1509 τοὶ
421 1469 608 1523 Μενέλεῳ
638 1467 897 1522 τιμωρήματα
932 1483 1000 1507 au-

344 1526 437 1565 xilia
468 1534 555 1564 sunt
583 1525 790 1564 Idomeneo
806 1527 999 1563 Merione-

346 1596 421 1634 que
470 1582 627 1620 ducibus
674 1585 781 1621 missa
821 1582 997 1621 Menelao.

344 1640 444 1676 Nam
463 1635 671 1690 τιμώρημα
697 1637 738 1676 h.
767 1639 792 1675 l.
822 1640 998 1676 auxilium

342 1694 508 1744 indicat,
543 1694 647 1732 idem
666 1694 744 1732 fere
764 1694 867 1747 quod
897 1691 997 1746 βοή-

344 1755 482 1802 θημα,
525 1758 568 1788 ut
593 1752 674 1799 VII,
707 1754 799 1792 170.
836 1754 928 1792 171.
949 1753 996 1800 ΙΙ,

348 1807 442 1853 144.
463 1805 627 1859 τιμωροὶ
648 1806 764 1844 iidem
774 1814 887 1859 atque
901 1809 1000 1859 βοη-

343 1862 430 1912 θοὶ,
459 1871 497 1901 et
521 1864 689 1916 τιμωρία
715 1865 756 1900 in
784 1864 860 1900 fine
887 1863 998 1901 huius

345 1932 429 1970 cap.
461 1927 498 1958 et
531 1921 635 1964 VIII,
664 1919 730 1960 49.
772 1920 839 1961 65.
897 1919 998 1958 Add.

344 1977 492 2014 Aelian.
522 1978 570 2014 N.
595 1978 644 2016 A.
679 1978 708 2023 1,
740 1975 766 2016 4
786 1978 915 2028 ibique
933 1978 997 2014 Ia-

345 2033 446 2070 cobs.
469 2032 592 2071 ,Minos
604 2046 671 2083 pro
683 2032 778 2070 heroe
796 2046 826 2072 s.
849 2034 910 2070 deo
925 2032 997 2071 ha-

345 2088 505 2137 bendus,
532 2091 650 2141 quiin
672 2090 764 2126 vivis
791 2087 884 2126 dum
904 2097 995 2138 erat,

345 2144 582 2182 Cretensium
602 2159 670 2182 rex
684 2144 872 2183 vindictae
883 2153 996 2198 atque

343 2201 496 2237 ultionis
534 2202 617 2251 plus
645 2214 767 2252 aequo
797 2201 997 2250 studiosus,

345 2256 421 2294 iam
443 2264 617 2294 mortuus
638 2256 863 2307 divinosque
895 2270 996 2294 asse-

344 2319 452 2349 cutus
487 2311 649 2349 honores
675 2314 826 2349 Graecis
866 2313 996 2349 irasci-

345 2375 419 2415 tur,
435 2367 537 2420 quod
558 2369 671 2418 ipsius
692 2375 855 2404 mortem
876 2370 914 2406 in
932 2369 996 2406 Si-

345 2425 430 2462 cilia
450 2438 526 2462 non
546 2425 608 2472 ita,
630 2431 671 2461 ut
692 2437 759 2474 par
779 2424 902 2473 suerit,
922 2426 995 2463 sint

345 2481 428 2519 ulti.
486 2482 562 2519 llas
605 2493 694 2518 vero
733 2479 892 2521 deorum
930 2481 994 2518 he.

347 2550 535 2589 roumque
554 2538 626 2574 iras
646 2538 773 2576 vocari
795 2539 995 2589 μηνίματα

347 2594 520 2632 observat
546 2592 852 2635 Valckenaerius.
911 2596 994 2640 Quo

345 2651 460 2687 etiam
480 2650 640 2702 pertinet
649 2650 808 2688 verbum
827 2652 995 2701 μηνίειν,

345 2719 421 2758 quo
448 2709 582 2744 Noster
619 2705 681 2744 hic
710 2708 826 2744 utitur
856 2721 997 2745 succen-

344 2763 452 2812 sendi,
483 2763 660 2802 irascendi
677 2764 844 2812 notione,
865 2771 905 2801 ut
915 2765 946 2802 V
947 2765 996 2811 ΙΙ,

1058 741 1153 778 229.
1187 741 1255 787 IX,
1285 744 1311 781 7
1330 742 1416 778 coll.
1443 742 1488 789 V,
1510 741 1582 791 843
1617 741 1706 781 hinc

1059 807 1212 846 quoque
1233 798 1351 846 μῆνις
1372 796 1418 834 de
1439 796 1598 836 deorum
1610 812 1705 852 qua—

1059 850 1177 887 dam
1168 864 1221 887 ira
1241 852 1542 899 V11‚134.137
1603 855 1705 894 Add.

1057 906 1240 944 Abresch.
1263 915 1299 944 et
1313 909 1455 945 Locell.
1467 909 1515 946 ad
1527 911 1706 962 Xenopli.

1055 962 1196 1013 Eplies.
1218 977 1255 1013 p.
1288 965 1378 1003 131.
1409 963 1590 1014 Sophocl.
1612 967 1706 1005 Oed.

1058 1020 1192 1056 Colon.
1211 1022 1289 1059 907
1311 1018 1423 1056 Botll.
1453 1021 1528 1057 Pro
1549 1024 1707 1072 μηνίειν

1056 1076 1284 1112 recentiores
1311 1077 1509 1127 scriptores
1531 1076 1708 1117 dixerunt

1056 1146 1218 1183 μηνιαν.

1110 1185 1168 1227 ότι
1198 1202 1236 1227 οι
1265 1184 1337 1238 μὲν
1369 1183 1419 1227 ου’
1471 1187 1708 1242 σινεξεπρή-

1055 1245 1202 1292 ξαντο]
1256 1243 1296 1282 οἷ
1328 1242 1401 1294 μὲν
1441 1245 1707 1297 intelliguntur

1060 1301 1207 1348 Graeci,
1219 1301 1282 1350 qui
1294 1302 1361 1337 etsi
1377 1301 1615 1340 Cretensibus
1636 1315 1707 1340 au-

1057 1357 1194 1393 xilium
1226 1358 1266 1392 iu
1285 1356 1384 1394 bello
1405 1358 1575 1399 Troiano
1597 1367 1706 1398 antea

1057 1414 1178 1450 latum
1199 1411 1382 1461 debeant,
1420 1415 1557 1452 Minois
1576 1422 1706 1453 tamen

1056 1470 1192 1507 iniuste
1222 1471 1319 1506 caesi
1351 1478 1515 1508 mortem
1547 1473 1705 1510 minime

1057 1527 1131 1563 sint
1151 1526 1232 1572 ulti,
1253 1524 1356 1563 haud
1372 1526 1527 1579 quidem
1546 1541 1614 1579 par
1624 1531 1705 1580 pari

1054 1582 1271 1619 referentes.
1328 1584 1385 1619 De
1419 1585 1535 1622 verbo
1571 1597 1706 1625 συνεκ-

1053 1635 1303 1690 πρήσσεσθαι
1329 1640 1430 1677 cons.
1461 1641 1570 1678 allata
1591 1640 1639 1678 ad
1659 1642 1704 1691 V,

1053 1694 1106 1734 94
1129 1695 1481 1742 etV11158.1u
1506 1710 1611 1750 seqq.
1631 1694 1706 1766 τήν

1053 1749 1097 1790 ἐκ
1122 1745 1311 1802 Σπάρτης
1343 1750 1615 1803 ἆρπαχθεῖσαν
1635 1748 1704 1794 ’ὑπ’

1055 1802 1203 1859 ανδρος
1224 1805 1430 1859 βαρβαρου
1450 1813 1706 1862 γυναῖκα,εο.-

1055 1864 1101 1900 tis
1140 1870 1244 1914 patet
1284 1863 1455 1903 Helenam
1492 1867 1653 1917 intelligi
1682 1879 1705 1906 a

1056 1919 1201 1967 Paride,
1214 1920 1294 1957 viro
1306 1922 1464 1960 barbaro
1476 1921 1573 1972 (uon
1583 1924 1705 1963 Grae-

1057 1977 1120 2026 co)
1142 1983 1304 2027 raptam.

1109 2032 1266 2083 ἕσχοντο
1284 2036 1354 2084 τῆς
1375 2033 1590 2085 τιμωρίης]
1620 2033 1647 2069 i.
1668 2046 1702 2071 e.

1053 2088 1097 2125 ab
1117 2088 1253 2126 auxilio
1264 2089 1414 2139 ferendo
1443 2089 1703 2128 abstinuerunt.

1051 2143 1201 2180 Eodem
1230 2144 1346 2182 modo
1376 2144 1532 2195 ἔσχοντο
1564 2146 1627 2192 VI,
1648 2146 1702 2187 85

1052 2200 1138 2237 coll.
1168 2200 1236 2246 IX,
1270 2203 1363 2241 137.
1439 2202 1524 2237 Nou
1552 2214 1703 2252 prorsus

1052 2268 1141 2292 cum
1173 2255 1367 2294 Herodoto
1399 2259 1578 2295 convenit
1612 2258 1703 2295 Cte-

1051 2312 1133 2358 sias,
1156 2313 1273 2363 quiin
1290 2313 1450 2352 Persico.
1474 2315 1510 2359 §.
1529 2315 1581 2354 26
1594 2312 1705 2351 The-

1051 2369 1230 2406 mistoclis
1269 2376 1305 2406 et
1334 2369 1504 2408 Aristidis
1545 2371 1701 2408 consilio

1051 2431 1177 2461 narrat
1206 2438 1227 2461 e
1258 2426 1368 2464 creta
1397 2429 1604 2475 sagittarios
1624 2439 1702 2465 esse

1053 2480 1279 2530 advocatos,
1322 2481 1552 2534 eosdemque
1587 2484 1702 2520 etiam

1052 2536 1266 2575 advenisse:
1308 2552 1405 2590 quae
1442 2546 1527 2590 apte
1557 2540 1702 2576 confert

1053 2595 1219 2632 Sintenis
1249 2594 1296 2632 ad
1318 2595 1510 2633 Plutarch.
1536 2594 1702 2634 Themi-

1052 2651 1159 2688 stocl.
1189 2649 1237 2691 14
1258 2652 1352 2700 init„
1374 2653 1439 2688 ubi
1458 2650 1638 2698 traditur,
1659 2653 1700 2688 in

1053 2708 1184 2758 quavis
1223 2720 1321 2746 nave
1355 2709 1480 2746 Attica
1510 2709 1701 2758 octogiuta

1052 2764 1165 2803 fuisse
1174 2764 1321 2815 milites,
1341 2765 1527 2817 inquibus
1551 2767 1701 2815 quatuor
