1897 3340
643 200 949 239 ERATO.
1008 201 1087 238 Vl.

1418 203 1502 244 269

230 314 269 358 εί
296 313 448 368 ποιοίη
476 309 542 355 τοί
581 326 662 364 περ
697 306 840 353 αὐτοῦ
871 309 914 352 οἱ
943 306 1169 365 Δόλογκοι
1196 309 1500 362 προσεδέοντο

102 374 169 418 36
227 380 523 435 Κελευούσης
534 378 580 421 δὲ
611 378 686 422 καὶ
714 380 792 433 τῆς
823 378 1019 432 Πυθίης,
1067 375 1184 420 οὕτω
1216 376 1270 432 δὴ
1311 377 1501 423 Μιλτιά-

225 450 303 505 δης
333 446 356 491 ὁ
387 446 614 498 Κυψέλου,
638 443 856 500 Ὀλύμπια
878 461 1129 501 αναιρηκως
1151 443 1368 499 πρότερον
1396 461 1446 487 το

221 531 310 559 των
337 515 588 568 τεθρίππῳ,
619 512 723 556 ’τότε
759 512 1033 567 παραλαβών
1071 511 1317 568 Ἀθηναίων
1353 511 1498 556 πάντα

218 583 297 634 τὸν
333 580 608 636 βουλόμενον
645 581 835 637 μετέχειν
884 584 966 624 τοῦ
1011 579 1194 629 στόλου,
1240 580 1361 624 ἔπλεε
1403 579 1494 637 ἅμα

217 654 331 693 τοῖσι
359 647 651 704 Δολόγκοισι,
693 652 767 693 καὶ
799 650 891 704 ἔσχε
929 650 1007 706 τὴν
1035 645 1208 704 χώρην·
1240 649 1315 691 καί
1344 664 1421 704 μιν
1452 650 1495 692 οἱ

189 715 540 773 Ξέπαγαγόμενοι
577 716 800 771 τύραννον
834 715 1167 772 κατεστήσαντο.

1222 715 1273 758 Ὃ
1302 716 1348 760 δὲ
1378 721 1493 772 πρῶ-

1558 372 1680 400 facilem
1700 383 1733 434 e¹e
1728 383 1833 435 cprae-

1559 406 1714 434 bernuini

1652 482 1699 500 ιιιιι
1718 482 1752 501 cu
1737 485 1783 502 um

1556 481 1621 532 collo
1606 482 1653 533 oeni
1649 507 1671 533 ‘s
1686 514 1808 536 secutus

1558 540 1601 573 [a.
1615 541 1706 575 5no.‚]
1735 546 1766 568 et

1553 581 1705 601 summum
1723 575 1763 601 ιΙ
1744 584 1764 601 ι

1552 607 1633 646 impe
1637 608 1660 634 ri
1666 616 1715 634 um
1736 608 1800 635 adi-

1553 641 1629 680 pisel
1622 641 1696 675 i‚tur
1717 647 1748 669 et

1553 675 1636 714 Apsii
1630 676 1691 702 ιιιΙιι
1684 684 1781 703 torum

1551 708 1740 737 incursiones
1767 718 1832 737 mu-

1551 743 1716 771 nitionibus
1749 744 1831 771 cohi-

206 799 285 828 τον
313 784 392 839 μὲν
421 783 659 840 ἀπετείχισε
696 783 776 828 τὸν
805 783 971 840 ἰσθμόν
1008 787 1085 840 τῆς
1118 782 1405 840 Χερσονήσου
1445 776 1614 828 ἐκ7οῧθῑ·

158 961 233 986 νον
253 948 355 985 conf.
377 945 422 995 V,
445 949 512 988 36.
533 948 581 995 Π,
598 947 691 990 115
704 971 753 977 -
778 949 823 984 Ιιι

158 1003 235 1040 fine
270 1017 352 1056 cap.
383 1005 586 1041 seiunctim
617 1007 746 1056 scripsi
777 1004 822 1044 ἐκ

158 1061 297 1100 ποδῶν
324 1057 427 1100 εἶναι
459 1061 504 1112 (e
527 1066 712 1113 conspectu
735 1075 820 1112 esse,

158 1122 327 1156 remotum
347 1116 457 1169 esse),
498 1119 564 1155 ubi
584 1121 701 1170 vulgo
722 1132 819 1157 con—

156 1174 317 1212 iunctim
339 1174 535 1214 ἐκποδῶν.

216 1231 252 1271 εἰ
271 1233 435 1281 ποιοίη]
468 1233 515 1268 G.
538 1233 748 1269 Hermann.
763 1233 821 1285 De

156 1290 289 1339 partic.
325 1284 376 1327 ‹32v
407 1291 453 1335 11,
481 1287 507 1327 4
528 1302 565 1339 p.
599 1292 652 1330 90
672 1290 821 1326 mavult

155 1348 258 1399 ποιῇ
288 1352 330 1382 ut
359 1345 405 1392 V,
436 1345 502 1392 42,
533 1345 600 1382 ubi
628 1346 705 1383 vid.
728 1347 821 1383 Vel-

155 1401 235 1438 lem
254 1403 381 1452 scripti
392 1402 476 1438 libri
487 1401 719 1440 addicerent.
741 1404 819 1440 Pro

154 1460 294 1509 ποιοίη
326 1461 441 1495 etiam
469 1459 668 1498 Dobraeus
705 1461 819 1498 scribi

153 1516 236 1552 vult
264 1518 377 1570 ποιῇ.

331 1594 425 1646 oap.
450 1595 633 1632 xxxvl.

204 1677 408 1733 Ὀλύμπια
439 1679 696 1738 α’ναιρηκοὶς]
755 1685 814 1722 Ita

149 1753 241 1777 oum
269 1741 541 1779 rece11tt.edd.
570 1742 722 1792 reposui
742 1754 813 1792 pro

148 1797 254 1847 vulg.
283 1793 509 1850 ἀνῃρηκώς.
551 1797 722 1835 Bekker.
743 1797 815 1835 de-

150 1852 205 1890 dit
227 1849 519 1907 οἷναραιρηκώς.
552 1857 610 1891 De
620 1855 813 1892 locutione

148 1909 227 1948 vid.
255 1918 385 1948 notata
416 1911 464 1948 ad
492 1912 537 1960 V,
561 1914 654 1953 102.
717 1913 813 1949 MOX

149 1965 238 2004 dedi
256 1963 411 2007 τούτων
431 1982 500 2020 pro
521 1967 707 2008 τουτέων.

202 2019 334 2063 πάντα
345 2021 409 2064 τὸν
420 2022 682 2076 βουλόμενον]
694 2027 810 2075 ,,Νοιι

146 2078 267 2118 defuit
294 2083 476 2119 Pisistrati
494 2095 710 2131 consensus,
740 2097 811 2120 cu-

146 2137 236 2188 pide
255 2145 453 2189 potentem
466 2146 503 2177 et
522 2141 734 2190 gratiosum
748 2141 809 2178 vi-

145 2206 233 2231 rum
262 2197 498 2245 amolientis,
534 2204 809 2250 praetereaque

144 2253 271 2303 copias
312 2259 349 2290 et
385 2255 598 2291 necessaria
623 2254 810 2307 suppedi-

144 2309 279 2356 tantis3
309 2308 414 2362 quod
434 2311 675 2348 narrantibus
704 2310 808 2363 apud

142 2364 409 2403 Marcellinum
446 2367 601 2405 accedo.
606 2369 630 2388 “
674 2368 804 2407 Wes-

142 2421 309 2471 seling.
367 2424 462 2461 Mox
497 2425 632 2475 optimi
659 2426 802 2478 quique

145 2475 228 2527 ε’σχε
242 2505 258 2523 ,
306 2479 413 2516 cuius
440 2480 526 2518 loco
547 2482 652 2529 olim,
673 2489 717 2519 ut
736 2483 801 2531 VI,

141 2530 196 2574 45
218 2532 318 2583 ἔσκε,
349 2537 638 2587 aWesselingio
652 2537 802 2577 dudum

143 2591 337 2639 reiectum,
359 2593 544 2642 probante
563 2592 743 2646 Schweig
746 2594 799 2645 h.,

143 2646 209 2695 qui
229 2646 276 2683 ad
296 2649 342 2684 G.
356 2650 565 2687 Hermann.
595 2651 653 2686 De
665 2663 802 2689 emen-

141 2699 256 2738 dand.
278 2711 346 2741 rat.
359 2706 491 2743 Graec.
503 2708 675 2743 Gramm.
698 2721 735 2758 p.
747 2709 801 2749 58

144 2758 354 2797 amandans
374 2790 384 2807 ‚
436 2761 532 2799 haec
581 2763 800 2813 adscripsit:

144 2814 286 2862 „Recte
306 2818 507 2871 utrobique
528 2818 614 2870 ἔσχε
644 2822 803 2858 restituit

880 946 1174 997 Wesselingius.
1213 947 1314 983 Nam
1335 945 1423 986 ἔσκε
1443 945 1548 999 apud

877 1005 1059 1040 Nostrum
1098 1005 1268 1055 aliosque
1310 1006 1422 1042 Iones
1468 1008 1547 1042 erat

875 1060 1085 1111 significat3
1107 1067 1144 1098 et
1163 1061 1228 1097 ille
1247 1062 1295 1098 A.
1313 1062 1426 1098 Gellii
1446 1063 1547 1098 ami-

875 1131 954 1165 cus,
977 1119 1043 1170 qui
1073 1115 1189 1157 ἔσκον
1210 1131 1302 1155 cum
1329 1117 1444 1169 ἔσχον
1469 1118 1546 1155 dici

878 1175 950 1223 ait,
978 1176 1026 1214 N.
1057 1175 1136 1212 Att.
1162 1175 1226 1222 VI,
1252 1174 1302 1215 15
1332 1182 1397 1212 aut
1427 1174 1545 1215 ἔσκον

877 1245 969 1268 cum
1000 1230 1114 1281 ἔσχον
1140 1232 1317 1282 imperite
1352 1231 1542 1280 confudit,

876 1295 943 1325 aut
962 1295 1139 1339 corrupto
1156 1290 1234 1325 iam
1253 1295 1345 1326 tunc
1356 1288 1544 1326 Herodoti

876 1345 1009 1382 codice
1030 1358 1119 1382 usus
1141 1347 1236 1384 est.“

933 1396 1155 1453 ἐπετείχισε
1182 1399 1253 1442 τόν
1284 1398 1436 1453 ἰσθμὸν
1468 1403 1542 1453 τῆς

876 1454 1166 1511 Χερσονήσου]
1199 1457 1435 1507 ‚,Mi1tiades‚
1467 1459 1541 1496 du-

872 1518 928 1552 cto
947 1528 969 1551 a
986 1514 1123 1552 Cardia
1135 1515 1184 1552 ad
1194 1517 1381 1567 Pactyam
1397 1528 1430 1554 m
1442 1529 1466 1552 u
1478 1529 1496 1552 r
1506 1529 1538 1563 ο,

868 1571 1077 1622 Apsc'ntkios
1134 1572 1340 1610 Chersonesi
1386 1575 1539 1610 introitu

865 1624 1060 1678 prohibuit.
1090 1627 1135 1665 Id
1156 1625 1428 1681 ἀποτειχίζειν,
1457 1631 1538 1667 sive

870 1692 914 1722 ut
942 1685 1135 1723 Diodorus
1172 1686 1445 1738 ὃιατειχίζειν,
1493 1685 1535 1724 h·

871 1755 906 1779 e.
928 1742 1158 1793 οἰκοδομεῖν
1182 1740 1249 1782 διὰ
1277 1746 1350 1782 τοῦ
1382 1743 1538 1795 ἰσθμοῦ

868 1802 1007 1850 τεῖχος,
1020 1800 1147 1837 Nostri
1166 1798 1334 1837 dictione
1353 1801 1452 1849 VIII,
1464 1803 1537 1842 71.

869 1855 1095 1906 Opportune
1122 1856 1359 1908 Xenophon.
1389 1871 1439 1894 ex
1467 1870 1535 1894 ore

870 1912 1205 1962 Chersonstarum,
1244 1914 1281 1953 εἰ
1312 1909 1346 1953 δ’
1376 1909 1534 1954 ninoven-

868 1970 1028 2020 χισθείη
1046 1969 1089 2010 ἐκ
1111 1966 1317 2021 θαλάττης
1328 1970 1366 2018 ἐς
1378 1966 1533 2010 θάλατ-

866 2041 961 2075 ταν,
994 2025 1042 2064 de
1070 2026 1145 2064 hoc
1171 2026 1303 2065 isthmi
1322 2029 1413 2079 iugo
1434 2030 1534 2066 Hist.

867 2084 933 2120 Gr.
954 2085 1008 2120 111
1027 2097 1066 2135 p.
1087 2084 1170 2126 487
1189 2086 1238 2122 D.
1272 2086 1355 2134 [111‚
1377 2088 1404 2126 2
1426 2087 1464 2132 ς.
1488 2088 1531 2127 7.

863 2139 966 2178 Add.
995 2142 1092 2178 Lex.
1123 2141 1307 2194 Xenoph.
1332 2144 1351 2178 I
1376 2156 1416 2194 p.
1448 2145 1532 2185 370

863 2199 963 2250 seq.]
978 2197 1096 2237 Addit
1115 2199 1418 2250 elegantissimus
1434 2200 1530 2237 scri-

862 2261 950 2306 ptor
971 2250 1254 2308 οἷποτειχισμόν
1270 2257 1348 2294 sive
1368 2270 1527 2295 murum

863 2323 885 2347 a
924 2311 1144 2364 Dercyllida
1183 2313 1373 2365 Spartano
1412 2314 1527 2351 fuisse

859 2368 1077 2406 absolutum
1129 2376 1167 2407 et
1206 2369 1379 2409 Thraces
1418 2370 1524 2409 aditu

857 2424 907 2462 ad
928 2424 1209 2464 Chersonesum
1228 2429 1423 2476 exclusos,
1461 2441 1525 2465 se—

858 2489 1000 2534 quente
1012 2483 1183 2522 Diodoro
1203 2485 1305 2533 XIV,
1318 2487 1385 2527 38.
1417 2485 1526 2522 Con-¹

856 2540 1029 2577 similiter
1044 2535 1304 2591 ἀποτειχίζειν
1323 2543 1363 2579 in
1379 2540 1522 2579 isthmo

855 2597 1031 2634 Pallenes
1050 2610 1164 2635 muro
1184 2599 1390 2649 intersepto
1406 2597 1523 2636 Thu-

857 2652 1013 2704 cydides
1042 2655 1072 2701 Ι,
1103 2653 1179 2702 64,
1229 2657 1276 2692 ab
1304 2657 1522 2705 Harpocra-

855 2711 961 2746 tione
1000 2709 1217 2748 advocatus.
1232 2712 1255 2732 “
1337 2711 1401 2747 We
1411 2725 1453 2747 ss
1466 2710 1520 2747 el.

856 2765 969 2802 Unde
1000 2768 1087 2803 satis
1124 2773 1229 2817 patet
1245 2796 1255 2814 ,
1311 2766 1523 2816 ἐπετείχισε

859 2822 966 2874 quod
984 2823 1155 2874 pluribus
1174 2824 1215 2859 in
1250 2822 1364 2861 codd.
1386 2828 1520 2870 exstat,

1888 331 1897 363 Ὦ
1896 274 1897 278 Α
1886 199 1897 213 1

1449 444 1498 488 ύ
1510 447 1670 499 δὸυοᾱᾳὲιιι
1655 417 1835 470 ‘Minu-vher-
1888 458 1892 470 ι

1887 509 1897 536 D
