1897 3340
434 230 518 270 458

435 342 542 389 ,ποῦ
564 353 609 381 τε
639 339 785 392 μένειν
814 337 904 392 ἅμα
935 341 1034 392 τῇσι
1062 337 1244 392 γυναιξί.

835 229 1297 266 HERODOTI

1303 335 1385 391 ἐγώ
1416 336 1462 379 δὲ
1487 338 1559 379 καὶ
1589 336 1696 380 ἄνευ

403 405 551 457 3,.σέο,
583 405 664 448 ὅσα
683 421 762 459 περ
791 404 907 455 εἶπα,
937 405 1128 448 ἐπιτελέα
1157 403 1339 460 ποιήσω.
1398 404 1456 459 μή
1487 407 1571 458 γάρ
1602 406 1695 460 εἴην

435 474 508 524 „gn
548 476 742 526 Δαρείου
783 477 863 516 τοῦ
899 471 1179 524 Ὑστάσπεος,
1221 477 1301 515 τοῦ
1330 471 1583 526 Ἀρσάμεος,
1613 476 1696 514 τοῦ

434 540 774 595 ᾸΛριαράμνεω,
839 543 920 582 τοῦ
963 543 1188 591 Τεΐσπεος,
1239 543 1321 583 τοῦ
1377 538 1556 592 Κύρου,
1617 543 1699 581 τοῦ

437 606 723 664 ἩΚαμβύσεω,
753 610 834 649 τοῦ
856 608 1070 657 Τεΐσπεος,
1101 611 1180 650 τοῦ
1207 606 1474 663 Ἀχαιμένεος
1498 607 1754 661 γεγονώς,30

434 676 518 732 ,μή
558 673 910 730 τιμωρησάμενος
960 676 1234 729 Ἀθηναίους·

376 910 564 941 structura
592 902 694 939 conf.
724 903 836 940 allata
857 901 905 939 ad
925 901 987 951 VI,
1012 905 1032 944 l

380 967 416 997 et
438 958 486 996 de
505 960 698 996 locutione
721 958 896 999 ἐπιτελέα
906 962 1037 999 ποιεῖν

379 1018 491 1054 citata
520 1015 568 1053 ad
587 1017 742 1063 111,16

437 1088 490 1123 μη
512 1070 586 1124 γάρ
609 1072 696 1123 εἴην
718 1071 760 1111 ἐκ
779 1070 952 1121 Δαρείου
964 1087 1034 1110 τον

377 1124 641 1177 ῊΊστασπεος,
692 1130 765 1167 τοῦ
799 1123 1035 1195 Ἀρσάμεος]

377 1187 497 1222 Plane
517 1187 569 1222 sic
589 1187 618 1233 Ι,
632 1187 727 1232 209,
748 1185 843 1221 ubi
833 1198 874 1221 ιιι
891 1179 1037 1236 Ἀρσά-

379 1256 472 1293 μεος
490 1242 576 1279 libri
606 1243 836 1292 conspirant.
895 1241 1038 1293 Sequi-

338 1328 340 1332 .
376 1306 438 1336 tur
467 1296 541 1336 hoc
570 1300 609 1335 in
637 1299 722 1334 loco
752 1300 824 1336 τοῦ
859 1292 1037 1348 Ἀριαρα-

378 1370 504 1406 μνεω,
539 1354 642 1407 quod
658 1353 776 1392 Schw
766 1352 891 1404 eigh„
921 1354 1037 1391 Gaisf.

377 1419 416 1449 et
428 1411 563 1453 Matth,
580 1413 767 1448 librorum
796 1409 1039 1463 quorundam

378 1482 428 1505 ex
455 1470 675 1506 auctoritate
712 1466 917 1515 dederuut,
950 1479 1040 1504 cum

378 1526 472 1562 olim
491 1526 606 1575 vulgo
631 1532 725 1561 esset
742 1520 940 1576 ”Αρμνεω,
955 1525 1041 1559 Me—

378 1581 498 1629 dicei,
551 1582 761 1618 Florentini
803 1582 1040 1631 aliorumque

377 1637 490 1676 codd.
512 1639 732 1675 auctoritate
752 1636 958 1684 firmatum,
981 1643 1040 1673 at-

377 1709 452 1746 que
476 1696 516 1731 iu
536 1707 659 1744 marg.
695 1692 882 1743 Stephan.
904 1689 1040 1742 Ἀρια-

377 1747 552 1802 ράμνεω.
611 1749 722 1796 Quod
744 1749 921 1800 deinceps
942 1750 1040 1799 legi-

376 1815 438 1845 tur
457 1809 530 1846 τοῦ
555 1808 752 1853 Τεΐσπεος,
781 1808 833 1842 ita
853 1807 892 1841 iu
913 1807 1041 1842 omui-

378 1865 449 1901 bus
460 1870 579 1900 exstat
599 1863 724 1911 codd.,
745 1864 818 1899 nisi
838 1861 941 1915 quod
962 1860 1038 1898 duo

380 1934 470 1958 cum
510 1921 616 1957 Valla
656 1918 837 1956 exhibent
867 1918 1039 1964 τίσπεος.

380 1978 561 2029 Sequitur
580 1978 652 2015 τοῦ
674 1972 812 2026 Κύρου
831 1977 903 2014 τοῦ
927 1978 1038 2025 Καμ-

380 2030 530 2084 βύσεως
568 2039 652 2083 post
678 2045 771 2084 quas
797 2045 909 2069 voces
941 2044 1038 2082 quae

379 2092 418 2126 in
456 2089 628 2125 Medio-eo
645 2118 655 2136 ,
694 2090 912 2125 Florentino
949 2088 1040 2135 (ubi

380 2145 562 2182 mendose
592 2147 663 2184 τοῦ
694 2159 733 2183 τε
761 2144 914 2193 ἰ’σπεος)
936 2145 1039 2179 aliis-

382 2215 457 2253 que
492 2203 675 2238 iterantur
702 2202 818 2237 verba
840 2202 914 2238 τοῦ
952 2200 1038 2237 Τεΐ-

379 2270 517 2303 σπεος,
545 2259 695 2307 ignorat
722 2256 911 2293 Sancrofti
944 2256 1038 2291 liber

380 2324 469 2351 cum
491 2315 582 2349 aliis.
631 2314 688 2348 Ac
709 2313 893 2362 reperitur
912 2311 950 2346 in
971 2324 1037 2347 ora

382 2368 702 2415 codicisMedicei,
724 2376 815 2404 teste
829 2369 1035 2414 Gronovio,

381 2425 475 2463 haec
485 2426 622 2462 Xerxis
643 2425 864 2474 genealogia
878 2436 887 2460 :
899 2420 1036 2473 Ἀχαι-

383 2481 517 2534 μένης,
563 2482 751 2530 Ίεῖσπης,
802 2477 1036 2531 Καιιβύσης,

383 2542 528 2589 Κῦρος,
556 2539 736 2585 Τεΐσπης,
744 2535 931 2587 Ἁρμνης,
946 2533 1037 2589 Ἀρ-

382 2594 576 2646 σαμένης,
595 2589 833 2643 ’Τστάσπης,
856 2597 1036 2644 Δαρεῖος,

385 2651 544 2701 Ξέρξης.
603 2652 741 2687 Galeus
775 2658 937 2687 stemma
974 2664 1036 2686 re-

382 2720 475 2756 gum
495 2710 695 2745 Persarum
716 2720 836 2759 usque
857 2706 904 2743 ad
935 2709 1036 2743 Xer-

383 2777 472 2801 xem
502 2764 746 2815 descripserat
781 2777 869 2800 eum
890 2764 928 2799 iu
949 2776 1036 2799 mo-

381 2821 496 2858 dum:
530 2821 777 2866 Achaemenes,
812 2818 1039 2869 Cambysesl,

1294 676 1342 718 εὐ
1405 673 1695 730 ἐπισταμενος,

1094 900 1209 951 Cyrus
1235 900 1267 939 I.
1335 902 1479 955 Cyrum
1507 904 1525 939 1
1559 902 1755 952 excipiunt

1095 957 1280 1008 Cambyses*
1299 959 1349 997 II
1373 967 1410 996 et
1437 959 1599 1011 Teispes;
1643 959 1754 994 illum

1095 1013 1206 1064 Cyrus
1224 1013 1273 1052 II
1286 1022 1322 1052 et
1343 1015 1529 1066 Cambyses
1553 1013 1632 1061 ΙΙΙ,
1651 1013 1754 1051 hunc

1092 1072 1298 1118 Ariamnes,
1328 1072 1512 1119 Arsames,
1543 1071 1755 1122 Hystaspes,

1092 1126 1254 1176 Darius,
1286 1127 1437 1166 Xerxes.
1491 1128 1756 1178 Bellangenin

1092 1191 1172 1222 not.
1204 1184 1306 1235 apud
1335 1183 1516 1222 Larcher.
1551 1191 1639 1220 aute
1682 1185 1757 1222 τοῦ

1095 1236 1237 1292 Κύρου
1259 1241 1360 1292 apud
1380 1239 1619 1278 Herodotum
1651 1241 1756 1276 exci—

1094 1295 1191 1334 disse
1211 1304 1319 1348 putat
1340 1295 1462 1348 μηδὲ,
1485 1309 1561 1350 quo
1581 1297 1650 1334 sibi
1661 1309 1757 1333 con-

1094 1361 1254 1403 gruant.
1296 1351 1358 1406 μὴ
1389 1369 1463 1406 γαρ
1489 1353 1575 1404 εἰήν
1599 1352 1642 1392 ἐκ
1673 1355 1757 1391 Δα-

1097 1410 1274 1459 ρείου-
1300 1427 1326 1461 μ
1348 1426 1372 1461 η
1397 1409 1456 1450 δ
1443 1425 1460 1449 ε
1489 1413 1560 1449 τοῦ
1592 1404 1756 1459 Κύρου·

1096 1479 1160 1516 que
1173 1467 1214 1514 je
1232 1479 1273 1504 ne
1289 1470 1359 1504 sois
1373 1480 1443 1517 pas
1456 1467 1524 1517 fils
1544 1467 1586 1504 de
1607 1466 1756 1514 Darius,

1098 1525 1159 1572 qui
1181 1523 1246 1572 sut
1267 1524 1335 1573 fils
1368 1524 1403 1560 d’
1447 1523 1647 1574 Hystaspes
1685 1529 1756 1563 etc.

1096 1580 1136 1616 ni
1163 1592 1212 1615 un
1241 1579 1300 1616 cles
1331 1579 1542 1617 descendam
1567 1579 1608 1616 de
1630 1579 1755 1629 Cyrus,

1098 1636 1164 1686 qui
1192 1635 1251 1672 fut
1283 1636 1340 1672 fils
1370 1635 1417 1672 de
1448 1637 1652 1686 Cambyses
1683 1642 1756 1675 etc.

1094 1692 1139 1726 In
1178 1704 1295 1742 quam
1334 1691 1496 1728 eandem
1529 1693 1757 1728 sententiam

1094 1748 1278 1784 inciderat
1327 1748 1533 1785 Salmasius
1572 1749 1757 1784 Exercitt.

1095 1804 1222 1841 Plinn.
1246 1817 1334 1854 pag.
1355 1807 1448 1845 833.
1506 1806 1559 1840 At
1579 1811 1679 1840 recte
1693 1833 1703 1851 ‚
1725 1805 1757 1841 si

1098 1859 1190 1911 quid
1211 1860 1335 1908 video,
1352 1861 1568 1912 obloquitur
1587 1858 1757 1897 Larche—

1096 1929 1180 1964 rus,
1215 1916 1345 1967 Cyrum
1384 1917 1578 1968 cambysis
1609 1924 1757 1968 patrem

1096 1985 1139 2009 ac
1161 1974 1308 2023 Teispis
1329 1981 1509 2024 nepotem
1530 1986 1619 2010 cum
1639 1974 1757 2010 altero

1096 2029 1208 2080 Cyro,
1231 2031 1426 2080 Cambysis
1445 2030 1522 2066 filio
1540 2031 1757 2080 Persicique

1095 2088 1204 2135 regui
1225 2086 1421 2122 conditore
1442 2085 1624 2122 confundi
1653 2085 1757 2122 iudi-

1095 2154 1197 2179 cans.
1254 2141 1361 2178 Idem
1390 2141 1478 2178 inde
1498 2149 1659 2178 stemma
1689 2155 1756 2178 ex-

1094 2196 1199 2234 hibet
1215 2199 1261 2233 ab
1272 2211 1327 2243 ea,
1351 2211 1448 2249 quae
1469 2198 1570 2249 apud
1582 2195 1755 2249 Aeschy-

1092 2254 1174 2290 lum
1202 2253 1361 2290 traditur
1389 2255 1494 2295 Pers.
1525 2256 1606 2294 762
1641 2256 1755 2305 stirpe

1091 2309 1202 2347 valde
1233 2310 1444 2358 diversum,
1487 2309 1552 2347 sed
1574 2323 1664 2347 cum
1695 2324 1754 2359 eo,

1093 2366 1196 2418 quod
1222 2380 1269 2403 ex
1301 2368 1419 2404 Galeo
1440 2367 1555 2404 modo
1577 2366 1754 2404 exhibui-

1092 2435 1198 2470 mus,
1232 2437 1381 2474 prorsus
1412 2425 1661 2472 conveniens,
1683 2424 1754 2461 nisi

1093 2479 1196 2531 quod
1224 2487 1307 2530 post
1327 2479 1626 2528 Admemeuem,
1657 2493 1755 2530 gen-

1092 2538 1138 2573 tis
1151 2537 1328 2584 abavum,
1345 2538 1456 2573 insert
1470 2536 1637 2587 Teispem.
1658 2537 1752 2573 Utut

1093 2592 1140 2629 de
1177 2592 1246 2630 hac
1277 2595 1501 2644 genealogia
1529 2594 1681 2640 statuis,
1712 2591 1752 2630 id

1091 2663 1214 2686 uuum
1242 2652 1327 2687 satis
1358 2649 1448 2686 hinc
1469 2656 1643 2700 apparet,
1672 2650 1752 2685 Da-

1091 2707 1191 2742 rium
1213 2706 1347 2743 elidem
1378 2706 1452 2758 qua
1472 2706 1614 2756 Cyrum
1637 2706 1752 2742 Cam-

1093 2763 1304 2815 bysemque
1332 2764 1446 2813 stirpe
1477 2761 1682 2799 oriundum
1703 2759 1751 2798 ad

1096 2832 1215 2857 unam
1236 2818 1475 2871 eandemque
1494 2817 1753 2856 Achaemeni-
