1897 3340
409 195 1066 239 TERPSICHORE.
1125 194 1171 231 V.

1352 194 1434 234 153

169 309 376 355 ἐδίδοσάν
405 325 449 353 τε
485 307 558 352 καὶ
588 304 837 361 ἐλάμβανον
863 300 970 357 παρ’
1003 300 1202 358 ἀλλήλων
1241 302 1287 346 οἷ
1315 303 1432 357 Αἰγι-

139 383 320 436 Ξνῆται·
365 377 413 421 τὸ
445 377 490 420 δὲ
519 372 605 416 ἀπὸ
635 375 787 427 τοῦδε,

167 444 459 503 ἀγνωμοσύνῃ
487 439 773 498 χρησάμενοι,
805 439 1053 496 ἀπέστησαν
1083 438 1169 482 dud
1199 442 1287 483 τῶν
1312 437 1430 483 Ἐπι-
1494 450 1571 490 114

831 372 939 428 νῆάς
969 387 1012 414 τε
1051 368 1312 427 πηξάμενοι,
1351 370 1456 414 καὶ1

134 515 372 569 Βδαυρίων.
406 511 482 555 ἅτε
511 510 557 555 δὲ
587 508 734 560 ἐόντες
763 507 991 564 διάφοροι,
1022 507 1229 563 δηλὲοντο
1253 506 1431 560 αὐτοὺς,

109 679 195 704 rum
215 660 477 709 iurisdictioni,
499 669 540 697 ut
559 660 612 696 ita
630 658 768 707 dicam,

109 722 324 761 submissos.
401 720 480 755 Nec
520 718 629 754 aliter
662 723 770 767 post-

108 778 225 817 modo
256 775 551 813 Atheniensium
581 774 701 811 socios
722 773 772 810 li-

108 844 165 874 tes
185 847 269 872 suas
289 831 452 870 Athenis
473 830 683 882 disceptare
704 842 772 870 co.-

109 899 212 930 actos
228 891 342 927 fuisse
355 919 365 937 ,
394 887 690 925 Atheniensium
710 889 772 923 iu-

108 948 316 986 risdictioni
335 946 522 984 subiectos
552 946 704 982 monuit
725 942 773 980 ad

109 1005 148 1044 h.
169 1006 196 1043 l.
216 1002 419 1052 Valcken.,
441 1001 488 1039 de
508 1003 589 1054 ipsa
608 1002 775 1039 formula

108 1064 150 1100 in
159 1062 297 1100 talibus
317 1061 480 1098 solemni
500 1059 613 1106 δίκας
629 1059 774 1099 δοῦναι

108 1118 179 1160 καὶ
210 1114 432 1170 λαμβάνειν
464 1117 576 1168 plura
597 1116 776 1167 exempla

111 1175 294 1224 afferens,
325 1175 463 1227 quibus
500 1174 566 1210 Tu
586 1172 675 1210 add.
696 1174 775 1210 Le-

110 1235 188 1272 xic.
208 1230 392 1283 Xenoph.
410 1232 429 1267 I
448 1244 486 1281 p.
507 1229 591 1272 742
620 1237 657 1267 et
676 1236 774 1266 nott.

112 1289 163 1328 ad
191 1287 388 1326 Plutarch.
422 1285 562 1339 Pyrrh.
609 1301 649 1338 p.
695 1287 774 1327 190

112 1348 201 1385 coll.
223 1343 488 1383 Wachsmuth
518 1344 670 1382 Hellen.
704 1343 776 1378 Al-

113 1401 344 1442 terthumsk.
382 1402 412 1449 1,
447 1403 467 1440 1
503 1415 542 1452 p.
579 1402 647 1441 93.
685 1401 776 1440 132.

115 1463 210 1502 133.
251 1460 320 1497 Cr.
362 1456 468 1495 addit
508 1456 692 1494 Matthiae
730 1454 779 1492 ad

113 1519 259 1569 Hymn.
278 1518 454 1552 Homerr.
474 1526 563 1565 pag.
590 1515 687 1555 268.
728 1513 781 1549 At

115 1573 162 1611 de
192 1572 485 1610 Atheniensium
522 1571 633 1608 sociis
676 1567 781 1622 quod

113 1630 256 1682 profert
275 1627 460 1666 Valcken.
477 1657 487 1673 ‚
515 1626 556 1664 id
585 1626 660 1664 huc
682 1625 782 1663 trahi

113 1700 223 1739 posse
251 1692 368 1736 negat
400 1685 551 1721 Miiller.
582 1685 610 1721 l.
639 1685 665 1721 l.
688 1696 778 1734 pag.

114 1743 188 1792 453
217 1743 340 1781 verbis
362 1743 466 1778 enim
485 1742 659 1794 quamvis
683 1739 780 1777 illud
806 1775 814 1787 ,

114 1812 352 1847 consonum,
379 1813 420 1836 re
440 1806 571 1835 tamen
591 1799 673 1849 ipsa
692 1811 781 1834 ma-

114 1859 222 1895 xime
289 1856 502 1908 discrepare
561 1854 780 1902 contendit3

115 1927 260 1968 quum,
309 1926 410 1966 quae
447 1913 647 1964 posteriori
677 1919 781 1949 tem-

114 1984 208 2023 pore
238 1971 278 2007 in
309 1971 502 2008 sociorum
520 1971 633 2007 rebus
652 1969 782 2020 publi-

116 2030 170 2066 cis
216 2028 533 2080 coloniarumque
572 2028 612 2063 in
657 2025 783 2064 dedu-

117 2086 244 2122 ctione
265 2085 517 2133 obtinuerint,
549 2085 595 2121 ab
615 2084 681 2121 illo
700 2083 784 2135 pri-

116 2155 181 2179 sco
211 2154 304 2178 aevo
333 2143 598 2193 maximopere
617 2142 691 2178 sint
720 2153 785 2177 re-

116 2197 320 2246 movenda,
359 2199 426 2236 ubi
446 2200 619 2236 coloniae
659 2196 784 2235 dedu—

119 2256 194 2293 ctio
238 2268 391 2293 sacrum
429 2255 625 2308 quoddam
656 2255 786 2302 fuerit,

120 2311 289 2363 indeque
307 2314 466 2350 unicum
496 2320 533 2350 et
560 2313 786 2364 primarium

121 2369 293 2406 coloniae
333 2370 532 2407 vinculum
572 2382 662 2407 cum
689 2369 785 2406 urbe

123 2426 244 2476 patria
299 2439 494 2464 sacrorum
547 2427 783 2464 communio.

124 2482 253 2527 Quum
271 2496 363 2520 vero
394 2485 440 2521 ab
468 2483 683 2535 Epidauriis
702 2485 786 2520 Do-

126 2539 263 2576 rienses
282 2540 487 2591 Aeginetas
507 2540 686 2578 oriundos
707 2554 787 2577 esse

126 2594 322 2648 ipsamque
376 2598 568 2648 Aeginam
605 2596 789 2648 Epidauri

128 2651 318 2689 coloniam
338 2667 416 2691 esse
435 2654 559 2691 tradat
572 2653 788 2691 Herodotus

128 2707 228 2754 VIII,
247 2707 300 2749 46
323 2709 408 2757 (ubi
433 2712 620 2762 legimus:
671 2710 790 2764 Αἴγι-

128 2763 248 2813 νῆταί
278 2764 354 2804 εἰσι.
380 2767 552 2818 Δωριέες
582 2763 789 2807 οἷπόἘπι-

129 2814 313 2871 δαύρου)
371 2823 575 2862 accedente
622 2826 787 2862 Pausan.

825 660 873 706 II,
897 660 950 699 29
973 659 1011 704 ξ.
1032 658 1070 705 5,
1092 658 1172 695 aliis
1193 671 1214 694 a
1234 658 1397 694 Miillero
1420 671 1493 694 ex-

827 716 947 754 citatis
974 716 1153 763 testibus,
1193 716 1293 752 inter
1319 716 1493 765 Aegine-

826 781 883 811 tas
904 780 1018 824 atque
1040 771 1268 823 Epidaurios
1284 773 1401 809 talem
1422 785 1494 809 ex-

826 831 962 868 stitisse
1000 828 1320 866 necessitudinem
1363 842 1495 866 sacro—-

828 900 992 939 rumque
1004 885 1094 923 inde
1105 885 1278 938 adeoque
1294 887 1383 923 iuris
1395 899 1495 938 quo-

829 957 905 996 que
944 944 1260 981 communionem
1292 942 1397 980 idem
1418 950 1497 980 sta-

828 1003 901 1039 tuit
921 1001 965 1042 C.
987 1002 1032 1038 Ο.
1052 1001 1203 1038 Miiller.
1222 1001 1249 1038 l.
1269 1001 1295 1037 l.
1323 1013 1414 1051 pag.
1440 998 1496 1040 45

830 1058 886 1100 46
906 1057 997 1095 inde
1011 1056 1264 1109 repetendum
1281 1071 1359 1094 esse
1380 1064 1495 1105 ratus,

833 1114 937 1168 quod
958 1114 1006 1152 de
1037 1116 1235 1165 Aeginetis
1261 1113 1496 1165 Epidaurio-

831 1186 920 1210 rum
939 1171 1189 1209 iurisdictioni
1210 1173 1387 1209 subiectis
1407 1170 1447 1207 h.
1468 1171 1496 1207 l.

829 1229 1026 1281 proditum
1045 1230 1273 1276 invenimus,
1294 1242 1385 1265 cum
1413 1230 1497 1264 Do—

831 1300 891 1324 res
909 1287 1117 1337 Aeginetas
1144 1285 1360 1337 Epidauriis
1381 1286 1498 1321 Dori-

832 1345 903 1381 bus
931 1343 1099 1381 subditos
1130 1356 1210 1380 esse
1247 1343 1310 1380 vel
1347 1341 1497 1379 indoles

833 1403 983 1438 Doriun
1024 1401 1186 1437 minime
1231 1400 1378 1448 siverit3
1430 1397 1498 1436 sed

835 1471 955 1495 unam
973 1459 1099 1508 potius
1119 1457 1232 1494 fuisse
1259 1457 1342 1494 vult
1364 1457 1499 1494 civita-

835 1522 936 1562 tem,
975 1527 1191 1561 sacrorum,
1232 1520 1270 1550 et
1291 1526 1388 1565 quae
1407 1512 1498 1550 inde

838 1578 1031 1619 emanant,
1053 1572 1186 1622 legum
1207 1583 1361 1622 quoque
1384 1578 1419 1607 et
1434 1572 1498 1606 iu-

837 1630 937 1666 rium
949 1629 1223 1666 communione
1238 1629 1498 1665 coniunctam.

893 1739 938 1781 τό
960 1739 1003 1781 δὲ
1031 1736 1109 1781 «ind
1147 1742 1298 1791 τοῦδε]
1340 1742 1366 1779 i.
1389 1756 1423 1780 e.
1454 1743 1500 1780 ab

835 1811 874 1836 eo
903 1799 986 1836 inde
1012 1802 1159 1849 tempore
1174 1829 1184 1847 ,
1219 1805 1263 1836 ut
1292 1801 1321 1847 I,
1344 1797 1383 1839 4.
1406 1801 1500 1840 130.

835 1854 899 1893 Ad
925 1869 1064 1893 vocem
1092 1851 1360 1907 ἀγνωμοσύνη
1397 1855 1501 1894 conf.

835 1914 884 1961 II,
909 1916 1002 1954 172.
1022 1913 1087 1960 IV,
1112 1915 1179 1953 83.
1208 1914 1328 1961 Bene,
1350 1914 1499 1963 opinor,

839 1968 1225 2020 Schweighaeuserus
1235 1971 1409 2007 inLexic.
1420 1971 1503 2006 He-

839 2026 964 2064 rodot.
991 2028 1281 2078 interpretatur:
1324 2040 1502 2076 arrogan-

840 2084 899 2122 tici
916 2085 993 2132 usi,
1023 2086 1153 2122 virium
1167 2084 1311 2134 fiducia
1324 2083 1502 2135 ferocien-

841 2145 903 2181 tes.
960 2141 1088 2179 Minus
1115 2142 1241 2192 placet
1279 2142 1410 2179 Vallae
1440 2142 1503 2177 in-

841 2200 1086 2250 terpretatio:
1126 2199 1224 2236 nullo
1254 2199 1398 2236 consilio
1422 2200 1481 2236 usi
1491 2211 1503 2246 3

840 2256 1075 2307 Wesseling.
1097 2253 1275 2293 dederat:
1305 2256 1356 2294 ad
1384 2259 1505 2293 contu-

840 2315 992 2350 maciam
1011 2315 1116 2351 versi.
1134 2335 1191 2341 ——
1219 2315 1263 2350 In
1286 2326 1392 2365 seqq.
1415 2308 1504 2352 διά-

842 2384 964 2422 φοροι
983 2377 1072 2408 sunt
1092 2371 1227 2408 inimici
1249 2370 1504 2421 discordesque,

840 2434 884 2464 ut
911 2428 1076 2479 explicat
1096 2428 1344 2478 wesseling„
1385 2429 1504 2464 citans

842 2485 888 2532 V,
910 2485 976 2526 75-
997 2485 1125 2532 VI‚23
1149 2484 1241 2533 [52]
1266 2491 1302 2522 et
1321 2482 1505 2522 Abresch.

842 2540 1034 2579 Dilucidd.
1056 2540 1264 2592 Thucydd.
1289 2555 1379 2594 pag.
1410 2542 1525 2583 562<

844 2597 946 2636 Add.
968 2601 1132 2636 Pausan.
1152 2600 1220 2646 HI,
1237 2602 1262 2640 6
1283 2601 1320 2645 §.
1333 2599 1357 2640 4
1378 2599 1507 2650 ibique

845 2656 987 2693 Siebel.
1011 2679 1062 2684 —
1096 2657 1173 2693 Pro
1193 2654 1399 2706 ἐδηλέοντο
1416 2667 1505 2691 cum

845 2720 1005 2750 receutt.
1028 2711 1186 2750 exhibui
1206 2711 1406 2762 δηλέοντο,
1438 2710 1505 2745 fn·-

845 2776 995 2807 matum
1012 2768 1187 2808 Eustath.
1219 2768 1268 2807 ad
1291 2767 1399 2806 Iliad.
1420 2779 1506 2817 pag.

846 2829 913 2874 70,
934 2830 1001 2868 20.
