1897 3340
12 2375 17 2941 —„.—.—-..—-—-.—.—
12 2269 16 2369 —.—.
12 2209 16 2263 <.—
11 2121 15 2197 ——ffl-<U
12 2047 15 2115 -.--
11 1722 16 2038 —-.—--—-.—-—.<.-.
11 1387 18 1713 -.-—‘-,-—,---÷-—--
12 1298 16 1373 ᾼ-ῃ
11 1159 16 1281 «-..-
11 966 16 1153 Ἤρ-.
13 955 15 960 «
12 867 17 948 ...μμ
12 795 16 860 .-

544 265 1173 306 POLYMNIA.V11.
1404 271 1489 309 443

224 388 351 428 „601⁰-
379 375 556 432 γνώμην
581 373 768 419 κελεύων
795 373 944 428 ὑμέων
972 373 1050 416 τὸν
1079 373 1354 429 βουλόμενον
1383 373 1489 419 ἄπο-

227 447 530 500 ,φαίνεσθαιῧ
591 447 739 486 Ταῦτα
773 444 893 494 εἴπας
924 441 1121 486 ἐπαύετο.

313 511 419 555 Μετ’
449 510 585 555 αὐτόν
614 511 660 554 δὲ
690 508 951 564 Μαρδόνιος
981 510 1116 565 ἔλεγε·

228 579 308 632 ,,ού
347 580 487 634 μόνον
526 576 586 629 εἷς
627 581 714 621 τῶν
750 578 999 635 γενομένων
1046 578 1255 632 Περσέων
1305 577 1493 632 ἄριστος,

225 647 363 700 „efflei
391 647 568 690 καὶτῶν
600 645 841 701 ἐσομένων·
874 647 921 698 ὃς
951 645 1002 690 τά
1032 663 1076 689 τε
1107 646 1214 689 ἄλλα
1243 646 1381 701 λέγων
1412 647 1497 690 ἐπί-

225 732 322 767 ,,κεο
354 714 507 768 ἄριστα
537 715 610 758 καὶ
641 713 932 771 ἀληθέστατα,
962 716 1035 758 καὶ
1055 714 1209 764 Ἴωνας
1235 714 1341 765 τούς
1364 715 1410 757 ἒν
1439 719 1493 771 τῇ

224 781 448 838 ,,Ευ’ρ’ώπῃ
474 783 818 839 κατοικημένους
848 783 932 828 οὐκ
963 782 1102 834 ἐάσεις
1128 781 1416 838 καταγελάσαι
1445 781 1493 838 ἡ-

195 855 350 905 Ξ,,μῖν,
399 849 550 901 ἐόντας
590 849 809 903 ἀναξίους.

885 853 958 896 καὶ
1000 852 1084 907 γάρ
1129 852 1275 895 δεινὸν
1315 851 1370 893 ἂν
1423 853 1549 906 εἴηὸο

223 922 450 973 ,,πρῆγμα,
488 921 525 962 εἰ
565 919 723 983 Σάκας.
755 920 832 975 μὲν
871 921 944 964 καὶ
971 919 1135 971 Ἰνδούς
1171 921 1244 962 καὶ,
1275 917 1494 970 Αἰθίοπάς

221 1001 292 1037 ,,τε
323 987 396 1029 καὶ
422 985 704 1043 Ἀσσυρίους,
737 987 846 1032 ἄλλα
876 1005 920 1032 τε
942 988 1072 1032 ἔθνεα
1103 989 1240 1032 πολλὰ
1271 988 1343 1030 καὶ
1363 986 1492 1043 μεγά-

219 1057 316 1106 ,,λα,
345 1054 611 1112 ἀδικήσαντα
626 1057 799 1112 Πέρσας
829 1054 973 1112 οὐδὲν,
1004 1056 1112 1101 ἀλλὰ
1131 1056 1321 1114 δύναμιν
1351 1066 1492 1112 προσ-

167 1230 247 1267 ciae
268 1229 413 1266 bellum
432 1230 628 1266 illaturum
647 1229 737 1266 facit
767 1228 828 1265 di-

166 1293 318 1323 centem
353 1288 659 1336 arrogantissima
698 1299 827 1323 coram

165 1345 279 1380 Asiae
300 1344 557 1394 principibus:
591 1341 673 1390 „Ne
695 1343 829 1381 viderer

166 1413 239 1437 meo
278 1401 516 1438 tantummodo
556 1413 641 1437 usus
671 1400 827 1448 consilio,

165 1470 225 1494 vos
245 1460 409 1495 contraxi
421 1472 431 1494 .·
464 1461 613 1494 ceterum
633 1461 830 1495 mementote

160 1514 360 1565 parendum
381 1517 499 1563 magis
518 1515 611 1551 vobis
633 1527 703 1551 esse
725 1527 828 1564 quam

164 1570 420 1608 suadendum.“
432 1593 488 1598 —-
516 1570 579 1607 Ad
594 1571 828 1608 locutionem

165 1627 309 1678 τίθημι
341 1650 393 1655 ——
427 1627 467 1674 ἐς
499 1626 618 1678 μέσον
637 1628 738 1666 conf.
760 1629 827 1677 111,

168 1684 260 1725 142.
282 1685 332 1722 V1
334 1712 350 1730 ,
374 1686 452 1725 129
469 1686 598 1737 ibique
619 1686 744 1722 allata.

404 1808 496 1859 cap.
517 1809 588 1846 IX.

225 1905 267 1955 ὃς
287 1905 334 1947 τά
355 1923 395 1948 τε
419 1906 517 1948 ἄλλα
549 1908 673 1961 λέγων
694 1908 827 1948 ἐπίκεο

169 1981 204 2004 κ.
225 1980 254 2003 τ.
277 1966 329 2014 λ.]
363 1965 477 2002 Haud
504 1967 605 2003 male
626 1964 829 2016 Schweig-

169 2021 374 2059 haeuserus
394 2024 445 2060 ita
460 2022 644 2061 reddidit:
675 2036 828 2071 „sermo-

169 2092 211 2116 ne
232 2083 292 2116 tuo
309 2092 426 2117 verum
436 2093 504 2117 acu
523 2081 714 2130 tetigistif‘

226 2132 489 2189 καταγελάσαι
505 2135 632 2189 ἡμῖν]
663 2138 707 2173 In
729 2137 832 2174 San—

172 2194 283 2230 crofti
303 2193 388 2231 cod.
405 2192 553 2244 ὖμέων,
585 2196 624 2231 in
645 2193 759 2231 Vind.
781 2192 831 2244 ή-

172 2252 271 2299 μῶν,
300 2250 404 2302 quod
424 2264 501 2303 quo
522 2253 648 2289 minus
668 2252 831 2302 recipia-

171 2313 254 2354 tur,
294 2307 477 2359 loquendi
496 2321 585 2345 usus
607 2310 751 2355 obstat,
783 2321 832 2344 ex

173 2375 249 2413 quo
277 2365 441 2401 crebrius
469 2363 557 2402 huic
591 2365 707 2403 verbo
729 2364 832 2416 apud

173 2418 412 2456 Herodotum
429 2420 598 2458 dativum
612 2422 753 2460 adstrui
772 2423 832 2459 vi-

175 2473 322 2512 demus.
378 2476 465 2513 vid.
500 2477 636 2518 Matth.
667 2480 735 2516 Gr.
766 2480 834 2516 Gr.

175 2532 213 2576 ξ.
235 2533 315 2571 378
336 2539 415 2569 not.
437 2534 460 2571 3
490 2546 578 2583 pag.
600 2537 696 2575 696.
753 2537 835 2572 Ge-

174 2588 313 2624 nitivus
344 2587 496 2624 additur
525 2591 568 2637 V,
593 2593 660 2631 68.
682 2592 832 2631 Platon.

175 2642 293 2680 Lach.
315 2645 396 2681 init.
427 2645 533 2689 Quae
570 2648 751 2683 continuo
772 2662 834 2684 se-

178 2707 345 2750 quuntur
363 2702 477 2737 verba
489 2697 629 2747 ἐόντας
648 2698 835 2750 α’ναξίους

179 2756 310 2792 malim
346 2758 516 2807 accipere
552 2757 699 2796 homines
738 2760 836 2796 indi-

179 2822 279 2859 gnos,
296 2815 358 2862 qui
376 2815 476 2853 nobis
491 2815 676 2862 irrideant,
706 2823 834 2853 mente

181 2874 353 2918 repetens
372 2882 420 2906 ex
440 2873 836 2925 praegressisuawye-

883 1224 1002 1269 λασαι
1015 1228 1125 1282 ἡμῖν.
1161 1227 1381 1279 Schweigh.
1402 1228 1441 1264 in
1453 1229 1549 1265 Lex.

884 1287 1029 1324 Herod.
1053 1288 1223 1324 absolute
1243 1288 1364 1337 accipi
1384 1286 1466 1322 vult
1488 1286 1550 1321 lw-

883 1347 992 1381 mines
1011 1345 1200 1393 indignos,
1233 1344 1383 1381 homines
1404 1343 1521 1379 nihili.

942 1401 977 1440 εἰ
1003 1398 1139 1448 Σάκας
1158 1398 1231 1452 μὲν
1250 1399 1318 1439 καὶ
1335 1395 1494 1445 Ἰνδούς
1510 1414 1550 1437 κ.

884 1472 915 1497 τ.
943 1458 997 1506 λ.]
1027 1460 1118 1495 Post
1144 1458 1352 1503 Αἰθίοπας
1370 1470 1391 1492 e
1410 1457 1550 1493 melio-

884 1516 985 1552 ribus
1001 1514 1113 1552 codd.
1136 1515 1278 1551 inserui
1298 1529 1338 1553 τε
1358 1526 1379 1549 a
1402 1511 1551 1550 Sohae-

884 1572 954 1608 fer.
977 1578 1013 1608 et
1033 1570 1169 1608 Matth.
1192 1572 1331 1607 iniuria
1352 1572 1552 1607 omissum.

885 1628 1060 1665 Produnt
1082 1636 1210 1665 autem
1232 1629 1294 1665 vel
1318 1626 1412 1664 haec
1433 1627 1551 1663 verba

883 1687 1075 1735 insignem
1096 1687 1136 1721 in
1164 1684 1327 1721 modum
1347 1686 1553 1721 Persarum

883 1743 1105 1780 iactantiam
1149 1743 1401 1793 animumque
1438 1741 1554 1778 nimis

885 1801 1029 1836 elatum
1072 1813 1116 1836 ac
1161 1800 1392 1850 superbum3
1450 1811 1549 1850 quae

885 1857 990 1893 enim
1009 1855 1071 1893 hic
1092 1863 1278 1893 vocantur
1298 1862 1451 1906 gentes,
1474 1855 1552 1890 mi-

883 1914 989 1950 nime
1031 1920 1133 1949 totae
1171 1914 1375 1949 Persarum
1423 1913 1553 1961 impe-

885 1971 940 2006 rio
978 1971 1182 2020 parebant3
1234 1970 1421 2007 Sacarum
1435 1997 1445 2015 ‚
1485 1969 1552 2020 qui

889 2026 1057 2078 Scythae
1105 2033 1193 2063 sunt
1236 2027 1489 2077 regionesque
1530 2037 1553 2061 a

888 2084 1145 2134 septentrione
1175 2083 1319 2119 Persici
1346 2083 1456 2133 regni
1476 2082 1552 2118 late

887 2147 1057 2192 patentes
1080 2141 1313 2187 obtinebant,
1344 2138 1465 2187 (cons.
1485 2139 1553 2186 ΠΙ,

888 2198 960 2243 93)
970 2210 1054 2248 pars
1075 2204 1225 2234 tantum
1244 2197 1367 2233 Persis
1389 2195 1552 2243 obediit3

887 2254 1073 2291 Indorum
1112 2255 1252 2304 exigua
1282 2261 1433 2290 tantum
1467 2265 1554 2303 pars

889 2311 957 2360 (cf.
979 2312 1051 2355 111,
1073 2314 1126 2352 98
1147 2324 1238 2362 seqq
1256 2308 1294 2361 );
1315 2308 1553 2360 Aethiopum

887 2381 967 2405 non
995 2369 1068 2405 nisi
1087 2369 1125 2415 ii,
1157 2369 1222 2420 qui
1242 2369 1425 2418 Aegyptis
1445 2367 1554 2403 fuere

890 2426 1064 2471 accolae,
1095 2438 1186 2461 cum
1202 2425 1400 2475 Cambysis
1430 2437 1553 2474 expe-

891 2481 984 2519 ditio
998 2483 1037 2518 in
1053 2483 1175 2532 ipsam
1185 2480 1431 2531 Aethiopiam
1450 2481 1554 2516 male

890 2540 1078 2585 cessisset3
1117 2538 1197 2576 vid.
1224 2540 1290 2584 III,
1321 2541 1388 2578 97.
1409 2561 1461 2565 —
1491 2536 1554 2573 Ad

890 2609 1028 2633 vocem
1050 2592 1219 2641 δούλους
1230 2596 1433 2646 pertinent,
1455 2607 1554 2645 quae

889 2651 938 2688 ad
958 2653 1040 2699 VII,
1063 2651 1087 2693 5
1109 2651 1301 2703 adscripsi.
1320 2673 1373 2679 w>
1394 2662 1555 2701 συστρο-

891 2705 976 2758 φήν
1016 2708 1112 2746 dixit
1148 2710 1352 2759 confluxum
1366 2737 1375 2754 ,
1406 2719 1556 2744 concur-

890 2777 966 2802 sum
1002 2765 1258 2803 multitudinis.
1319 2764 1430 2800 conf.
1458 2763 1555 2799 Dio-

891 2819 974 2859 dor.
1004 2823 1073 2870 XI,
1106 2823 1146 2861 8.
1178 2823 1273 2859 Lex.
1295 2821 1434 2871 Polyb.
1465 2830 1555 2869 pag.

1551 458 1629 498 511

1178 504 1262 561 „5⁴91
1291 508 1806 562 deonovaJGConsiliupiregia

1553 555 1733 582 Mardmnus
1756 566 1805 584 ve-

1552 590 1710 616 hementer
1731 590 1791 616 col-

1552 623 1669 655 laudat,
1690 623 1825 650 Graeco-

1553 665 1617 683 rum
1635 657 1716 684 vires
1735 658 1811 685 mul-

1553 694 1617 718 tum
1636 691 1774 719 elevans.
