1897 3340
584 219 881 259 ERATO.
941 217 1018 253 vl.
1359 224 1436 262 401

176 339 288 378 τοῖσι
316 333 489 390 Ἕλλησι
528 331 558 388 ἦ
595 328 810 385 πρότερον
845 321 915 382 ἦν.
976 323 1233 369 Κλεισθένεϊ
1267 325 1352 383 γάρ
1381 332 1442 384 τῷ
1499 344 1772 417 gfffffiffitffiaaek

120 519 211 554 alias
241 517 413 554 victorias
432 527 510 552 una
543 513 779 565 Olympiaca,

120 588 142 611 a
173 574 316 610 Criticis
345 573 572 623 plerumque
601 571 779 621 Megacli,

119 630 360 667 Alcmaeonis
415 629 513 678 patri
534 657 543 675 ,
624 628 779 679 Olymp.

118 688 258 724 XLVII
288 685 475 735 assiguata
494 714 504 732 ,
563 696 649 720 eam
688 697 779 721 cum

117 743 348 791 Wesseling.
379 742 513 777 malim
555 739 688 777 haberi
708 754 777 792 pro

118 812 162 836 ea
193 800 298 836 cuius
327 797 366 834 h.
399 799 425 834 l.
455 799 634 834 meminit
655 800 781 835 Hero-

117 855 240 893 dotus.
297 856 397 891 Nam
417 855 561 905 legatos
587 867 608 891 a
641 855 780 892 Croeso

116 914 250 950 missos
266 910 314 948 ad
327 910 561 961 Delphicum
583 912 781 948 oraculum

116 971 146 1007 si
166 981 353 1019 ponamus
365 968 490 1019 Olym.
502 969 598 1016 LVI,
624 971 643 1008 1
657 982 685 1005 s.
699 968 780 1009 556

117 1039 151 1067 a.
163 1024 234 1062 Ch.
245 1039 282 1065 n.
296 1025 412 1077 (quae
428 1026 543 1075 vulgo
556 1032 706 1075 recepta
728 1032 783 1062 est

116 1083 302 1120 sententia
313 1110 328 1127 ,
360 1095 380 1118 a
401 1095 476 1133 qua
498 1081 656 1119 discedit
676 1083 782 1119 Voe-

116 1140 207 1176 mel.
236 1140 294 1175 De
315 1146 436 1175 aetate
457 1139 609 1176 Solonis
640 1152 678 1189 p.
711 1141 779 1179 21.

117 1200 169 1237 23
204 1209 350 1246 ponens
391 1195 544 1247 Olymp.
573 1197 669 1243 LVI,
702 1198 729 1236 2
748 1209 779 1233 s.

117 1252 198 1294 555
221 1266 254 1289 a.
297 1251 387 1289 Chr.
426 1254 500 1302 n.),
562 1251 779 1304 Sardesque

117 1316 353 1360 expugnatas
385 1309 679 1360 Olymp.]NllI,
701 1308 727 1349 4
748 1323 779 1346 s.

118 1365 198 1406 545
221 1379 242 1402 a
264 1364 353 1403 Chr.
377 1368 493 1417 (quae
513 1364 694 1403 Larcheri
726 1373 781 1403 est

117 1420 224 1481 τῆς,
246 1424 403 1473 probata
423 1436 546 1473 nuper
555 1425 635 1460 vlro
655 1422 780 1471 docto,

116 1480 200 1530 Ley
216 1480 256 1515 in
277 1481 430 1517 Dissert.
451 1481 509 1516 De
530 1480 595 1516 fat.
608 1481 776 1531 Aegypt.

118 1542 190 1572 etc.
211 1549 299 1587 pag.
323 1539 371 1576 31
389 1565 398 1583 ,
431 1537 510 1573 aliis
532 1537 640 1573 aliter
660 1543 782 1574 statu-

118 1593 278 1640 entibus,
309 1606 399 1629 cum
420 1591 591 1630 Schultz.
622 1606 665 1630 ac
687 1594 782 1629 Vol-

117 1650 225 1686 neius
260 1657 406 1700 ponant
438 1650 592 1701 Olymp.
630 1650 727 1702 LV}
747 1663 777 1687 s.

116 1706 198 1748 557
215 1719 248 1744 a.
275 1704 364 1743 Chr.
385 1707 557 1744 Voemel.
578 1708 636 1743 De
657 1714 778 1743 aetate

118 1763 269 1800 Solonis
289 1776 377 1813 pag.
405 1765 457 1803 23
485 1777 592 1815 seqq.
623 1764 778 1815 Olymp.

116 1820 213 1867 LVI,
234 1819 259 1860 4
285 1833 316 1857 s.
336 1820 418 1861 552
448 1833 481 1859 a.
505 1819 595 1857 Chr.
614 1833 653 1858 n.
685 1833 781 1857 con-

118 1876 267 1922 stituat3
310 1875 388 1914 vid.
424 1883 520 1913 nott.
552 1876 601 1913 ad
627 1878 657 1924 I,
684 1879 736 1916 86
748 1876 778 1925 ),

119 1931 214 1969 haec
237 1933 394 1969 victoria
424 1932 472 1970 ad
495 1933 648 1984 Olymp.
678 1934 781 1970 LVII

118 1989 249 2026 referri
288 1990 448 2039 poterit,
498 2003 587 2026 cum
625 1990 780 2040 Olymp.

117 2047 238 2083 LVIII
252 2047 463 2096 Diagnotus
486 2046 703 2084 Crotoniata
725 2048 781 2083 vi-

119 2103 223 2140 cerit.
302 2103 433 2139 Obstat
479 2116 570 2140 sane
625 2101 782 2139 Pindari

120 2158 292 2196 scholiffli
324 2161 430 2204 (coll.
459 2158 590 2197 Schol.
623 2159 672 2196 ad
691 2160 782 2196 Ari-

120 2214 244 2266 stoph.
265 2217 392 2253 Nubb.
413 2217 509 2266 71),
539 2217 579 2253 in
601 2229 677 2269 quo
697 2218 784 2253 Me·-

121 2273 246 2322 gacles
266 2273 400 2310 vicisse
437 2272 598 2310 traditur
627 2274 784 2325 Olymp.

121 2330 236 2376 LVII,
259 2332 278 2369 1
303 2342 332 2367 s,
356 2330 438 2370 552
453 2343 486 2367 a.
499 2329 588 2368 Chr.
605 2343 643 2367 n.
659 2332 784 2368 victo-

123 2386 277 2436 riaeque
307 2383 494 2422 honorem
536 2388 686 2424 cessisse
716 2388 784 2423 Pi—

124 2442 284 2487 sistrato.
315 2441 420 2486 Quae
441 2455 562 2493 quum
581 2445 784 2481 conciliare

125 2509 312 2548 perquam
339 2498 387 2533 sit
414 2496 585 2544 difficile,
621 2501 785 2538 maiores

128 2552 223 2590 adeo
243 2551 481 2591 difficultates
497 2556 674 2603 excitant,
688 2569 786 2608 quae

128 2610 309 2647 continuo
341 2609 443 2660 apud
475 2610 713 2648 Herodotum
732 2614 787 2649 le-

130 2672 272 2714 guntur
300 2667 435 2703 verba:
475 2664 571 2715 μετοέ
603 2666 645 2706 δὲ
670 2671 787 2719 γενεῇ

132 2719 294 2774 δευτέρῃ
334 2717 502 2772 ’ὕστερον
539 2722 788 2773 Κλεισθένης

131 2790 168 2814 κ.
187 2789 221 2814 τ.
245 2779 279 2816 λ.
299 2777 331 2813 si
350 2777 506 2828 quidem
535 2780 677 2816 iustum
698 2778 787 2817 hinc

131 2838 349 2882 temporum
368 2833 542 2871 ordinem
562 2837 788 2873 constituere

189 2889 409 2926 Hssnonow.
429 2891 496 2928 111.

835 511 941 550 velis.
999 513 1104 549 Haec
1145 513 1250 549 euim
1279 513 1310 551 si
1330 515 1498 564 genuina

836 576 924 606 sunt
938 598 947 616 ,
968 569 1212 607 Alcmaeonis
1227 571 1422 608 victoriam
1438 585 1501 607 re-

834 625 1035 662 ferendam
1085 640 1164 663 esse
1228 635 1393 677 arguunt
1451 628 1499 664 ad

836 683 989 734 Olymp.
1019 684 1116 729 LIV,
1156 686 1191 730 1,
1220 691 1263 720 ut
1282 685 1380 721 bene
1410 698 1499 722 mo-

834 741 920 776 nuit
941 741 1112 777 Voemel.
1135 741 1174 775 in
1195 742 1322 791 script.
1352 740 1400 778 de
1421 742 1499 779 So-

837 797 926 833 lone
954 810 1042 847 pag.
1065 800 1102 844 8,
1125 810 1201 848 quo
1224 798 1304 848 ipso
1324 805 1499 849 tempore

839 853 1022 901 Croesus,
1062 866 1230 905 quocum
1262 861 1350 891 ante
1378 858 1501 893 victo-

838 910 935 946 riam
954 910 1166 947 Alcmaeon
1187 923 1409 961 congressus
1421 926 1500 950 esse

837 967 976 1016 fertur,
1032 966 1209 1004 nondum
1254 975 1365 1006 natus
1413 969 1499 1008 fuit.

840 1024 966 1069 Quam
994 1022 1258 1062 difficultatem
1287 1026 1385 1062 bene
1415 1040 1504 1077 per-

837 1082 998 1131 spiciens
1020 1079 1191 1118 Schultz.
1213 1083 1357 1133 Appar.
1379 1085 1500 1122 critic.

836 1151 926 1188 pag.
950 1141 998 1178 11
1014 1151 1092 1190 seq.
1113 1140 1164 1175 ita
1179 1141 1325 1187 statuit,
1355 1140 1386 1177 si
1408 1140 1501 1192 quid

836 1196 918 1232 veri
937 1193 1026 1232 huic
1046 1195 1207 1232 fabellae
1227 1197 1356 1245 subsit,
1376 1210 1455 1234 non
1477 1211 1499 1235 a

838 1251 997 1299 Croeso,
1027 1265 1163 1289 verum
1196 1265 1215 1289 a
1247 1253 1376 1291 Croesi
1393 1262 1501 1305 patre

835 1309 1011 1359 Alyatte,
1043 1310 1108 1360 qui
1138 1317 1232 1346 teste
1253 1311 1448 1349 Herodoto
1468 1314 1499 1360 Ι,

841 1368 891 1405 19
914 1373 950 1402 et
970 1367 1049 1416 ipse
1081 1365 1264 1417 Pythiam
1297 1370 1499 1406 consulue-

837 1428 912 1469 rat,
964 1421 1101 1459 divitiis
1131 1425 1370 1461 cumulatum
1419 1439 1499 1463 esse

837 1479 1139 1517 Alcmaeonem:
1198 1480 1374 1519 Boeckh.
1413 1484 1500 1520 Ex-

836 1536 946 1586 plicc.
966 1535 1107 1573 Pindd.
1139 1550 1178 1587 p.
1200 1536 1499 1578 304Alcmaeo-

837 1593 895 1628 nis
923 1593 1123 1629 victoriam
1158 1594 1400 1645 Olympicam
1420 1610 1500 1633 non

835 1649 949 1684 aliam
972 1662 1064 1695 esse,
1089 1663 1207 1702 quam
1229 1664 1327 1702 quae
1355 1665 1376 1689 a
1404 1654 1502 1690 Pin-

837 1704 927 1742 daro
948 1705 1187 1756 praedicetur
1202 1737 1211 1755 ,
1233 1708 1338 1745 idem
1358 1711 1500 1759 statuit,

837 1775 1000 1813 eamque
1009 1764 1207 1800 victoriam
1225 1766 1264 1801 in
1284 1767 1501 1816 Megaclem

836 1820 1012 1856 transfert
1026 1821 1178 1871 Olymp.
1194 1823 1259 1858 LV
1262 1823 1310 1859 II.
1331 1824 1502 1860 Voeme-

836 1876 907 1912 lius
927 1876 952 1914 l.
974 1877 1001 1913 l.
1035 1878 1280 1920 Alcmaeonis
1300 1879 1500 1917 victoriam

838 1931 886 1968 ad
899 1933 1054 1983 Olymp.
1065 1935 1128 1981 LI,
1155 1937 1172 1974 1
1197 1948 1225 1972 S.
1248 1934 1329 1977 516
1351 1949 1385 1973 a.
1408 1935 1499 1977 Chr.

837 2002 877 2025 n.
898 1989 1028 2025 referri
1045 2003 1154 2040 posse
1173 1992 1381 2042 suspicatus
1403 1992 1500 2046 (quo

837 2052 1010 2096 tempore
1043 2047 1224 2094 Croesus,
1254 2062 1276 2085 e
1313 2050 1501 2088 Voemelii

838 2103 1046 2140 rationibus
1065 2111 1176 2141 natus
1198 2106 1256 2142 Ol.
1273 2107 1408 2155 XLIV,
1430 2110 1454 2148 3
1468 2121 1500 2148 s.

839 2161 922 2200 602
939 2172 972 2196 a.
994 2159 1085 2197 Chr.
1108 2174 1162 2209 n.,
1185 2163 1322 2212 agebat
1352 2176 1500 2201 annum

839 2217 1069 2253 vicesimum
1108 2225 1282 2267 sextum,
1319 2220 1499 2258 nondum

839 2273 919 2323 ipse
939 2286 1028 2321 rex,
1057 2273 1124 2311 sed
1138 2277 1247 2326 regni
1266 2283 1417 2314 tantum
1437 2291 1502 2315 so-

841 2330 955 2379 cius),
987 2331 1103 2368 verba
1133 2335 1251 2387 γενεῇ
1272 2333 1434 2387 δευτέρῃ
1452 2331 1503 2374 ὕ-

841 2398 979 2438 στερον
994 2388 1057 2424 vel
1067 2388 1252 2426 mutanda
1263 2398 1392 2428 censet
1411 2404 1502 2428 eum

839 2443 880 2479 in
891 2443 1073 2481 modum:
1096 2439 1317 2496 ὀλυμπιάδι
1338 2446 1502 2502 δευτέρῃ

839 2495 1008 2552 ὕστερον
1045 2501 1108 2537 vel
1135 2515 1286 2553 prorsus
1318 2504 1503 2554 tollenda,

841 2569 932 2592 cum
952 2570 974 2594 a
993 2557 1146 2595 librario
1169 2559 1336 2611 quodam
1347 2568 1503 2598 antece-

843 2611 1019 2651 dentibus
1039 2615 1163 2652 verbis
1183 2613 1279 2666 μετά
1303 2615 1356 2665 δὲ,
1377 2619 1504 2668 expli-

843 2670 1001 2707 cationis
1037 2683 1150 2708 causa
1188 2686 1391 2724 perperam
1428 2675 1503 2710 siut

843 2727 1025 2776 apposita.
1081 2728 1139 2764 Ac
1189 2731 1321 2779 negari
1357 2730 1502 2780 nequit,

842 2779 902 2818 his
955 2783 1079 2820 verbis
1137 2784 1291 2823 abiectis
1304 2815 1314 2832 ,
1373 2785 1504 2822 omnia

844 2838 988 2888 optime
1007 2838 1226 2890 procedere.

1172 2897 1226 2936 26

1874 1797 1897 1917 AQ-
