1897 3340
439 210 1098 251 TERPSICHORE.
1158 211 1202 247 V.

1383 216 1465 255 183

280 320 448 365 ,,αὐ’τός,
470 321 534 355 καὶ
553 319 707 360 παῖδες,
731 318 878 353 παίδων
898 330 938 363 γε
956 317 1022 362 μὲν
1044 315 1171 352 οὐκέτι
1188 320 1332 360 παῖδες.

141 390 292 441 21„Td
323 390 402 446 μὲν
422 390 474 445 δὴ
502 378 766 444 χρηστήριόν
792 390 926 431 τοῦτο
958 381 1027 443 ἦν.

141 576 217 614 quo
231 592 240 609 ,
256 560 529 598 Valckenaerio
550 560 688 608 iudice,
709 574 800 597 vera

139 620 249 656 lectio
270 617 405 656 Αἰετίδ
411 633 455 668 ης
468 619 548 654 erui
559 619 686 668 possit,
710 631 800 654 cum

139 676 252 726 patris
279 686 423 711 nomen
461 675 575 711 fuerit
611 675 659 711 ab
684 669 800 722 ciet-dg

139 731 298 768 ductum
319 726 480 770 Ἠετίων
504 732 600 768 sicut
621 729 706 768 ab'
690 729 801 781 οἶμα-

134 792 211 833 θος
221 787 332 824 fluxit
345 783 522 837 Ἠμαθία
539 784 798 855 1111111οἨ1111-

133 844 265 891 θίων,
297 844 344 881 ab
375 841 523 895 ἄνεμος
551 858 630 883 vox
650 840 804 896 η’νεμό-

135 914 212 950 εις,
234 901 310 938 alia
338 900 378 938 icl
404 914 547 952 genus,
579 903 632 939 ita
661 908 802 938 utnon

132 953 308 1008 Ἠετίδης
323 957 391 995 sed
404 930 596 1009 Αἰετίδης
616 965 803 1029 patrony-

133 1015 280 1083 micum
294 1014 451 1052 formari
462 1014 636 1052 debuerit
655 1016 703 1053 ab
724 1016 802 1054 αἰε-

134 1067 198 1117 τὸς
211 1100 222 1119 ,
276 1079 321 1108 ut
355 1073 468 1109 Iones
512 1079 626 1124 atque
667 1079 801 1123 poetae

136 1126 269 1164 dixere.
282 1129 454 1196 aquilam,
478 1142 567 1166 cum
579 1130 626 1166 ab
637 1125 799 1168 Ἠετίων

133 1197 213 1221 11011
233 1186 305 1222 nisi
320 1181 575 1236 Ἠετιωνίδης
601 1187 706 1223 nasci
725 1199 799 1237 po·-

134 1242 269 1290 tuerit,
296 1249 391 1280 teste
402 1241 586 1291 Eustath,
616 1242 666 1280 ad
686 1242 796 1282 Iliad.

133 1299 169 1334 11
195 1311 285 1349 pag.
317 1301 401 1340 288
429 1313 459 1336 S.
487 1301 582 1346 218,
617 1303 667 1340 13
709 1300 796 1337 coll.

132 1355 303 1406 Etymol.
323 1368 411 1406 pag.
446 1357 538 1403 109,
568 1358 608 1395 8.
671 1357 797 1393 Acce-

133 1410 188 1448 dit
199 1410 350 1449 adhaec
363 1413 432 1462 (ita
444 1413 567 1462 pergit
579 1411 797 1463 Valcken.),

132 1469 174 1505 in
205 1469 358 1506 oraculo
385 1470 556 1520 primum
585 1468 686 1506 edito
706 1470 796 1520 legi,

133 1521 276 1571 Αἰετός
300 1524 345 1564 ἐν
374 1524 539 1577 πέτρῃσι
558 1521 667 1573 ula,
697 1524 797 1573 τέξει

131 1578 176 1620 δὲ
195 1579 355 1620 λέοντας
387 1581 489 1618 edito
517 1581 686 1619 secundo
708 1595 796 1619 ora-

131 1638 239 1686 culo,
268 1651 347 1675 non
370 1636 573 1675 difficulter
592 1639 795 1676 intellexe—

130 1701 221 1732 runt
239 1693 500 1744 Bacchiadae,
542 1692 686 1736 Αἰετόν
715 1709 795 1733 esse

130 1748 198 1791 τὸν
222 1746 423 1791 Ἠετίωνα.
461 1754 566 1789 Haec
603 1753 692 1801 ille,
729 1755 797 1806 qui

130 1807 237 1860 quod
247 1809 294 1845 ab
303 1804 464 1848 Ἠετίων
473 1822 553 1846 11011
563 1811 635 1846 nisi
644 1805 797 1849 Ἠετιω-

131 1865 246 1916 νίδης
263 1865 421 1903 formari
439 1879 549 1916 posse
564 1868 706 1915 statuit,
726 1881 797 1904 ve-

130 1935 216 1958 reor
235 1929 278 1959 ut
298 1924 468 1960 assentiri
485 1924 641 1973 possim.
709 1923 797 1961 vid.

129 1977 314 2016 Matthiae
353 1981 420 2017 Gr.
469 1981 536 2017 Gr.
570 1993 660 2031 pag.
699 1979 796 2020 214.

129 2037 209 2073 Νο0
237 2037 360 2087 magis
388 2037 525 2088 opinor
550 2036 797 2074 scribendum

131 2093 330 2144 Αἰετίδης,
359 2094 426 2131 ubi
455 2094 518 2130 vel
542 2088 795 2144 Ἠετιωνίδης

131 2150 193 2186 vel
223 2145 415 2200 Ἠετίδης,
448 2152 603 2202 opinor,
639 2151 794 2188 retineri

131 2208 266 2257 potuit.
286 2227 344 2235 --
371 2209 447 2244 Pro
467 2210 669 2252 κλεινοῖο,
688 2207 794 2260 quod

131 2261 327 2301 Schaefer.
343 2271 379 2301 et
392 2262 528 2302 Matth.
543 2265 795 2312 retinuerunt,

131 2318 220 2357 dedi
249 2322 418 2361 κλειτοῖο
453 2334 544 2358 011111
572 2316 794 2372 Schweigh.

133 2383 170 2413 et
190 2378 310 2414 Gaisf.
333 2378 443 2414 Conf.
464 2379 578 2415 Dion.
600 2376 793 2430 Chrysost.

130 2446 169 2484 p.
189 2431 271 2475 456
291 2435 341 2470 Α.
375 2442 413 2472 et
431 2434 575 2473 Herod.
595 2436 678 2482 Vll,
699 2437 794 2482 228,

132 2490 198 2526 ubi
241 2490 380 2528 eadem
428 2505 569 2529 vocum
607 2492 794 2529 confusio.

187 2547 344 2586 παίδων
364 2563 386 2600 γ
399 2562 416 2587 ε
435 2546 524 2598 μὲν
554 2543 686 2588 οὐκέτι
700 2551 797 2587 παῖ-

134 2601 224 2650 δες]
268 2605 313 2640 111
333 2602 390 2641 his
410 2605 533 2641 verbis
563 2603 636 2654 μὲν
656 2607 797 2641 Ionum

131 2669 176 2694 ac
195 2660 341 2697 Dorum
371 2674 479 2698 more
502 2662 668 2712 positum
689 2662 791 2698 acci-

134 2714 280 2764 piamus
308 2730 377 2767 pro
399 2733 502 2768 μην,
535 2716 790 2770 quemadmo—

134 2769 229 2806 dum
246 2772 328 2819 VII,
356 2773 435 2814 152
457 2781 494 2811 et
514 2773 616 2822 234,
645 2775 712 2811 ubi
740 2775 790 2811 li-

136 2827 193 2863 bri
212 2828 338 2878 scripti
356 2829 563 2878 fluctuant,
594 2838 708 2883 atque
728 2832 790 2867 iu-

1088 388 1386 441 τυραννεύσας
1416 389 1462 432 δὲ
1476 399 1521 431 60

858 559 967 597 randi
998 561 1039 596 in
1069 560 1235 597 formula
1263 554 1293 610 ἦ
1311 558 1383 612 μὲν
1410 568 1447 598 et
1467 558 1521 612 μή

857 614 942 668 μὲν,
965 616 1013 653 (10
1035 616 1111 669 (1υεῖ
1133 617 1236 654 cons.
1256 619 1322 664 ΙΙΙ,
1344 620 1398 658 99
1429 619 1523 671 ibiq.

855 680 952 710 nott.
984 675 1048 721 IV,
1084 672 1177 714 154.
1207 675 1253 721 V,
1282 676 1348 715 93.
1371 676 1432 722 VI,
1453 675 1521 715 74.

854 732 913 767 De
929 731 1121 781 particulis
1135 728 1177 781 γὲ
1197 728 1278 782 μήν
1288 732 1425 768 iunctis
1434 744 1523 768 mo—

859 789 944 825 nuit
964 785 1100 824 Matth.
1122 788 1268 825 Gr.Gr.
1288 801 1377 839 pag.
1403 787 1522 828 1204.

859 845 912 881 At
943 846 1096 894 gravius
1126 842 1201 881 hoc
1231 851 1308 892 est,
1350 843 1455 897 quod
1482 845 1523 881 in

859 902 1015 938 tertium
1023 913 1280 938 successorem
1294 900 1424 954 (μέχρι
1436 916 1523 952 τρι-

858 958 1025 1010 γονίας)
1065 957 1357 1009 CypseIIdarum
1395 957 1524 995 domi-

859 1016 963 1052 natio
1006 1017 1250 1052 continuatur
1283 1028 1305 1051 a
1341 1015 1521 1053 Strabou.

858 1073 946 1109 VIII
975 1085 1064 1122 pag.
1089 1073 1172 1112 378
1202 1073 1245 1108 C.
1273 1085 1302 1109 s.
1329 1072 1425 1122 580,
1457 1074 1524 1123 qui

855 1129 935 1179 ipse
966 1129 1212 1166 Aristotelem
1241 1130 1414 1180 sequitur
1441 1129 1522 1165 Po—

854 1186 910 1222 lit.
945 1186 990 1233 V,
1023 1187 1089 1226 12.
1158 1185 1367 1236 Cypselum
1418 1187 1522 1222 enim

853 1243 1045 1293 excepisse
1058 1242 1176 1278 fertur
1186 1241 1406 1290 Periander,
1418 1240 1522 1280 hunc

853 1297 1171 1346 Psammetichus,
1192 1298 1360 1336 Gordiae
1379 1312 1408 1337 s.
1420 1300 1521 1336 Gor—

855 1357 940 1406 giae
952 1355 1063 1403 filius,
1086 1355 1238 1406 Cypseli
1248 1369 1381 1406 nepos.
1416 1356 1522 1401 Quae

857 1425 978 1465 quum
1008 1413 1198 1463 Apollinis
1227 1414 1382 1450 oraculo
1416 1411 1522 1450 haud

855 1470 1062 1507 convenire
1080 1468 1324 1517 viderentur,
1355 1481 1425 1521 pro
1448 1465 1522 1508 ου’-

854 1524 937 1565 κέτι
965 1524 1195 1563 Bouhierius
1224 1528 1359 1576 reponi
1398 1526 1520 1563 voluit

855 1581 987 1622 εἰσέτι.
1051 1581 1164 1628 Quod
1205 1584 1342 1620 merito
1392 1583 1523 1620 reiecit

852 1640 1155 1689 Wesselingius,
1232 1637 1291 1676 his
1360 1637 1521 1677 additis:

854 1695 995 1744 „Quod
1023 1697 1161 1733 cecinit
1188 1696 1349 1747 Apollo,
1392 1691 1521 1746 ἄμφι-

854 1752 986 1801 δέξιον
1017 1754 1075 1790 est'
1103 1760 1140 1790 et
1169 1766 1240 1803 pro
1270 1766 1379 1789 more
1408 1754 1521 1791 ambi-

853 1822 986 1860 guum,
1019 1808 1118 1858 huc,
1156 1816 1200 1846 ut
1232 1811 1389 1860 opinor,
1431 1816 1521 1846 ten-

853 1866 968 1904 dens:
1001 1867 1236 1918 „Cypselmn
1254 1872 1520 1917 regnaturum,

856 1923 954 1960 filios
989 1936 1146 1976 quoque
1191 1922 1447 1960 Periandrum
1484 1930 1521 1960 et

855 1980 1089 2030 Gorgiam“:
1136 1976 1323 2032 (namque
1355 1977 1460 2016 hunc
1480 1981 1519 2016 in

851 2044 1002 2088 partem
1031 2036 1302 2074 dominationis
1331 2036 1521 2073 fraternae

850 2095 998 2132 venisse
1012 2123 1023 2141 ,
1054 2107 1074 2130 e
1094 2094 1198 2131 Plut.
1220 2094 1314 2145 Sap.
1336 2093 1458 2130 Conv.
1480 2107 1520 2144 p.

856 2153 933 2191 160
953 2158 1054 2187 recte
1075 2151 1266 2201 colligitur
1303 2150 1398 2198 [Tu
1418 2151 1518 2187 conf.

851 2214 949 2244 nott.
969 2207 1019 2244 ad
1038 2210 1104 2257 III,
1136 2208 1225 2256 53].
1283 2208 1391 2244 Bene
1426 2220 1518 2258 ergo

850 2265 974 2302 veibis
1007 2263 1074 2304 καὶ
1113 2266 1254 2310 παῖδες
1282 2265 1356 2301 Dio
1389 2263 1519 2323 Chry—

849 2327 940 2358 sost.
974 2320 1191 2373 explicandi
1228 2334 1339 2358 causa
1372 2321 1431 2360 ών
1461 2322 1519 2367 εἰς

852 2371 970 2426 οὗτος
983 2377 1004 2418 ὅ
1018 2379 1265 2431 Περίανδρος
1286 2377 1514 2428 adposuit).

853 2441 963 2481 „tum
994 2435 1202 2487 Cypselum
1227 2441 1264 2471 et
1284 2433 1514 2485 Lycophro-

851 2504 964 2539 nem,
995 2491 1196 2529 Periandri
1223 2491 1340 2539 filios,
1372 2492 1515 2542 quippe

851 2555 976 2585 morte
1017 2556 1106 2587 ante
1148 2555 1298 2600 patrem
1329 2548 1431 2584 obita
1474 2548 1514 2583 in

853 2604 1063 2656 tyrannidis
1119 2606 1357 2643 successione
1410 2601 1515 2639 haud

847 2661 1017 2699 futuros:
1074 2675 1199 2699 unum
1246 2657 1514 2698 tantummodo

847 2718 1197 2766 Psammetichum,
1248 2717 1412 2766 Gorgiae
1460 2714 1512 2750 fil.

848 2775 1001 2826 Cypseli
1019 2775 1038 2812 I
1056 2789 1159 2826 nep.,
1192 2787 1263 2811 nec
1283 2774 1380 2809 ullos
1400 2783 1512 2821 prae-

848 2838 972 2880 terea,
1002 2845 1121 2882 regno
1151 2833 1229 2869 sive
1249 2827 1450 2880 tyrannide
1471 2828 1511 2863 in
