1897 3340
575 216 878 257 ERATO.
940 215 1012 251 VI.
1347 218 1429 257 379

165 331 265 383 ,,κα“ι
308 330 411 387 ὑμῖν
452 327 597 384 τοιήδε
626 343 688 376 τις
726 323 890 381 γένοιτ’
923 322 976 366 ἂν
1006 322 1233 378 ἐπικουρίη
1262 322 1429 377 ψυχρή’

165 402 381 455 Ἡφθαίητε
417 397 499 452 γάρ
549 394 604 437 ἂν
639 392 846 443 πολλάκις
891 388 1363 444 ἐξανδραποδισθέντες
1402 388 1431 443 ἥ

137 471 295 515 4,,τινα
339 465 561 510 πυθέσθαι
608 460 766 518 ἡμέων.

831 458 1192 516 συμβουλεύομεν
1236 458 1283 502 δὲ
1322 457 1430 512 ύμῖν

167 537 353 587 ,,δοῦναι
383 532 518 588 ὑμέας
556 529 722 581 αὐτούς
756 527 1045 584 Ἀθηναίοισι,
1090 525 1429 583 πλησιοχώροισί
1444 532 1487 567 75

165 618 239 654 ,,τε
287 601 495 656 ἀνδράσι,
551 598 624 643 καὶ
673 597 899 654 τιμωρέειν
946 597 1070 641 ἐοῦσι
1113 594 1170 639 οὐ
1217 599 1432 639 κακοῖσι.“

139 674 322 714 5Ταῦτα
363 666 688 725 συνεβούλευον
732 668 776 710 οἱ
815 662 1179 722 Λακεδαιμόνιοι,
1224 661 1279 707 οὐ
1321 662 1432 706 κατὰ

167 736 343 796 εὐνοίην
373 736 490 780 οὕτω
519 740 609 780 τῶν
642 733 918 785 Πλαταιέων,
950 732 1009 783 ὠς
1038 731 1302 789 βουλόμενοι
1331 730 1434 782 τούς

161 804 423 862 Ἀθηναίους
468 806 578 862 ἔχειν
613 803 802 855 πόνους,
853 805 1145 852 συνεστεῶτας
1187 803 1434 842 Βοιωτοῖσι.

136 872 516 930 6Λακεδαιμόνιοι
545 871 624 928 μέν
652 888 737 915 νυν
757 874 1024 915 Πλαταιεῦσι
1053 872 1191 913 ταῦτα
1221 865 1433 924 συνεβού-

112 1092 200 1118 cum
229 1078 450 1131 Schweigh.
480 1087 517 1118 et
546 1079 663 1117 Gaisf.
684 1076 772 1116 dedi

111 1136 263 1190 γένοιτο
294 1151 365 1188 pro
396 1139 557 1191 γίνοιτο.
617 1136 679 1173 Ad
698 1136 774 1173 loci

111 1202 384 1244 argumentum
422 1195 568 1233 consul.
609 1192 774 1245 Thucy—

88 1249 190 1288 'did.
223 1253 289 1300 III,
323 1251 390 1294 55.
448 1250 560 1288 Unde
589 1263 668 1287 non
707 1257 773 1298 est,

112 1306 217 1360 quod
243 1309 284 1344 in
304 1307 544 1346 Herodotum
573 1306 776 1346 invehatur

110 1363 307 1403 Plutarch.
328 1367 363 1401 H
382 1378 471 1416 pag.
493 1367 569 1405 861
593 1366 641 1403 D.
682 1366 776 1401 Mox

111 1418 248 1473 ψυχρή
269 1420 478 1474 ἐπικουρίη
504 1422 561 1458 uti
580 1422 672 1472 νίκη
696 1430 776 1471 ψυ-

111 1476 186 1530 χρή
218 1480 288 1527 ΙΧ,
317 1481 371 1520 49
424 1486 462 1516 et
500 1477 611 1526 ἐλπὶς
637 1474 775 1530 ψυχροὶ

110 1534 283 1586 Euripid.
312 1534 437 1586 lphig.
466 1535 554 1572 Aul.
597 1534 704 1576 1014
740 1541 776 1572 et

111 1591 263 1643 Iosephi
282 1594 330 1632 B.
350 1592 436 1632 Iud.
456 1593 486 1640 Ι,
504 1595 568 1641 18,
590 1594 628 1632 3.
668 1592 774 1637 Quae

111 1650 370 1700 Wesselingio
391 1648 591 1687 debentur.

167 1707 348 1757 φθαίητε
379 1703 454 1760 γοῖρ
488 1701 540 1745 ἂν
579 1721 616 1745 κ.
657 1721 690 1746 τ.
720 1705 774 1755 λ.]

113 1762 200 1800 Vid.
221 1762 355 1801 Matth.
379 1764 447 1801 Gr.
468 1764 534 1800 Gr.
556 1776 644 1814 pag.
668 1761 775 1803 1084

114 1818 236 1869 (Add.
271 1819 416 1857 Herod.
446 1821 512 1868 VI,
549 1816 679 1873 116),
710 1820 777 1871 qui

113 1875 218 1913 idem
237 1889 325 1928 pag.
350 1875 458 1917 1042
484 1875 707 1913 consulend.
729 1873 777 1912 ad

115 1934 230 1970 verba
260 1931 467 1986 τιμωρέειν
492 1932 604 1974 ἐοῦσι
637 1928 685 1972 οὕ
703 1947 778 1972 κα-

115 1994 232 2030 κοῖσι.

173 2043 223 2086 ου’
244 2043 344 2085 κατα
370 2040 533 2097 δυ’νοίην
551 2040 656 2084 οὕτω
689 2060 725 2084 κ.
743 2060 777 2084 τ.

116 2104 179 2152 λη]
217 2105 322 2140 Haec
342 2109 385 2140 ut
419 2104 490 2140 rite
518 2102 779 2152 intelligantur

118 2161 263 2212 riteque
304 2158 578 2207 diiudicentur,
638 2166 778 2196 teneu-

121 2216 216 2254 dum
254 2224 332 2265 est,
377 2216 564 2254 Herodoti
605 2217 779 2257 animum

116 2286 207 2311 sane
249 2274 372 2324 magis
436 2273 485 2310 ad
526 2271 778 2311 Athenienses

119 2330 367 2382 (quibuscum
379 2331 495 2367 etiam
506 2329 675 2368 Thurios
686 2343 778 2382 pro-

120 2388 240 2424 fectus
261 2386 342 2437 est)
371 2393 485 2439 atque
505 2386 554 2424 ad
573 2388 779 2439 imperium

122 2444 327 2494 populare,
359 2442 463 2494 quod
491 2445 544 2481 ibi
561 2457 679 2496 quam
698 2457 780 2482 ma-

121 2501 228 2537 xime
246 2506 339 2536 tunc
359 2500 540 2550 temporis
564 2501 691 2538 floruit
711 2500 780 2551 (cf.

124 2563 219 2597 nott,
238 2555 286 2593 ad
304 2556 352 2600 V,
374 2558 458 2603 66)
485 2557 684 2595 inclinasse
704 2564 741 2595 et
761 2572 783 2595 a

128 2614 404 2663 Spartanorum
414 2613 525 2649 rebus
533 2612 781 2653 abhorruisse.

128 2668 481 2708 Vid.Hoffmeiste1-.
502 2670 528 2706 l.
547 2671 573 2707 l.
586 2683 673 2721 pag.
688 2675 781 2713 106.

130 2726 228 2762 Hinc
249 2738 400 2777 quoque
430 2727 480 2763 vl
493 2757 503 2774 ,
529 2730 607 2767 112
628 2728 784 2779 aliisque

132 2783 220 2818 locis
240 2780 488 2820 Athenienses
499 2784 696 2820 occasione
714 2784 784 2820 ob-

132 2839 206 2874 lata
255 2837 387 2876 debitis
426 2838 600 2876 laudibus
639 2841 784 2878 extulit.

829 1078 962 1129 Neque
993 1089 1084 1116 vero
1113 1074 1205 1113 hino
1225 1075 1415 1128 sequitur,
1449 1081 1491 1111 ut

831 1133 989 1187 quidam
1007 1135 1231 1182 voluerunt,
1274 1130 1491 1170 Athenien-

829 1193 932 1230 sibus
960 1198 1108 1243 patrem
1136 1189 1314 1228 historiae
1340 1188 1492 1225 blandi-

830 1257 914 1287 tum
934 1255 1048 1300 atque
1069 1247 1268 1285 adulatum
1285 1259 1386 1294 esse;
1417 1259 1493 1297 qua

831 1306 1097 1344 criminatione
1125 1303 1366 1342 Herodotum
1394 1303 1493 1339 libe-

831 1364 928 1401 ravit
956 1361 1191 1399 Dahlmann.
1227 1375 1268 1413 p.
1305 1363 1384 1401 178
1411 1373 1492 1411 seq.

831 1420 1021 1471 singulos,
1063 1421 1131 1472 qui
1160 1417 1224 1456 hic
1255 1419 1297 1455 in
1333 1429 1494 1454 censum
1525 1447 1528 1450 Δ

831 1478 1003 1526 veniunt,
1033 1477 1138 1515 locos
1168 1481 1342 1513 accurate
1362 1487 1492 1525 perse-

831 1548 952 1587 quens
1000 1547 1074 1571 nec
1119 1534 1198 1570 ullo
1250 1531 1493 1569 Herodotum

831 1590 1064 1642 praeiudicio
1084 1597 1240 1641 captum
1256 1590 1369 1626 fuisse
1382 1601 1493 1625 com-

829 1655 1058 1686 monstrans.
1101 1648 1168 1685 Tu
1188 1647 1236 1685 cf.
1253 1647 1494 1697 potissimum
1548 1683 1553 1690 k

832 1706 913 1753 VII,
938 1707 1017 1747 138
1037 1717 1146 1757 seqq.
1203 1705 1338 1756 Neque
1366 1701 1494 1739 debita

831 1761 945 1800 laude
972 1762 1035 1799 ille
1055 1762 1263 1813 Spartanos
1284 1760 1495 1811 <frustratus

834 1826 890 1857 est
909 1820 992 1866 VII,
1017 1821 1109 1866 102,
1139 1818 1207 1854 ubi
1227 1817 1277 1855 cf.
1297 1824 1393 1855 nott.
1443 1818 1494 1853 Ut

834 1875 884 1914 ad
903 1883 1079 1913 nostrum
1097 1876 1229 1912 locum
1238 1873 1407 1923 redeam,
1428 1874 1495 1911 vix

835 1931 930 1970 haec
950 1933 990 1969 in
1013 1932 1220 1983 Spartanos
1240 1933 1376 1969 Noster
1403 1943 1496 1981 pro-

835 1990 1000 2038 tulisset,
1037 1990 1111 2026 nisi
1145 1987 1242 2026 haec
1278 1988 1495 2026 communis

834 2047 965 2084 fuisset
984 2047 1172 2084 sententia
1188 2047 1423 2083 Graecorum
1432 2045 1496 2080 illa

835 2111 957 2141 aetate
990 2104 1107 2153 vulgo
1146 2110 1317 2154 recepta,
1359 2092 1496 2155 quibus

835 2161 1014 2212 Spartani
1043 2161 1271 2212 plerumque
1302 2160 1349 2196 ab
1389 2159 1497 2197 omni

835 2218 986 2256 cultiori
1005 2219 1083 2254 vita
1102 2219 1242 2265 alieni,
1275 2215 1383 2265 duri,
1415 2216 1496 2252 cal—

833 2274 903 2312 lidi
922 2287 1052 2326 neque
1072 2275 1193 2326 aperti
1214 2274 1494 2325 simplicesque,

833 2331 961 2370 sedin
982 2332 1075 2369 alios
1105 2331 1227 2370 dolosi
1253 2330 1494 2369 videbantur.

835 2389 948 2427 conf.
965 2390 1036 2436 IX,
1071 2388 1125 2430 54
1156 2395 1194 2426 et
1212 2387 1388 2439 Euripid.
1410 2388 1496 2424 An—

837 2444 1035 2485 dromach.
1049 2444 1131 2487 446
1142 2459 1199 2498 sq.
1217 2442 1495 2482 Wachsmutb.

836 2504 988 2542 Hellen.
1009 2501 1291 2540 Alterthumsk.
1310 2503 1341 2550 I,
1366 2505 1384 2542 1
1408 2514 1497 2553 pag.

837 2562 892 2601 68
921 2573 1001 2612 seq.
1033 2558 1113 2601 134
1143 2573 1222 2612 seq.
1253 2560 1340 2596 coll.
1375 2559 1419 2596 G.
1451 2559 1497 2595 Ο.

838 2617 987 2656 Miffler.
1019 2618 1111 2653 Dor.
1142 2617 1178 2652 Π
1196 2629 1284 2667 pag.
1305 2615 1401 2662 408,
1430 2615 1496 2666 qui

838 2671 933 2709 haec
963 2673 1122 2710 crimina
1151 2674 1313 2709 Doribus
1339 2672 1497 2722 Sparta-

838 2730 898 2766 nis
915 2730 1033 2780 vulgo
1054 2730 1282 2780 exprobrata
1309 2728 1498 2778 explicare

842 2786 903 2822 vel
933 2787 1056 2836 potius
1091 2798 1272 2823 excusare
1305 2783 1429 2821 studet
1451 2795 1499 2818 ex

841 2843 906 2879 illa
917 2844 1065 2879 Dorum
1080 2843 1225 2879 milone
1247 2838 1410 2886 vivendi,
1428 2838 1500 2890 quii
