1897 3340
0 37 16 70 ”i

432 261 515 301 434
825 262 1293 300 HERODOTI

410 370 563 423 ὅσμῶν
581 369 668 410 τῶν
683 370 934 412 Μουσαίου.
970 369 1297 426 ἀναβεβήκεσαν
1324 371 1407 426 γὰρ
1439 370 1517 427 τὴν
1530 371 1690 427 ἔχθρην

433 433 887 491 προκαταλυσάμενοι·
919 437 1133 494 ἐξηλάσθη
1147 438 1228 493 γὰρ
1242 438 1328 482 ὑπὸ
1353 438 1593 493 Ἱππάρχου
1612 443 1692 482 τοῦ

435 502 751 557 Πεισιστράτου
781 502 805 546 ὁ
833 502 1146 558 Ὀνομάκριτος
1173 506 1214 557 ἐξ
1243 505 1482 562 Ἀθηνέων,
1526 504 1587 548 ἐπ’
1618 503 1690 547 αύ-

430 570 620 626 τοφιόρῳ
651 570 785 621 ἁλούς
816 569 901 614 ὑπὸ
918 572 1072 616 Λάσου
1094 577 1174 617 τοῦ
1199 573 1448 630 Ἑρμιονέος
1478 570 1693 628 ἐμποιέων

373 776 446 828 τήρ
475 777 542 816 καὶ
575 773 798 827 δημογόρος
819 779 1030 828 iunguntur

371 836 410 871 in
432 833 634 871 Themistii
655 835 717 871 Or.
742 835 868 871 XXVI
889 848 927 885 p.
950 837 1026 874 321

372 893 440 937 D.‚
480 897 637 926 notante
676 891 923 940 wesseling„
965 889 1031 941 qui

370 946 499 983 laudat
522 949 743 997 Harpocrat.
766 948 804 982 in
836 943 1032 992 Διάθεσις

372 1011 408 1040 et
424 1004 573 1053 Ulpian.
596 1002 644 1039 ad
660 1003 856 1042 Demosth.
873 1002 1030 1054 Olynth.

369 1062 403 1096 11
424 1072 510 1110 pag.
537 1058 599 1099 14.
656 1059 763 1107 „Sed
784 1060 924 1106 (verba
944 1066 1031 1096 sunt

370 1115 723 1166 Schweighaeuseri
755 1118 794 1152 in
827 1119 922 1154 Lex.
952 1117 1032 1151 He-

371 1171 453 1209 rod.
474 1172 572 1223 s.V.)
595 1172 784 1222 διαθέτην
805 1175 941 1209 rectius
953 1173 1032 1208 for-

371 1236 467 1266 tasse
497 1242 586 1265 cum
621 1229 727 1265 Vana
761 1237 796 1266 et
836 1230 1030 1265 Gronovio

341 1323 344 1327 Δ
370 1286 646 1323 edissertatorem
662 1293 725 1322 aut
740 1286 947 1323 venditorem
966 1286 1030 1321 in-

370 1343 538 1392 telliges3
577 1355 659 1392 ,ego
699 1341 858 1394 quidem
896 1343 1029 1379 lubens

370 1398 419 1436 M
421 1401 519 1436 asaei
532 1399 676 1435 oracula
691 1399 926 1436 venditantem
940 1397 1031 1435 red-

371 1454 544 1491 derem.“
602 1456 840 1491 Gronovium
881 1462 1030 1492 secutus

371 1519 450 1548 erat
488 1511 699 1548 Larcherus
738 1519 909 1548 vertens:
970 1513 1033 1560 qui

362 1567 492 1618 faisoit
532 1581 730 1615 commerce,
778 1570 841 1618 qui
870 1568 1030 1612 vendoz't5

370 1637 487 1676 quam
506 1625 858 1675 interpretationem
887 1625 1029 1660 firmari

371 1683 422 1717 ait
434 1682 488 1728 iis,
505 1694 601 1732 quae
625 1682 809 1731 aToupio
832 1682 941 1717 allata
956 1682 1030 1716 sint

369 1737 562 1774 Emendd.
584 1739 623 1772 in
642 1736 750 1775 Suid.
773 1738 825 1773 111
842 1751 879 1787 p.
897 1740 977 1778 270
998 1750 1027 1773 S.

370 1794 421 1830 T.
453 1795 488 1829 Π
518 1806 604 1844 pag.
627 1795 720 1833 326.
781 1794 864 1838 Quo
895 1794 1030 1829 melius

369 1851 477 1894 Miot‚
519 1851 612 1886 alter
655 1850 785 1886 Galius
825 1851 1028 1900 interpres:

367 1906 542 1957 ‚Jameux
561 1907 664 1943 devin
688 1908 750 1955 qui
761 1919 785 1942 a
803 1908 918 1942 misen
930 1906 1032 1942 ordre

367 1963 416 2000 les
455 1963 601 2000 Oracles
637 1962 678 1998 de
708 1961 834 1999 Muse‘e
863 1966 894 1999 et
926 1962 1031 2012 qu'z'ls

366 2022 539 2056 menaient
580 2018 675 2056 alors
716 2031 798 2055 avec
832 2031 913 2065 eux,
929 2020 954 2039 ‘⁶
993 2025 1030 2055 et

367 2076 521 2125 Lange,
560 2075 785 2112 vernaculus
822 2076 1026 2125 interpres:

369 2131 432 2168 der
452 2144 526 2168 war
547 2134 603 2168 ein
630 2129 826 2179 Weissager
847 2131 920 2168 und
935 2131 1028 2167 Orcl-

368 2199 431 2224 ner
451 2188 513 2224 der
549 2187 827 2235 Weissagungen
859 2188 918 2224 des
938 2186 1029 2223 Ma-

368 2245 508 2280 saeus.“
568 2244 720 2292 Optime
742 2244 856 2289 enim,
880 2244 1026 2292 opinor,

367 2300 590 2335 monstravit
600 2297 770 2335 Lobeck.
784 2300 822 2334 in
835 2297 1025 2348 Aglaoph,

367 2368 406 2406 p.
418 2358 499 2395 332
514 2368 606 2406 seq„
621 2356 844 2390 assentiente
857 2353 1022 2392 Nitzsch.

366 2413 424 2447 De
437 2410 566 2447 histor.
596 2412 752 2446 Homer.
775 2424 812 2460 p.
838 2413 914 2451 163
936 2409 1023 2446 huic

366 2468 451 2504 loco
477 2480 561 2503 eam
582 2479 699 2502 unam
727 2468 930 2503 convenire
950 2480 1024 2503 no-

366 2525 511 2561 tionem
539 2520 643 2560 verbi
672 2522 916 2568 διατιθέναι,
947 2523 1024 2574 quai

365 2581 486 2616 valeat
500 2580 704 2616 inordinata
717 2592 908 2628 componere
920 2583 951 2616 et
973 2580 1022 2616 ad

364 2636 613 2686 aequalitatem
628 2636 796 2683 redigere.
826 2637 956 2687 Itaque
969 2638 1022 2672 0-

367 2693 621 2729 nomacritum
635 2691 824 2741 διαθέτην
837 2695 1022 2741 χρησμῶν

371 2749 585 2787 Μουσαίου
598 2749 830 2798 appellatum
852 2761 930 2784 esse
942 2750 1022 2785 vult

367 2806 414 2842 ab
428 2818 486 2852 eo,
498 2804 600 2856 quod
621 2818 709 2855 prae
720 2818 759 2840 se
770 2805 895 2841 tuterit
908 2812 1022 2856 atque

364 2862 552 2912 professus
588 2862 657 2909 sit,
705 2862 859 2911 negotio
896 2874 1023 2912 sparsa

1086 779 1229 815 Musaei
1260 780 1436 815 vaticinia
1466 778 1669 829 colligendi
1700 780 1747 814 li-

1085 837 1249 886 terisque
1283 835 1532 885 consignandi
1565 843 1625 882 et,
1669 848 1745 886 quo

1088 891 1256 942 quidque
1266 893 1461 942 pertineat,
1476 891 1650 928 docendi.
1666 891 1743 927 Ad-

1088 947 1141 983 dit
1161 948 1264 983 idem
1284 947 1454 984 Lobeck.
1483 949 1569 984 alibi
1592 961 1745 999 quoque

1088 1005 1379 1040 commemorari
1458 1005 1745 1040 Onomacritum

1088 1061 1329 1096 oraculorum
1358 1061 1665 1109 interpolatorem
1688 1068 1747 1096 at-

1088 1130 1162 1168 que
1192 1117 1336 1152 Musaei
1364 1115 1559 1167 quoddam
1590 1129 1744 1153 carmen

1087 1174 1134 1209 ab
1162 1173 1405 1209 Onomacrito
1426 1173 1665 1222 suppositum
1684 1174 1747 1208 in-

1088 1229 1205 1265 dicari
1219 1242 1238 1265 a
1249 1230 1567 1275 Pausan.1‚22§.
1581 1231 1620 1276 7,
1643 1227 1746 1280 quod

1086 1286 1134 1322 ab
1166 1286 1319 1322 oraculo
1342 1285 1533 1322 diversum
1553 1285 1665 1322 fuisse
1685 1287 1746 1323 vi-

1087 1341 1232 1388 deatur,
1262 1343 1432 1393 itemque
1452 1342 1550 1389 VIII,
1575 1343 1625 1381 31
1649 1342 1686 1387 §.
1708 1346 1745 1381 1.

1085 1399 1154 1443 IX,
1177 1398 1229 1439 35
1253 1399 1288 1444 ξ.
1318 1401 1337 1439 1
1369 1396 1657 1450 Ὀνομακρίτου
1671 1396 1744 1447 ἔπη

1086 1456 1192 1492 nullo
1223 1452 1352 1491 addito
1392 1454 1554 1502 indicio,
1593 1467 1670 1505 quo
1702 1467 1745 1490 ea

1086 1514 1243 1548 Musaeo
1278 1518 1344 1547 aut
1377 1510 1528 1562 Orpheo
1566 1512 1745 1562 inscripta

1086 1569 1199 1605 fuisse
1220 1575 1357 1619 pateat.

1141 1621 1216 1675 τὴν
1254 1623 1404 1674 ἔχθρην
1440 1618 1744 1674 προκαταλυσά-

1086 1681 1224 1731 μενοι]
1257 1681 1282 1720 i,
1306 1693 1339 1716 e.
1371 1681 1570 1716 inimicitiis
1587 1682 1669 1715 ante
1687 1691 1741 1714 so-

1085 1737 1184 1774 lutis.
1214 1737 1314 1772 Male
1333 1737 1373 1772 in
1394 1734 1622 1787 quibusdam
1633 1733 1745 1772 codd.

1086 1788 1488 1844 προκαταλυσόμενοι.
1530 1791 1633 1828 Infra
1662 1792 1744 1838 VII,

1091 1849 1168 1889 146
1210 1847 1481 1887 καταλύεσθαι
1521 1848 1607 1884 coll.
1646 1848 1746 1894 VIII,

1086 1905 1183 1953 140.
1210 1906 1279 1953 lX,
1313 1908 1377 1944 11.
1436 1904 1510 1941 Ubi
1536 1904 1624 1942 satis
1643 1911 1747 1954 patet

1087 1960 1206 1997 medii
1226 1962 1331 1998 verbi
1342 1962 1397 1998 vis
1413 1974 1455 1997 ac
1468 1967 1644 2011 potestas.
1675 1974 1745 1998 κα-

1085 2020 1251 2056 ταλῦσαι
1280 2014 1373 2064 τούς
1405 2015 1602 2067 πολέμους
1650 2015 1746 2053 dixit

1085 2073 1309 2111 Plutarchus
1348 2075 1387 2109 in
1431 2071 1683 2110 Themistocl.
1719 2075 1745 2113 6

1085 2130 1150 2166 fin.
1173 2131 1328 2182 aliisque
1350 2130 1440 2166 locis
1456 2129 1502 2165 ab
1520 2129 1744 2178 Haitingero

1085 2187 1203 2223 aliatis
1233 2189 1271 2222 in
1301 2187 1401 2223 Actt.
1434 2183 1540 2235 phin.
1568 2186 1743 2222 Monacc.

1082 2244 1135 2277 111
1158 2255 1244 2292 pag.
1266 2245 1361 2288 200,
1393 2242 1459 2277 ubi
1480 2243 1594 2278 etiam
1616 2240 1663 2277 de
1683 2242 1744 2278 Ιο-

1083 2300 1235 2335 cutione
1285 2301 1402 2336 λῦσαι
1453 2294 1522 2336 τόν
1558 2295 1740 2348 πόλεμον.

1081 2357 1174 2390 Mox
1205 2368 1295 2390 cum
1329 2353 1542 2391 Gaissordio
1584 2355 1742 2406 aliisque

1082 2413 1225 2447 restitui
1266 2406 1552 2463 Πεισιστράτου
1567 2440 1577 2458 ,
1636 2409 1742 2462 quod

1079 2475 1226 2518 praeter
1255 2467 1435 2503 Aldinam
1464 2467 1619 2517 praebet
1638 2468 1741 2504 San-

1079 2526 1185 2560 crofti
1210 2525 1304 2560 liber
1321 2537 1410 2560 cum
1431 2525 1524 2560 aliis.
1584 2524 1627 2559 In
1649 2524 1740 2560 Flo-

1079 2582 1228 2617 rentino
1263 2582 1418 2632 aliisque
1438 2580 1629 2616 invenitur
1646 2581 1739 2618 Πει-

1081 2638 1344 2685 σιστρατίδεω,
1368 2635 1470 2688 quod
1492 2634 1686 2676 Schaefer.
1701 2642 1738 2672 et

1079 2693 1213 2730 Matth.
1235 2695 1484 2730 retinuerunt.

1136 2745 1209 2789 ἐπ’
1257 2745 1539 2799 αὐτοφώρῳ
1579 2744 1738 2794 anoth,-

1078 2803 1158 2845 dno*
1181 2802 1361 2845 Λάσου
1391 2807 1462 2844 τοῦ
1487 2802 1736 2855 Ἑρμιονέος]

1080 2864 1137 2898 De
1179 2863 1371 2899 locutione
1412 2856 1471 2901 ἐπ’
1509 2856 1735 2913 αὐτοφώρῳ

1878 205 1880 216 ἡ
1877 0 1897 197 ‘'uf-:2²
