1897 3340
433 240 490 280 36

830 238 1286 274 HERODO'rl

436 346 536 400 „noo
564 349 709 402 σοφῷ
761 345 865 396 δούς
915 343 1203 399 ἐγκτήσασθαι
1241 343 1370 386 πόλιν
1410 343 1456 386 ἐν
1505 344 1689 398 Θρηΐκῃς

440 415 540 468 „Z'voe
567 415 640 468 ἰ’δη
683 429 727 456 τε
757 411 1084 468 ναυπηγήσιμός
1113 412 1200 454 ἐστι
1230 410 1455 465 ἄφθονος,
1485 409 1556 452 καὶ
1586 413 1688 452 πολ-

439 483 536 534 ,,λοὶ
565 479 745 533 κωπέες,
775 480 844 522 καὶ
875 480 1059 533 μέταλλα
1091 476 1302 534 ἀργύρεα
1335 478 1483 533 ὅμιλος
1511 493 1554 519 τε
1584 480 1743 519 πολ-21

382 654 475 678 cnm
503 641 585 678 viro
615 639 727 677 docto
748 641 872 690 legere
893 644 1037 675 mutata

385 698 620 748 singularum
639 709 777 734 vocum
798 695 910 733 sede:
951 692 1038 732 ἔτυ-

385 769 427 805 χε
445 727 631 804 Dowpevyv.
672 750 822 803 μισθον
841 751 1036 800 φυλακῆς

386 810 486 846 Infra
529 810 586 856 V,
649 806 771 848 124*
821 803 987 855 Μύρκιι
992 818 1038 844 ov

390 881 560 931 -παρα
593 865 763 913 Δαοείου
794 861 945 913 δωρεην
975 864 1038 899 λα-

390 917 486 973 βων
553 899 700 958 Similia
742 919 929 971 qnlaedam
980 917 1040 953 af-

390 979 462 1015 fert
491 977 722 1025 Wesseling.
774 989 795 1010 e.
833 973 1039 1026 Diophant.

390 1033 591 1070 Arithmet.
624 1033 655 1069 Σ
675 1044 762 1082 pag.
793 1033 896 1076 2693
932 1029 1039 1066 stob.

391 1092 514 1127 Serm.
524 1088 706 1126 LXXXV
720 1100 812 1138 pag.
833 1086 912 1127 497
924 1088 1041 1122 Tom.

389 1149 442 1182 ΠΙ
478 1160 517 1196 p.
550 1147 630 1186 206
653 1144 769 1180 Gaisf.
810 1144 866 1178 De
897 1142 1043 1193 IlIyrci-

386 1217 430 1239 no
450 1201 550 1238 conf.
569 1201 613 1247 V,
639 1203 701 1240 11.
733 1198 824 1239 124.

445 1254 542 1303 δούς
566 1251 836 1308 ἐγκτήσασθαι
866 1251 984 1293 πόλιν
1002 1253 1044 1292 ἐν

393 1313 576 1367 Θρηϊκῃ]
620 1310 729 1356 Quod
765 1312 857 1346 olim
885 1312 1046 1359 impres-

393 1382 478 1406 sum
519 1375 597 1404 eiat
638 1367 903 1417 ἐγκτίσασθαι,
943 1364 983 1401 id
1026 1378 1046 1400 e

380 1424 504 1463 codd.
525 1424 716 1460 nonnullis
736 1436 838 1459 nuuc
859 1428 1048 1458 mutatum

394 1483 434 1517 in
456 1478 742 1532 ε’γκτήσασθαι,
773 1478 875 1530 quod
901 1477 1049 1513 dudum

395 1538 565 1574 voluerat
609 1534 844 1580 Valcken„
882 1546 901 1569 e
942 1534 1048 1570 cuius

396 1593 640 1629 annotatione
671 1589 719 1626 ἃᾶ
750 1589 787 1626 h.
810 1590 834 1626 l.
865 1588 958 1626 haec
979 1587 1049 1625 ad-

395 1650 557 1686 scribere
576 1648 721 1698 placet:
751 1675 774 1693 „
787 1646 910 1690 Quam
930 1658 950 1681 a
970 1646 1050 1681 Da-

397 1706 450 1741 rio
472 1705 628 1755 petierat
646 1703 766 1738 Mileti
785 1709 967 1752 tyrannus
979 1702 1050 1737 Hi—

395 1762 530 1798 stiaeus
566 1761 606 1795 iu
637 1757 812 1795 Edonide
842 1759 1049 1808 regionem,

398 1814 613 1867 Ilfi'tomvov
630 1814 792 1861 dictam,
821 1814 1049 1864 impetravit,

397 1874 443 1919 V,
468 1876 531 1912 11.
591 1867 832 1922 βουλόμενος
871 1870 913 1909 ἐν
949 1865 1051 1922 αὐτῇ

398 1924 517 1967 πόλιν
539 1928 688 1966 xviam:
709 1928 748 1962 in
768 1926 862 1962 urbe
882 1925 1054 1963 conden-

400 1984 448 2021 da
469 1982 717 2034 deprehendit
728 1990 955 2032 occupatum
969 1983 1054 2018 Me-

399 2040 582 2090 gabazus,
613 2046 650 2075 et
669 2039 895 2089 simulatque
916 2036 1055 2075 Sardes

400 2097 561 2133 venisset
574 2124 583 2141 ,
615 2094 724 2131 docet
745 2095 807 2130 ille
828 2107 956 2144 regem
978 2095 1054 2130 mi-

400 2165 470 2188 nus
490 2151 620 2188 fecisse
639 2149 856 2201 prudenter,
882 2152 946 2202 qui
967 2163 1055 2200 per-

403 2208 559 2254 miserit,
590 2205 786 2243 hominem
806 2208 994 2243 Graecum
1015 2208 1054 2242 in

400 2262 565 2300 Thracia
580 2258 844 2314 ἐγκτήσασθαι
853 2259 978 2309 πόλιν,
994 2275 1055 2299 ur-

402 2320 473 2356 bem
484 2319 551 2355 sibi
565 2318 805 2368 possidendam
815 2320 1053 2367 acquisivisse.

403 2377 635 2427 Frequenter
664 2376 824 2411 occurrit
855 2376 893 2410 in
915 2387 1055 2411 monu-

406 2432 542 2468 mentis
559 2432 672 2467 etiam
684 2429 838 2480 lapideis
859 2445 875 2468 ε
872 2430 1056 2482 Ιιντησις

406 2500 482 2539 quo
502 2499 612 2524 sensu
633 2486 781 2523 docebit
800 2485 1059 2523 Hemsterhus.

404 2542 452 2579 ad
473 2542 636 2594 Hesych.
658 2543 694 2578 in
717 2556 799 2579 v.oc
827 2538 1056 2608 Ἐμπάμμςο,

405 2600 600 2636 occasione
620 2600 721 2635 vocis
748 2594 978 2648 Ἐμπασεις
1010 2597 1057 2634 ad

407 2668 523 2707 quam
551 2654 628 2692 vid.
657 2655 801 2690 Albert.
870 2654 1058 2703 Qui'dquzd

407 2723 572 2760 agrorum
586 2723 652 2747 seu
671 2710 808 2747 aedium
827 2712 904 2759 quis
917 2713 1059 2747 interra

407 2768 477 2804 sibi
489 2769 613 2818 patria
632 2773 892 2817 comparatum
901 2766 1057 2816 posside-

407 2824 487 2869 bat,
516 2835 609 2860 voce
638 2819 844 2873 κτημάτων
865 2824 1056 2872 signifiea-

1094 637 1227 684 batur,
1266 635 1436 689 ἔγκτημα
1457 637 1624 686 possessio
1645 633 1750 671 dice-

1094 693 1205 729 batur
1223 695 1261 729 in
1286 694 1427 741 regione
1450 694 1662 742 peregrina;
1691 689 1750 741 ἔγ-

1093 760 1228 798 κτησις
1253 751 1311 784 ius
1342 748 1541 785 istiusmodi
1568 748 1637 784 sibi
1668 759 1751 796 pos-

1093 806 1251 842 sessionis
1286 804 1558 854 acquirendae.“
1607 803 1751 847 Quibus

1095 861 1167 897 alia
1197 859 1384 924 quaedam
1413 858 1517 896 addit
1549 857 1682 895 Valck.
1703 857 1751 894 de

1094 917 1249 954 vocibus
1270 912 1447 967 κτήματα
1479 922 1591 967 atque
1612 909 1753 966 ἐγκτή-

1096 986 1219 1023 ματα,
1241 973 1288 1009 de
1308 986 1401 1008 v:o‹e
1423 971 1600 1023 ε’γκτησις
1620 971 1660 1006 iu
1681 982 1754 1005 an-

1094 1031 1209 1081 tiquis
1256 1029 1515 1066 monumentis
1570 1027 1753 1064 tabulisve

1099 1085 1209 1122 obvia
1221 1086 1328 1136 plura
1340 1097 1493 1137 quoque
1502 1084 1626 1119 attulit
1635 1083 1754 1120 Wes-

1099 1143 1278 1192 selingius
1294 1171 1304 1188 ,
1326 1143 1386 1178 cui
1408 1140 1494 1177 add.
1514 1140 1685 1176 Voemel.
1707 1137 1754 1174 ad

1099 1197 1346 1234 Demosthen.
1387 1196 1553 1247 Philipp.
1575 1196 1755 1245 Prolegg.

1100 1267 1187 1304 pag.
1222 1257 1271 1294 19
1300 1262 1379 1290 not.
1410 1257 1449 1293 7.
1507 1251 1569 1288 Ad
1595 1252 1756 1288 verbum

1102 1310 1317 1361 ἐγκτοῖσθαι
1363 1308 1548 1346 Valcken.
1611 1308 1758 1344 confert

1103 1367 1241 1402 Genes.
1264 1364 1331 1405 34.
1354 1368 1428 1410 103
1450 1362 1698 1400 Demosthen.
1723 1377 1757 1400 c.

1102 1421 1249 1472 Polycl.
1270 1433 1358 1471 pag.
1380 1423 1472 1468 667,
1504 1423 1553 1460 13
1567 1421 1622 1470 [p.
1639 1421 1757 1464 1208,

1103 1481 1156 1518 27
1169 1476 1333 1524 Reisk.].
1366 1476 1433 1513 Cr.
1455 1476 1760 1513 additLetronne

1105 1540 1142 1570 et
1173 1531 1394 1569 Boissonad„
1425 1534 1464 1568 in
1499 1531 1610 1569 huius
1642 1532 1761 1568 Com-

1104 1596 1239 1625 mentt.
1270 1588 1318 1624 ad
1344 1590 1515 1639 Inscript.
1546 1589 1691 1624 Actiac.
1712 1587 1761 1624 ad

1107 1646 1251 1683 calcem
1281 1645 1466 1681 Holstenii
1509 1644 1681 1695 Epistoll.
1721 1657 1760 1694 p.

1108 1700 1202 1742 455.
1268 1702 1314 1737 Iu
1354 1713 1430 1753 quo
1470 1700 1608 1737 eodem
1645 1701 1761 1737 verbo

1106 1758 1186 1794 vim
1221 1770 1331 1794 suam
1370 1758 1504 1794 retinet
1535 1758 1762 1808 praepositio

1107 1812 1170 1861 ἐν,
1210 1826 1330 1865 aeque
1359 1821 1472 1865 atque
1502 1815 1540 1849 in
1561 1814 1641 1850 aliis
1660 1815 1762 1850 eius-

1106 1868 1212 1906 modi
1244 1870 1378 1917 verbis,
1419 1865 1764 1919 ἐνστρατοπεδεύε·

1111 1929 1231 1972 σθαι,
1288 1925 1620 1977 ἔναγωνίζεσθαι,
1661 1927 1763 1971 aliis,

1111 1981 1158 2018 de
1188 1983 1322 2033 quibus
1355 1982 1431 2019 vid.
1462 1983 1692 2032 Wesseling.
1714 1981 1763 2018 ad

1110 2037 1251 2074 Herod.
1272 2040 1341 2085 IX,
1363 2042 1387 2079 7
1412 2045 1447 2075 et
1478 2052 1575 2090 quae
1596 2038 1762 2076 diximus

1109 2095 1151 2130 in
1183 2095 1357 2131 Creuzeri
1385 2096 1528 2132 Melett.
1558 2097 1611 2131 111
1639 2109 1677 2146 p.
1710 2097 1763 2135 72

1111 2150 1158 2186 ad
1208 2150 1398 2188 Plutarch.
1446 2152 1647 2189 Artaxerx.
1697 2153 1764 2192 22.

1109 2208 1186 2244 Nec
1216 2207 1321 2244 aliter
1354 2208 1432 2244 fere
1455 2207 1555 2258 apud
1584 2210 1765 2245 Nostrum

1110 2264 1173 2309 Vl,
1216 2266 1318 2303 102:
1359 2261 1667 2314 ἐπιτηδειότατον
1687 2278 1766 2314 χω·-

1111 2319 1197 2370 ρίον
1215 2339 1260 2346 -
1275 2319 1524 2359 ἐνιππεῦσαι.
1548 2320 1765 2368 V11,59.—

1110 2376 1153 2410 ln
1194 2377 1366 2425 proxime
1404 2390 1508 2428 seqq.
1556 2378 1766 2426 iunguntur

1116 2427 1295 2476 δεινόςτε
1315 2431 1380 2470 καὶ
1395 2431 1517 2481 σοφός
1529 2434 1701 2474 solemni
1723 2438 1766 2468 ut

1114 2486 1285 2534 videtui,
1315 2501 1440 2533 moi-‚e
1479 2488 1527 2525 de
1555 2501 1631 2540 quo
1653 2501 1674 2524 a
1695 2487 1762 2525 Cr.

1114 2542 1285 2580 laudatus
1314 2544 1511 2582 Heindorf.
1539 2544 1586 2581 ad
1615 2545 1765 2581 Platon.

1114 2598 1276 2636 Phaedr.
1304 2601 1340 2644 §.
1354 2601 1406 2641 50
1426 2613 1512 2651 pag.
1527 2600 1619 2647 245,
1641 2602 1767 2636 Hero-

1115 2654 1216 2692 dolel
1236 2656 1308 2692 loci
1328 2669 1405 2692 non
1427 2659 1643 2693 immemor.

1169 2711 1236 2749 ἰ’να
1268 2712 1332 2760 ἴδη
1372 2726 1412 2749 τε
1439 2734 1493 2740 -
1524 2711 1660 2751 πολλοὶ
1691 2727 1766 2752 κω-

1113 2765 1227 2814 πέες]
1251 2769 1429 2814 „Abietes
1449 2767 1497 2805 ad
1516 2782 1630 2805 naves
1649 2769 1768 2805 fabri-

1114 2822 1251 2860 caudas
1275 2824 1340 2875 ἴδη
1365 2824 1542 2861 dicuntur
1561 2820 1766 2878 ναυπηγή·

1749 417 1828 455 383
