1897 3340
60 572 156 618 102

536 183 1170 228 POLYMNIA.V11.
1397 189 1479 228 585

195 302 238 350 4,
243 298 512 349 ,πυθέσθαι.“
565 297 615 341 Ὅ
643 296 722 351 μὲν
750 294 885 337 ταῦτα
915 289 1082 345 εἰρώτα.
1114 289 1138 334 ὁ
1169 290 1215 333 δὲ
1244 289 1480 347 ὑπολαβών

226 366 333 423 ἔφη’
375 399 398 418 ,,
404 369 605 415 Βασιλεῦ,
635 361 792 416 κότερα
821 358 1010 416 οἷληθηΐη
1036 359 1253 415 χρήσομαι
1280 357 1390 413 πρὸς
1420 360 1480 411 σε,

225 434 278 490 ,,ἢ
306 433 464 491 ἡδονῇς
470 438 494 457 “
536 431 584 476 ‘0
613 430 658 475 δέ
696 444 772 484 μιν
804 427 992 484 α’ληθηῖῃ
1029 427 1278 484 χρήσασθαι
1306 423 1539 478 ἐκέλευε,9ο

225 502 314 558 φας
341 501 482 546 οὐδέν
519 501 562 543 οῖ
600 495 860 553 ἀηδέστερον
897 494 1074 538 ἔσεσθαι
1113 494 1138 552 ἢ
1167 495 1385 548 πρότερον
1413 488 1482 549 ἦν.

223 568 300 622 Ὡς
320 570 366 614 δὲ
395 571 530 612 ταῦτα
563 562 724 621 ἤκουσε
764 562 1037 619 Δημαρητος,
1068 563 1181 620 ἔλεγε
1210 562 1332 606 τάδε·
1370 563 1484 614 ,,Βα-

225 641 399 692 ,,σιλεῦ,
440 631 584 688 ἐπειδὴ
622 630 813 687 ἀληθηΐῃ
856 630 1175 687 διαχρήσασθαι
1223 645 1396 681 παντως
1433 645 1484 685 με

225 703 460 757 ,,κελέυέιςῖ,
488 704 626 744 ταῦτα
663 699 846 754 λέγοντα
875 697 928 741 τὰ
958 698 1018 755 μή
1047 697 1318 754 ψευδόμενός
1346 714 1410 749 τις
1438 695 1484 740 ὕ-

225 782 405 828 ,,στερον
439 767 526 813 ὑπὸ
568 771 644 811 σεῦ
685 764 920 811 ἁλώσεται·
952 770 1006 822 τῇ
1038 764 1210 810 Ἑλλάδι
1249 766 1374 823 πενίη
1405 765 1485 822 μὲν

168 979 223 1032 μη
253 946 449 1015 adscripsit
466 962 580 1000 Bekk
583 977 678 1004 erus.
747 966 823 1002 Pro

169 1016 322 1060 αὐτέων
342 1020 431 1058 dedi
451 1015 596 1059 αυτῶν.

224 1085 366 1140 κότερα
412 1084 591 1142 αληθηΐῃ
629 1083 827 1140 χρήσομαι

168 1160 269 1195 προς
281 1143 323 1184 σὲ
340 1141 368 1196 ἦ
385 1142 518 1199 ’ἡδονή
529 1145 612 1193 ;]‚
617 1144 761 1192 ‚Utrum
779 1145 827 1182 ad

168 1203 348 1240 veritatem
371 1202 496 1252 loquar
519 1215 565 1238 an
591 1202 639 1239 ad
665 1202 828 1240 volunta-

169 1262 235 1296 tem
247 1258 292 1296 ?“
367 1260 424 1295 Ita
467 1256 652 1296 Valcken.
671 1258 829 1297 laudans

170 1315 289 1354 Cicer.
310 1316 368 1351 De
397 1315 538 1352 amicit.
559 1314 626 1355 25.
654 1314 828 1366 Euripid-

168 1372 350 1422 fragmm.
375 1370 476 1422 apud
499 1371 607 1408 Stob.
634 1373 727 1409 XIII
745 1373 829 1409 init.

171 1428 242 1477 (Τ
262 1430 280 1464 Ι
305 1442 344 1479 p.
365 1431 445 1469 320
468 1424 614 1481 Gaisf.)
644 1436 681 1466 et
710 1427 757 1465 de
777 1429 829 1466 si-

168 1485 251 1522 mili
289 1485 481 1522 locutione
518 1484 618 1536 πρὸς
643 1481 763 1538 χάριν
797 1498 829 1522 s.

169 1556 270 1594 προς
284 1537 461 1592 ἡδονήν,
484 1539 531 1577 de
552 1554 706 1592 qu'znos
728 1540 830 1578 dixi-

170 1611 256 1635 mus
287 1597 336 1634 ad
365 1595 559 1636 Plutarch.
581 1597 768 1635 Alcibiad.
788 1612 828 1649 Ρ.

171 1656 238 1702 79,
251 1653 473 1691 admonens.
484 1652 684 1692 Bekkerus
702 1654 748 1693 de
759 1668 828 1692 suo

173 1710 290 1748 edidit
316 1706 390 1765 χρή
402 1722 424 1750 σ
435 1725 465 1749 ω
481 1725 563 1762 μαι.

410 1836 500 1887 Cap.
523 1836 602 1873 CII.

231 1932 560 1988 διαχρήσασθαι]
638 1939 694 1974 lta
742 1950 830 1975 cum

175 1991 417 2044 Schweigh„
449 1995 566 2032 Gaisf.
596 2001 632 2031 et
650 1993 831 2031 Bekkero

175 2049 338 2101 dedipro
349 2052 441 2101 vulg
444 2046 705 2103 .χρήσασθαι.
715 2050 833 2102 Apud

176 2107 398 2155 stobaeum,
416 2081 494 2145 cubi
513 2106 608 2145 haec
625 2106 834 2145 afferuntur

175 2163 257 2211 VII,
289 2163 341 2205 58
375 2165 444 2210 (T.
474 2166 493 2201 Ι
512 2179 548 2216 Ρ.
569 2167 649 2206 213
682 2165 832 2216 Gaisf.)‚

179 2226 300 2256 exstat
319 2216 368 2270 δη
389 2215 628 2272 χρησασθαι.

234 2288 357 2325 ταῦτα
376 2286 618 2338 λέγοντα],
623 2289 834 2337 ,Sententia

179 2349 370 2380 contracta
389 2344 440 2380 sic
459 2344 608 2382 videtur
631 2346 832 2397 explenda,

181 2410 225 2435 ac
261 2399 291 2435 si
325 2400 463 2436 scribe1
466 2406 569 2437 etur
621 2399 757 2452 ἐπειδή
787 2418 834 2454 με

181 2456 303 2493 ταῦτα
336 2453 498 2506 λέγοντα
536 2454 707 2503 κελεύεις
737 2454 835 2510 οἷλη-

181 2511 283 2564 θηΐῃ
318 2507 565 2563 χρήσασθαι,
607 2511 757 2576 (λέξω)
787 2531 835 2554 τα

183 2552 347 2617 (λέξας)
408 2583 459 2617 μη
494 2563 736 2619 ψευδόμενός
782 2586 840 2618 τις

183 2635 350 2672 υστερον
390 2619 469 2662 υπὸ
525 2626 595 2662 σεῦ
636 2622 839 2676 ἇλαίσεται,

185 2680 462 2731 quandoquidem
482 2679 536 2717 lezs
554 2680 596 2717 de
623 2681 717 2718 rebus
737 2684 840 2721 verba

163 2765 168 2771 .
181 2734 372 2785 facientem
403 2749 454 2773 me
473 2737 566 2774 iubes
588 2736 636 2773 ad
658 2738 839 2778 veritatem

188 2791 294 2841 loqui,
323 2804 364 2830 ea
383 2792 518 2841 dicam,
550 2806 637 2842 quae
662 2796 724 2843 qui
740 2794 839 2833 dixe-

880 965 948 1012 rit,
992 977 1016 1000 a
1046 967 1078 1001 te
1105 967 1227 1015 postea
1261 977 1329 1002 77οη
1370 967 1541 1014 arguetur

881 1020 1102 1058 menclacz‘i.“
1160 1019 1366 1060 Valcken.
1456 1023 1543 1072 Ipsa

881 1077 1088 1116 verborum
1117 1082 1304 1115 structura
1332 1078 1384 1114 sic
1422 1091 1543 1129 expe-

884 1132 1042 1181 dienda,
1063 1140 1106 1170 ut
1125 1133 1299 1185 epodosis
1327 1134 1544 1172 exordiatur

884 1203 907 1227 a
935 1191 1057 1228 verbis
1087 1191 1138 1244 τῇ
1150 1187 1308 1230 Ἑλλάδι
1335 1191 1451 1242 πενίη
1471 1188 1542 1243 μὲν

884 1262 921 1286 κ.
950 1262 981 1286 τ.
1017 1249 1072 1295 λ.;
1120 1260 1372 1300 quaecunque
1415 1255 1543 1285 autem

884 1302 1114 1341 antecedunt
1130 1332 1140 1351 ‚
1171 1303 1219 1341 ad
1237 1305 1405 1356 protasii]
1425 1305 1544 1356 perti-

883 1373 975 1398 nere
1005 1366 1185 1410 putentur
1204 1375 1294 1398 eum
1323 1363 1364 1398 in
1382 1360 1545 1398 modum

886 1431 935 1454 ex
956 1416 1088 1454 ordine
1109 1419 1272 1455 naturali
1301 1417 1542 1456 collocanda.

885 1470 1019 1524 ἐπειδὴ
1040 1470 1212 1522 κελεύεις
1225 1489 1270 1526 με
1290 1475 1415 1527 διαχρ.
1429 1489 1546 1514 παντ.

886 1526 1066 1585 αληθηΐη
1100 1528 1263 1583 λέγοντα
1283 1531 1347 1576 (ad
1379 1546 1426 1582 με
1444 1532 1546 1568 refe-

884 1586 1012 1638 rend.)
1042 1589 1192 1637 ταῦτα,
1221 1585 1267 1628 τοὶ
1297 1604 1418 1638 μη-
1438 1583 1546 1627 αλω-

886 1655 1014 1692 σεται,
1045 1644 1112 1679 ubi
1132 1643 1179 1681 de
1199 1645 1386 1696 participii
1405 1658 1475 1682 usu
1495 1645 1544 1682 cf.

885 1701 998 1738 citata
1019 1699 1066 1736 ad
1086 1701 1214 1747 V1,5.

944 1783 994 1835 τῇ
1011 1777 1167 1820 Ἑλλάδι
1186 1795 1234 1820 πε
1219 1780 1302 1831 evin
1320 1778 1435 1832 μὲνκ.
1446 1796 1480 1820 τ.
1489 1781 1544 1829 λ.]

888 1837 1074 1874 Voculam
1104 1834 1193 1876 κοτὲ
1218 1839 1318 1874 male
1349 1851 1370 1874 a
1391 1839 1548 1890 quibus-

890 1892 981 1930 dam
1028 1892 1140 1932 codd.
1191 1895 1370 1931 omissam
1408 1895 1546 1931 retinui

888 1951 1058 2001 itemque
1080 1945 1301 2001 σύντροφος
1332 1950 1349 1990 ἒ
1364 1961 1459 1999 στι,
1480 1964 1551 1987 cu-

889 2007 948 2044 ius
982 2007 1068 2044 loco
1089 2006 1207 2044 Gaisf.
1229 2021 1249 2043 e
1270 2007 1419 2045 duobus
1439 2006 1549 2045 codd.

891 2070 929 2100 et
959 2063 1126 2101 Stobaeo
1159 2065 1302 2114 recepit
1324 2060 1550 2116 σύντροφος

890 2116 1110 2160 σύνεστι.
1168 2122 1267 2158 Nam
1298 2135 1319 2158 e
1348 2123 1471 2172 glossa
1500 2120 1550 2159 ad

889 2190 1026 2215 vocem
1035 2173 1260 2229 σύντροφος
1270 2186 1464 2229 spectante
1474 2176 1549 2216 hoc

890 2232 1050 2271 ductum
1077 2234 1248 2283 videtur,
1281 2242 1323 2272 ut
1343 2236 1441 2272 bene
1460 2248 1550 2272 mo-

888 2291 972 2327 nuit
997 2289 1393 2342 Schweighaeuserus,
1425 2294 1550 2329 Hero—

891 2346 1026 2385 dotum
1054 2347 1156 2385 nude
1188 2350 1355 2399 posuisse
1392 2345 1552 2401 σύντρο-

891 2419 968 2454 φος
1007 2406 1221 2443 conficiens.
1278 2404 1342 2442 Ad
1381 2405 1552 2443 dativum

891 2462 940 2513 τῇ
974 2458 1141 2501 ”Ελλάδι
1182 2462 1283 2504 conf.
1312 2461 1448 2499 Matth.
1483 2463 1549 2499 Gr.

893 2518 959 2552 Gr.
981 2517 1020 2562 ξ.
1040 2516 1120 2559 405
1130 2518 1323 2569 pag-741.
1351 2520 1552 2556 Caeterum

895 2573 1078 2611 Herodoti
1086 2573 1188 2613 hunc
1204 2577 1332 2613 locum
1348 2589 1430 2625 resp
1419 2575 1552 2611 exisse

895 2627 1044 2666 videtur
1071 2632 1261 2669 Luc-ianus
1290 2634 1329 2668 in
1344 2632 1486 2681 Nigriu.
1508 2631 1548 2675 ξ.

897 2687 948 2724 12
970 2686 1020 2723 Τ.
1039 2689 1057 2724 Ι
1081 2701 1119 2738 Ρ.
1141 2692 1194 2730 37
1226 2689 1335 2739 Bip.:
1368 2703 1405 2727 οι
1436 2689 1552 2735 φιλο-

895 2742 1018 2797 σοφία
1054 2743 1120 2784 καὶ
1169 2743 1286 2783 πενία
1335 2739 1552 2794 σύντροφοί

896 2796 982 2837 εἶσι
