1897 3340
492 173 945 215 POLYMNIA
1003 174 1103 212 VII.
1338 181 1421 221 783

167 286 322 344 τήσασι
359 287 390 344 ἦ
429 285 517 330 ὑπὸ
557 286 784 330 Λεωνίδεω
812 281 1179 337 ἀποπεμφθέντας
1215 285 1421 341 οἴχεσθαι,

165 356 472 412 ἐπιγέγραπται
499 354 729 411 γράμματα
756 349 940 407 λέγοντα
968 350 1094 394 τάδε·

133 448 155 481 2
335 443 526 490 Μυριάσιν
548 442 637 478 ποτὲ
660 442 748 488 τῇδε
770 440 997 486 τριηκοσίαις
1020 439 1200 485 ἐμάχοντο

429 500 468 539 ἐκ
491 497 778 537 Πελοποννάσου
801 497 960 543 χιλιάδες
984 497 1142 544 τέτορες.
1437 502 1481 535 60

138 584 309 625 ὃταῦτα
347 580 428 636 μὲν
467 579 520 635 δὴ
559 584 674 624 τοῖσι
707 582 816 623 πᾶσι
852 579 1181 635 ἐπιγέγραπται·
1221 581 1336 622 τοῖσι
1380 577 1427 621 δὲ

167 648 468 706 Σπαρτιήτῃσι
496 648 586 704 ἰδίῃ
599 662 611 673 ·

128 738 153 775 4
329 732 373 773 Ὦ
395 735 493 781 ξεῖν’,
519 735 701 781 ἀγγέλλειν
723 737 1046 781 Λακεδαιμονίοις,
1071 733 1129 771 ὅτι
1150 737 1240 782 τῇδε

427 795 595 838 κείμεθα,
619 798 697 836 τοῖς
719 794 850 830 κείνων
875 793 1013 840 ῥήμασι
1039 794 1271 839 πειθόμενοι.

134 875 551 930 5Λακεδαιμονίοισι
609 874 689 931 μὲν
745 874 798 932 δὴ
845 878 1005 918 τοῦτο·
1063 878 1127 934 τῷ
1182 875 1230 919 δὲ
1276 875 1421 933 μάντι,

161 940 287 987 τόδε·

164 1114 446 1168 ἐπιγέγραπται
463 1110 673 1168 γράμματα
706 1114 767 1156 λέ-

105 1187 225 1226 γοντα
245 1170 356 1222 τάδε]
379 1174 411 1209 Ε
434 1174 563 1220 tribus,
587 1186 685 1225 quae
704 1187 767 1211 se-

106 1236 287 1281 quuntur,
299 1231 583 1280 epigrammatis
599 1229 674 1267 duo
686 1232 767 1281 pri-

106 1298 172 1323 ora
192 1286 373 1336 leguntur
393 1286 496 1337 apud
515 1286 673 1324 Diodor.
695 1289 764 1336 XI,

106 1345 172 1391 33,
185 1343 225 1378 in
235 1341 520 1394 Antholog.111‚
534 1343 558 1383 5
577 1343 764 1392 [Brunck.

104 1399 295 1436 Analectt.
315 1400 333 1435 I
352 1413 392 1450 p.
416 1402 528 1449 131]‚
552 1400 635 1449 (ubi
655 1402 766 1451 plura

105 1456 179 1492 alia
209 1463 358 1493 exstant
377 1457 537 1506 similia)
561 1463 597 1493 et
616 1458 655 1493 in
676 1459 767 1494 Ari-

104 1511 192 1553 stid.
222 1511 384 1550 Scholiis
413 1527 451 1564 p.
483 1513 537 1554 58
557 1515 765 1552 Frommel.

104 1569 355 1620 Magnificum
382 1569 590 1607 Simonidis
611 1584 767 1608 carmen

105 1625 154 1663 ad
185 1627 310 1677 lyram
339 1628 482 1664 cantari
511 1628 666 1664 solitum
686 1642 769 1666 ser-

103 1683 206 1720 vavit
226 1682 416 1721 Diodorus
437 1684 588 1722 Siculus
608 1686 677 1732 XI,
701 1688 767 1725 11.

105 1738 294 1789 (Brunck.
316 1741 507 1778 Analectt.
537 1743 556 1777 I
575 1754 664 1792 pag.
687 1744 766 1782 123

104 1809 164 1833 nr.
198 1796 304 1847 XV).
363 1798 435 1834 Cui
464 1796 591 1834 eidem
631 1805 768 1848 poetae

104 1853 274 1903 primum
295 1854 542 1904 epigramma,
563 1853 666 1906 quod
688 1855 769 1891 sine

106 1911 269 1947 auctoris
289 1912 447 1946 nomine
469 1911 611 1961 profert
642 1913 769 1947 Hero-

107 1964 217 2002 dotus
261 1980 350 2003 cnm
380 1968 556 2018 reliquis,
600 1967 769 2005 vindicat

108 2021 240 2059 Schol.
262 2023 375 2060 Arist.
395 2025 430 2059 ΙΙ
451 2037 488 2073 Ρ.
514 2026 607 2064 380.
637 2025 766 2076 Atque

108 2080 224 2116 etiam
244 2080 394 2116 alterius
405 2082 689 2131 epigrammatis
701 2078 777 2117 au-⁷

108 2142 189 2172 ctor
207 2149 288 2172 non
315 2137 387 2173 nisi
406 2138 446 2173 in
469 2136 562 2173 cod.
585 2138 770 2174 Vaticano

110 2198 148 2227 et
178 2191 281 2241 apud
311 2193 538 2230 Ciceronem
559 2195 771 2244 appellatur

110 2247 341 2285 Simonides.
381 2251 439 2285 De
460 2263 535 2301 quo
555 2251 637 2301 ipso
657 2258 771 2302 poeta

110 2305 358 2342 celeberrimo
381 2318 424 2341 ac
445 2308 640 2344 notissimo
661 2308 770 2359 plura

1439 951 1484 986 65

823 1117 960 1155 afferre
986 1131 1066 1155 non
1096 1125 1219 1156 vacat.
1282 1119 1401 1156 Natus
1428 1126 1483 1156 est

824 1176 978 1226 Olymp.
1038 1174 1112 1223 55,
1158 1179 1183 1217 3
1231 1183 1483 1228 mortuusque

823 1232 976 1284 Olymp.
999 1234 1066 1273 78.

877 1311 1149 1363 τριηκοσίαις]
1181 1310 1298 1362 Apud
1336 1311 1485 1350 Diodo-

821 1381 909 1404 rum
931 1375 985 1404 est
1015 1368 1240 1418 διηκοσίαςς
1273 1369 1400 1406 minus
1421 1383 1485 1406 re-

823 1432 894 1473 cte,
913 1431 956 1461 ut
975 1424 1144 1473 videtur3
1166 1426 1197 1461 si
1218 1425 1376 1477 quidem
1395 1439 1486 1462 cum

822 1480 1019 1519 Herodoto
1046 1483 1161 1518 etiam
1182 1484 1357 1533 congruit
1396 1483 1485 1520 Sui-

823 1538 889 1575 das
918 1552 948 1575 s.
980 1553 1017 1576 v.
1039 1540 1249 1589 Λεωνίδης
1278 1541 1313 1575 ΙΙ
1342 1553 1379 1590 Ρ.
1401 1538 1484 1580 428

825 1603 862 1632 et
880 1593 1092 1645 Antholog.
1141 1595 1257 1646 Apud
1276 1595 1485 1632 Aristidem

822 1654 859 1689 II
891 1666 928 1703 p.
961 1654 1041 1693 380
1074 1659 1128 1689 est
1166 1653 1407 1705 τριηκοσίῃς.
1428 1674 1487 1680 —

823 1710 917 1746 Mox
941 1706 1257 1748 Πελοποννάσου
1289 1709 1486 1747 Mediceus

823 1767 919 1803 liber
939 1778 1028 1802 cum
1049 1766 1144 1803 aliis.
1199 1767 1245 1801 In
1264 1767 1486 1803 Florentino

825 1823 982 1875 aliisque
1004 1819 1336 1874 Πελοποννήσου.

883 1907 1109 1964 άγγέλλειν]
1151 1912 1252 1949 Male
1290 1913 1383 1950 olim
1414 1909 1488 1964 ὅγ-

823 1971 974 2022 γειλον,
1019 1970 1192 2020 quamvis
1226 1968 1300 2006 hoc
1333 1972 1373 2006 in
1393 1971 1488 2006 Dio-

827 2024 920 2062 doro
963 2032 999 2062 et
1033 2027 1074 2062 in
1115 2024 1325 2076 Antholog.
1367 2032 1488 2064 exstet

827 2083 914 2119 coll.
947 2082 1073 2120 Strab.
1094 2084 1150 2118 IX
1179 2097 1216 2133 p.
1239 2084 1318 2123 656
1340 2096 1370 2124 s,
1391 2082 1489 2124 429.

826 2140 993 2190 Lycurg.
1024 2140 1063 2175 in
1093 2141 1265 2176 Leocrat.
1301 2141 1337 2185 ξ.
1366 2142 1420 2179 28
1447 2153 1488 2190 p.

826 2196 908 2236 215
930 2197 988 2243 R„
1010 2197 1077 2232 ubi
1096 2195 1200 2232 idem
1220 2197 1413 2233 invenitur
1442 2209 1488 2232 e-

826 2253 1061 2302 pigramma,
1089 2265 1111 2289 a
1131 2253 1315 2290 Cicerone
1344 2254 1487 2291 Tusce.

825 2310 854 2356 Ι,
876 2308 931 2349 42
952 2310 989 2354 §.
1015 2312 1091 2349 101
1113 2309 1165 2346 sic
1185 2308 1402 2347 redditum:

292 2381 388 2426 „Dic
411 2382 531 2426 hospes
556 2384 707 2428 Spartae
728 2395 790 2417 nos
817 2385 864 2417 Te
886 2385 1013 2419 vidisse
1039 2386 1190 2421 iacentes

326 2439 416 2472 Dum
439 2440 568 2473 sanctis
588 2441 730 2484 patriae
753 2442 884 2486 legibus
907 2444 1157 2488 obsequimur.“

168 2513 252 2557 τοῖς
279 2509 426 2549 κείνων
454 2505 606 2560 ῥήμασι
636 2506 775 2551 πειθό-

114 2567 253 2618 μενοι]
283 2565 399 2617 Apud
427 2566 662 2614 Diodorum,
692 2569 775 2619 Ly-

113 2636 296 2674 curgum,
332 2624 562 2660 Strabonem
581 2625 774 2661 invenitur

115 2683 199 2727 τοῖς
219 2680 364 2719 κείνων
386 2675 625 2731 πειθόμενοι
655 2681 773 2732 νομί-

117 2751 227 2787 μοις,
266 2735 369 2789 quod
397 2750 444 2774 ex
464 2738 772 2788 interpretatione

116 2792 270 2832 fluxisse
279 2793 442 2845 videtur,
462 2795 493 2833 si
509 2793 666 2848 quidem
675 2808 770 2835 voce

832 2509 982 2563 ῥήμασι
1015 2522 1129 2565 poeta
1159 2523 1317 2565 tangere
1336 2513 1486 2550 videtur

829 2566 900 2616 τάς
921 2570 1168 2622 καλουμένας
1180 2570 1327 2624 ῥήτρας
1338 2572 1488 2620 Lycur-

829 2626 882 2675 gi.
893 2628 1001 2664 —In
1017 2641 1192 2682 seqq.pro
1208 2631 1343 2679 μνῆμα
1355 2625 1486 2663 Schol.

828 2682 1035 2735 Antholog.
1088 2699 1177 2737 pag.
1215 2687 1291 2725 291
1332 2682 1487 2719 exhibet

827 2742 978 2791 μνᾶμα.
998 2743 1075 2780 Pro
1096 2745 1268 2782 κλεινοῖο
1285 2742 1323 2776 in
1337 2739 1484 2776 duobus

826 2796 939 2837 codd.
951 2801 1118 2840 κλειτοῖο
1129 2811 1142 2849 ;
1170 2805 1212 2836 tu
1223 2797 1271 2835 cf.
1285 2798 1387 2846 V,92
1399 2797 1435 2842 §-
1446 2794 1485 2835 5-

1488 733 1570 772 613
