1897 3340
85 461 248 491 Persarum
266 465 324 492 *du-

83 504 148 531 (τρε,
169 498 220 533 qni
239 498 344 539 lones·

83 529 359 622 Ξὲἷὲὲὶἳὲῗῗῧξόἷ

82 598 359 669 adiuuare:

82 671 152 698 pias
171 665 291 694 ducum.

77 966 201 1002 quidem
221 970 310 996 urbes

76 1000 314 1034 Hellespontias

77 1037 121 1070 [ιζ
140 1033 212 1070 103.]
244 1037 327 1070 regis

420 292 503 332 220
818 293 1278 330 HERODOTI

507 398 700 453 Κύπριοι
731 400 810 454 μὲν
840 399 913 454 δή,
945 401 1147 444 ἐνιαυτόν
1179 401 1402 454 ἐλεύθεροι
1439 402 1677 458 γενόμενοι,

391 465 543 517 Θαῦτις
572 467 618 510 ἐκ
647 467 745 521 νέης
773 468 1161 513 κατεδεδούλωντο.
1208 470 1434 523 Δαυρίσης
1465 469 1531 519 δὲ,
1572 470 1680 525 ἔχων

417 536 612 588 Δαρείου
643 533 887 587 θυγατέρα,
927 537 1000 578 καὶ
1024 536 1172 592 ’Τμέης
1201 553 1244 579 τε
1277 536 1349 579 καὶ
1374 534 1576 592 Ὀτάνης,
1606 538 1679 580 καὶ

417 603 542 645 ἄλλοι
572 602 740 654 Πέρσαι
760 605 1015 657 στρατηγοὶ,
1048 603 1211 658 ἔχοντες
1242 605 1313 647 καὶ
1345 600 1470 648 οὗτοι
1487 606 1734 658 Δαρείου75

416 669 679 724 θυγατέρας,
719 667 1021 721 ἐπιδιώξαντες
1048 670 1154 721 τούς
1182 671 1228 714 ἐν
1254 672 1444 727 Σάρδισι
1477 684 1678 725 στρατευ-

416 735 629 792 σαμένους
676 732 861 790 Ἰώνων,
913 737 988 781 καὶ
1027 737 1309 792 ἐσαράξαντές
1347 733 1483 794 σφεας
1520 740 1563 792 ές
1598 739 1676 792 τὰς

412 802 534 855 νέας,
565 805 618 858 τῇ
647 800 761 859 μα’χῃ
793 801 852 854 ὥς
881 804 1193 861 ἐπεκράτησαν,
1223 806 1271 849 τό
1294 807 1496 851 ἐνθεῦτεν
1517 807 1674 852 ἐπιδιε-

251 873 351 918 117
409 869 586 925 λόμενοι
613 868 689 920 τὰς
726 869 852 921 πόλις
891 871 1117 927 ἐπόρθεον.
1176 876 1401 930 Δαυρίσης
1437 875 1538 929 μὲν,
1577 893 1673 931 τρα-

78 930 120 960 Et
147 933 291 962 Daurises

415 937 604 993 πόμενος
631 937 740 992 πρὸς
778 937 855 990 τὰς
885 939 932 983 έν
956 940 1256 996 Ἑλλησπόντῳ
1286 942 1433 995 πόλις,
1475 940 1558 986 εἷλε
1596 944 1675 999 μὲν
1714 982 1716 984 ,

417 1005 674 1061 Δάρδανον,
713 1004 796 1051 εἷλε
826 1006 873 1051 δὲ
897 1007 1089 1065 ’Ἄβυδόν
1126 1024 1170 1051 τε
1206 1009 1278 1052 καὶ
1310 1007 1564 1067 Περκώτην,
1603 1012 1732 1055 καὶδο

352 1197 414 1241 Ad
434 1211 664 1242 structuram
684 1200 842 1255 ἀντέσχε
863 1228 915 1233 -
935 1200 1014 1244 Σό-

350 1265 411 1300 λοι
433 1261 534 1298 conf.
555 1260 736 1298 Matthiae
757 1262 823 1299 Gr.
837 1263 902 1298 Gr.
922 1274 1012 1313 pag.

349 1320 431 1358 808
454 1325 490 1354 et
512 1317 559 1355 de
579 1331 674 1356 voce
694 1317 806 1371 πέριξ
838 1325 934 1357 nott.
955 1317 1011 1356 rad

347 1375 411 1423 IV,
434 1373 500 1415 15.

351 1464 354 1468 „
553 1431 645 1481 Cap.
667 1431 802 1468 cxvi.

403 1505 515 1556 αὖτις
527 1509 568 1549 ἐκ
581 1508 675 1560 νέης
690 1507 1007 1549 κατεδεδούλων-

342 1568 407 1614 το]
439 1566 501 1603 Ad
532 1566 740 1603 formulam
769 1566 810 1605 ἐκ
844 1567 937 1615 νέης
957 1568 1005 1604 cf.

343 1625 372 1671 1,
396 1626 462 1664 60.
483 1622 661 1659 Incidunt
677 1622 771 1659 haec
792 1636 812 1658 e
828 1623 1007 1660 harcheri

344 1680 553 1716 rationibus
592 1680 631 1714 in
672 1692 818 1716 annum
857 1681 934 1721 501
969 1693 1002 1716 a.

345 1735 435 1772 Chr.
474 1749 514 1772 n.
573 1734 635 1771 Ad
675 1737 791 1772 verba
829 1733 923 1781 τούς
961 1736 1003 1775 έν

344 1789 515 1843 Σάρδισι
535 1791 896 1842 στρατευσαμένους
915 1788 1003 1831 Ἰοῖ-

341 1863 426 1888 νων
455 1848 557 1885 conf.
589 1849 633 1895 V,
659 1851 751 1889 102.

396 1933 656 1989 ε’σαρᾶξαντές
695 1950 820 1987 σφεας
853 1936 893 1984 ές
933 1935 1002 1985 τοὶς

339 1991 458 2042 νέας]
502 1995 531 2032 i.
570 2008 603 2031 e.
634 2007 711 2031 cum
739 1995 819 2032 illos
838 1997 877 2031 in
895 2008 1000 2032 naves

338 2051 589 2100 compulissent.
627 2051 737 2088 Conf.
758 2059 854 2088 nott.
872 2051 919 2088 ad
934 2053 997 2099 IV,

340 2109 433 2147 128.
449 2129 504 2134 —
527 2108 631 2153 Quae
652 2109 826 2158 proxime
847 2116 999 2145 antece-

337 2161 433 2199 dunt
454 2158 590 2200 verba:
628 2162 776 2214 ἕχοντες
798 2163 864 2203 καὶ
887 2159 996 2204 οὗτοι

336 2220 510 2269 Δαρείου
533 2219 772 2271 θυγατέρας,
805 2235 847 2257 ea
870 2223 994 2257 conti-

335 2288 413 2311 nuo
435 2283 517 2325 post
539 2275 605 2314 καὶ
621 2275 762 2327 ““Υμέης
785 2291 824 2315 τε
844 2276 911 2315 καὶ
925 2273 993 2315 'O-

333 2326 458 2381 τοῖνης
477 2332 700 2368 collocanda
730 2341 857 2370 censet
884 2335 992 2381 Miot,

332 2388 463 2424 Gallus
496 2389 700 2439 interpres,
745 2391 864 2426 nimio
896 2390 994 2426 filia-

334 2457 417 2480 rum
439 2446 539 2481 Darii
560 2458 720 2482 numero
743 2445 920 2483 offensus.
943 2448 993 2482 At

331 2501 361 2537 si
383 2508 544 2551 reputes,
577 2509 668 2553 quot
683 2501 879 2539 habuerint
898 2505 992 2539 Per-

331 2570 456 2594 sarum
480 2571 586 2608 reges
608 2571 744 2595 uxores
777 2560 836 2596 vel
869 2561 991 2609 potius

330 2615 482 2664 pellices
504 2615 623 2662 (cons.
645 2617 810 2652 Brisson.
834 2617 889 2651 De
911 2630 990 2665 reg.

330 2672 434 2708 Pers.
455 2672 616 2722 princip.
643 2675 655 2710 1
673 2673 750 2721 10),
768 2674 989 2724 lninusopi-

330 2740 419 2772 nor,
448 2729 564 2763 mirus
589 2728 723 2765 evadet
744 2736 869 2765 tantus
892 2730 987 2766 iilia-

330 2797 415 2820 rum
436 2797 630 2821 numerus.
690 2785 847 2822 Accedit
874 2788 985 2822 etium

329 2840 445 2888 illud,
496 2840 600 2892 quod
631 2843 694 2893 qui
723 2850 893 2892 satrapae
923 2851 986 2880 aut

327 2896 432 2935 ducis
453 2910 591 2935 munus
621 2898 724 2950 apud
757 2901 888 2936 Persas
915 2901 986 2937 01,-

1069 1207 1259 1255 tinebant,
1311 1208 1539 1260 plerumque
1575 1206 1727 1246 Achae-

1067 1263 1311 1300 menidarum
1341 1278 1389 1301 ex
1418 1266 1532 1315 stirpe
1550 1266 1727 1316 prognati

1068 1327 1134 1357 aut
1161 1321 1239 1357 ullo
1268 1322 1341 1357 alio
1372 1320 1487 1358 modo
1519 1335 1608 1358 cum
1636 1334 1726 1371 rege

1067 1378 1219 1427 cognati
1241 1384 1358 1414 erant.
1419 1377 1528 1414 Conf.
1558 1384 1654 1414 nott.
1677 1376 1725 1415 ad

1063 1433 1108 1481 v,
1128 1433 1197 1475 25.

1261 1523 1353 1575 cap.
1374 1524 1526 1560 cxvn.

1122 1597 1198 1640 εἷλε
1221 1600 1293 1654 μὲν
1311 1598 1544 1654 Δάρδανον]
1577 1601 1722 1640 Darda-

1062 1671 1130 1694 nus
1150 1659 1188 1694 in
1210 1659 1365 1709 regione
1389 1658 1592 1706 Dardania,
1624 1671 1721 1710 quae

1060 1713 1207 1750 Troadi
1262 1715 1437 1767 proxima
1488 1721 1718 1763 accensetur,

1059 1784 1178 1821 prope
1198 1773 1515 1822 promontorium,
1537 1773 1598 1808 cui
1617 1785 1721 1808 nunc

1059 1840 1201 1864 nomen
1233 1828 1318 1878 Cap.
1349 1827 1504 1865 Barbier
1543 1841 1572 1864 s.
1615 1827 1721 1878 Cepos

1059 1883 1202 1932 Burun,
1223 1885 1289 1921 ubi
1311 1885 1576 1933 Hellespontus
1596 1885 1635 1920 in
1657 1897 1719 1920 ar·

1060 1941 1154 1977 etius
1176 1939 1347 1978 contrahi
1366 1942 1509 1992 incipit,
1532 1940 1579 1977 ad
1600 1942 1719 1977 meri·-

1057 1996 1161 2033 diem
1199 1997 1328 2049 Abydi
1366 1999 1464 2034 circa
1507 1998 1716 2047 regionem,

1059 2067 1157 2104 quae
1184 2067 1288 2091 nunc
1308 2061 1466 2092 vocatur
1494 2052 1716 2091 Kalabatik-

1058 2111 1175 2157 Kevi,
1212 2112 1281 2147 sita
1301 2111 1392 2158 fuit,
1423 2117 1572 2161 postera
1592 2117 1715 2148 aetate

1057 2179 1102 2202 eo
1124 2168 1363 2216 potissimum
1393 2168 1570 2217 insignis,
1611 2165 1714 2219 quod

1055 2224 1108 2258 ibi
1127 2222 1363 2260 Mithridates
1392 2231 1506 2275 atque
1528 2224 1634 2275 Sylla
1667 2222 1715 2260 de

1050 2292 1144 2328 pace
1165 2281 1385 2317 convenisse
1407 2280 1596 2316 dicuntur.
1626 2279 1713 2317 Vid.

1050 2337 1240 2372 Mannert.
1263 2338 1402 2386 Geogr.
1419 2338 1482 2383 U,
1497 2339 1521 2376 3
1532 2349 1619 2386 pag.
1631 2336 1712 2376 507

1049 2405 1127 2443 seq.
1160 2391 1402 2429 Tzscliucke.
1444 2399 1541 2428 nott.
1572 2404 1711 2441 exegg.

1049 2448 1097 2484 ad
1118 2450 1205 2488 Mel,
1229 2451 1258 2495 Ι,
1275 2452 1324 2490 18
1347 2451 1382 2495 §.
1406 2450 1430 2490 5
1451 2462 1488 2499 p.
1520 2447 1600 2488 543
1630 2461 1709 2499 seq.

1048 2505 1132 2541 vol.
1163 2507 1215 2541 111
1246 2508 1289 2542 Ρ.
1322 2508 1352 2546 Ι.
1394 2507 1535 2542 Kruse:
1585 2505 1711 2541 Ueber

1048 2561 1236 2599 llerodots
1259 2564 1518 2612 Ausmessung
1541 2559 1577 2597 d.
1600 2563 1708 2598 Pon—

1048 2625 1106 2654 tus
1134 2625 1203 2655 etc.
1236 2634 1273 2670 p.
1300 2622 1365 2659 70.
1400 2621 1467 2658 71.
1527 2618 1708 2669 Sequitur

1046 2675 1216 2724 Abydus,
1266 2677 1303 2712 in
1345 2677 1424 2726 ipso
1458 2675 1706 2725 Hellesponto

1045 2732 1139 2777 sita,
1170 2733 1258 2769 urbs
1295 2731 1555 2784 antiquissima
1590 2745 1611 2767 a
1631 2732 1708 2767 Mi-

1044 2788 1141 2825 lesiis
1163 2788 1314 2826 condita
1329 2820 1338 2836 ‚
1369 2802 1390 2825 a
1419 2789 1556 2824 Tun-cis
1576 2794 1705 2839 postea

1044 2852 1208 2893 vastata,
1259 2847 1323 2897 qni
1354 2858 1500 2891 arcem,
1539 2851 1580 2880 nt
1614 2857 1705 2881 nar—

1045 2909 1363 2949 rant,exstruxere
1374 2902 1406 2940 S
1409 2902 1542 2939 ultanie
1551 2902 1705 2946 Kalessi,
