1897 3340
264 819 358 866 151

422 232 506 272 670

819 230 1279 268 HERODOTI

424 337 632 396 ,,ἡσυχίην
673 338 848 394 ἔχοντας
887 342 1117 395 κατῆσθαι.
1175 337 1229 395 ἢν
1265 338 1349 393 γὰρ
1377 338 1472 394 ἐμοὶ
1509 341 1683 396 γένηται

395 406 564 459 4,,κατοέ
594 405 714 459 νόον,
744 405 969 462 οὕδαμούς
1001 407 1182 463 μέζονας
1210 405 1358 462 ὑμέων
1376 405 1504 459 ἄξω.“
1570 411 1682 452 Ταῦ-

422 490 476 518 τα
515 473 786 526 ἀκούσαντας
829 473 1047 531 Ἀργείους
1093 473 1257 530 λέγεται
1295 478 1474 530 πρῆγμα
1502 474 1681 532 ποιήσα-

423 547 556 594 σθαι,
594 544 668 586 καὶ
703 546 965 599 παραχρῆμα
1005 543 1084 598 μὲν
1128 541 1258 586 οὐδὲν
1295 543 1739 598 ἐπαγγελλομένους75

422 610 677 665 μεταιτέειν·
707 609 796 653 ἐπεὶ
826 610 872 653 δέ
903 620 1038 665 σφεας
1067 610 1427 666 παραλαμβάνειν
1456 609 1558 661 τοὺς
1575 610 1684 654 ‘'Esp-

421 681 566 734 ληνας,
597 675 711 720 οὕτω
743 675 810 731 δή,
841 676 1152 732 ἐπισταμένους
1181 677 1250 721 ὅτι
1289 677 1344 721 οὐ
1383 678 1683 733 μεταδώσουσι

421 749 496 800 τῆς
535 744 666 800 ἀρχῆς
706 743 1058 799 Λακεδαιμόνιοι,
1088 745 1344 799 μεταιτέειν,
1376 748 1448 789 ἵνα
1480 746 1550 789 ἐπὶ
1575 760 1689 801 προ(
1738 757 1843 800 574,

1029 815 1276 867 Συμπεσεῖν
1306 813 1351 857 δὲ
1379 813 1579 857 τούτοισι
1608 813 1682 857 καὶ
1695 821 1740 855 80

420 811 579 868 ‹pawmg-
608 810 792 868 ἡσυχίην
821 810 970 868 ἄγωσι.

421 878 547 923 τόνδε
583 878 662 924 τόν
698 878 832 936 λόγον
873 879 1049 935 λέγουσί
1087 895 1202 930 τινες
1225 878 1452 936 Ἑλλήνων,
1483 885 1683 925 πολλοῖσι

421 1025 629 1081 ου’δαμοῦς
661 1028 827 1081 μέζονας
883 1027 1020 1081 ὑμέων

364 1084 474 1135 ἄξω]
523 1089 600 1124 Pro
649 1084 732 1135 ἄξω
784 1087 885 1123 male
933 1087 1019 1123 libri

363 1142 524 1196 quidam
563 1142 649 1191 ἔξω.
711 1142 835 1181 Affert
858 1144 1022 1181 Wesse-

362 1201 458 1251 ling.
486 1199 671 1238 Herodot.
699 1202 747 1248 Π,
772 1203 852 1242 172
881 1206 918 1236 et
944 1200 1022 1252 Sy-

321 1260 324 1264 ”
362 1270 440 1295 nes.
473 1258 588 1294 Dion.
616 1255 691 1303 473
722 1256 809 1294 add.
829 1255 970 1294 Herod.
991 1258 1021 1306 I,

364 1312 458 1354 134.
477 1315 525 1362 II,
546 1311 611 1354 83.
630 1315 700 1362 IX,
716 1316 756 1354 7.
784 1312 1024 1350 Valckenae-

361 1370 438 1406 rius
457 1368 553 1407 haec
584 1371 699 1407 verba
724 1371 777 1407 sic
801 1371 959 1421 accipit,
981 1377 1023 1407 ut

360 1425 467 1464 idem
495 1427 647 1464 valeant
675 1433 789 1479 atque
818 1422 1024 1478 ου’δαμοῦς

360 1481 615 1535 τιμιωτέρους
630 1485 691 1522 vel
703 1482 744 1523 έν
766 1483 917 1535 μείζονι
926 1485 1024 1538 τιμῇ

359 1536 465 1588 ἅξωτ
495 1540 611 1577 nullos
644 1541 773 1578 habebo
794 1540 867 1578 loco
893 1542 1024 1578 maiori

358 1610 389 1634 s.
408 1598 552 1647 potiori.
582 1617 635 1624 —-
693 1596 757 1633 Ad
785 1598 1020 1634 locutionem

358 1655 522 1704 πρῆγμα
542 1650 796 1703 ποιήσασθαι
817 1653 876 1703 (i.
897 1667 928 1692 e.
948 1666 1020 1690 rem

357 1710 514 1748 alicuius
529 1712 690 1747 momenti
708 1711 778 1747 siin·
787 1709 922 1760 facere,
951 1723 1020 1748 non

357 1763 560 1817 negligere)
592 1766 693 1803 conf.
713 1767 776 1815 VI,
798 1768 865 1807 63.

413 1821 774 1874 ἐπαγγελλομένους
783 1820 1015 1874 μεταιτέειν]

359 1878 573 1931 μεταιτέειν
600 1878 755 1916 Reiskio
788 1878 1020 1918 mutandum

358 1934 559 1974 videbatur
594 1936 633 1972 iu
665 1937 832 1985 μετίειν,
851 1935 1019 1974 Valcke-

356 1993 486 2029 naerio
506 2005 657 2043 prorsus
669 1992 888 2041 delendum,
901 1995 1016 2046 quip-

356 2062 406 2100 pe
417 2063 438 2085 e
447 2050 579 2087 vicinis
591 2048 667 2087 huc
680 2051 897 2101 repetitum.
918 2050 1014 2087 Mihi

355 2106 479 2156 placet
495 2105 848 2157 Schweighaeuseri
858 2114 1015 2144 senten-

358 2163 422 2198 tia:
445 2161 586 2210 „Nihil,
608 2164 680 2211 ait,
702 2176 772 2200 nec
783 2163 1014 2201 mutandum

359 2231 430 2254 nec
453 2218 673 2264 delendum,
691 2215 811 2258 ου’δὲν
827 2219 1014 2271 ἐπαγγελ-

355 2271 548 2324 λομένους
570 2273 782 2324 μεταιτέειν
801 2275 903 2311 idem
914 2277 1013 2312 valet

355 2336 470 2380 atque
482 2326 601 2369 ου’δὲν
624 2330 932 2381 ἐπαγγέλλεσθαι
945 2329 1013 2369 καὶ

355 2381 475 2425 οὐδὲν
486 2385 711 2435 μεταιτέειν.
732 2388 886 2423 Poterat
908 2386 1014 2423 dice-

355 2455 396 2479 re
422 2443 599 2493 scriptor:
644 2437 763 2481 ου’ὄὲν
784 2441 1013 2494 ἐπαγγελλο-

352 2496 498 2550 μένους
519 2493 612 2538 οὕόὲ
636 2497 848 2550 μεταιτέειν
869 2495 1011 2548 ου’δένς

353 2554 420 2592 sed
438 2556 616 2606 vulgatae
647 2556 853 2606 scripturae
874 2555 1010 2593 eadem

354 2612 476 2649 inesse
491 2610 639 2649 videtur
658 2613 856 2649 sementia.
877 2614 1010 2663 Argivi

354 2669 543 2719 primum,
572 2672 612 2706 ut
647 2668 736 2705 nihil
774 2669 815 2706 (le
847 2673 1011 2707 societate

350 2725 505 2775 professi
521 2732 585 2762 aut
605 2725 758 2776 polliciti
781 2730 904 2774 erant3
925 2725 1010 2773 (nec

355 2783 458 2818 enim
478 2795 568 2820 cum
587 2783 666 2819 aliis
686 2783 864 2819 Graeciae
885 2796 1011 2833 popu-

355 2838 398 2876 lis
427 2837 475 2876 ad
506 2838 793 2876 deliberandum
820 2852 1012 2878 convene-

1075 1036 1172 1079 rant,
1211 1043 1247 1070 c.
1276 1028 1355 1071 145
1377 1037 1413 1068 et
1434 1029 1540 1084 148)
1568 1035 1623 1071 ita
1648 1033 1738 1070 nihil

1077 1088 1157 1136 (vel
1177 1087 1223 1124 ab
1258 1087 1338 1124 aliis
1369 1087 1522 1125 Graecis
1543 1089 1605 1126 vel
1624 1101 1646 1125 a
1660 1091 1737 1126 La-

1077 1143 1360 1190 cedaemoniis)
1390 1145 1544 1182 vicissim
1571 1146 1737 1195 postula-

1076 1204 1212 1238 verant.
1267 1202 1313 1237 In
1333 1201 1449 1238 verbo
1474 1197 1737 1253 παραλαμβά-

1080 1272 1165 1297 νειν
1178 1287 1188 1306 ,
1218 1255 1323 1310 quod
1344 1259 1603 1310 consequitur,
1623 1259 1738 1309 poni-

1079 1321 1141 1351 tur
1154 1314 1214 1364 (ut
1232 1327 1411 1365 persaepe
1427 1313 1529 1365 apud
1537 1315 1737 1366 Nostrum)

1079 1372 1177 1408 actio
1212 1384 1280 1422 pro
1307 1372 1502 1408 voluntate
1532 1378 1570 1408 et
1599 1378 1738 1409 conatu

1079 1426 1230 1478 agendi,
1244 1427 1425 1465 adsumere
1441 1441 1510 1478 pro
1531 1430 1654 1466 conari
1669 1428 1738 1466 ad-

1078 1497 1220 1533 sumere,
1234 1486 1388 1522 invitare
1404 1485 1454 1522 acl
1464 1485 1736 1523 contrahendam

1077 1543 1286 1580 societatem.
1321 1541 1384 1579 Sic
1395 1540 1498 1578 idem
1509 1542 1636 1593 ipsum
1647 1555 1736 1579 ver-

1076 1598 1172 1635 bum
1205 1595 1533 1649 παραλαμβοῖνειν
1580 1599 1735 1649 ponitur

1076 1668 1136 1705 cp.
1161 1657 1238 1695 168
1261 1661 1297 1690 et
1321 1656 1442 1694 169.“
1461 1676 1517 1681 —
1534 1655 1598 1691 Ad
1619 1668 1735 1706 argu—

1074 1717 1252 1747 mentum
1289 1711 1364 1747 loci
1395 1711 1497 1748 conf.
1535 1710 1730 1750 Plutarch.

1073 1769 1110 1804 II
1129 1782 1168 1819 p.
1189 1769 1270 1808 863
1291 1767 1334 1806 C.
1364 1767 1408 1803 In
1428 1779 1536 1819 seqq.
1558 1765 1621 1807 ἐπὶ
1633 1782 1733 1819 προ-

1074 1822 1221 1874 φάσιος
1235 1824 1336 1861 valet
1364 1825 1427 1860 sub
1455 1824 1516 1860 hoc
1531 1827 1734 1874 praetextu,

1075 1895 1105 1919 s.
1136 1880 1199 1918 hoc
1227 1884 1416 1930 praetextu
1443 1882 1527 1918 nisi.
1573 1882 1735 1918 Wesse-

1072 1938 1213 1988 lingius
1234 1938 1397 1975 conferri
1414 1938 1497 1975 vult
1516 1935 1659 1974 Herod.
1668 1937 1733 1985 IV,

1074 1994 1153 2035 135
1175 2000 1212 2030 et
1229 1995 1455 2033 Aristaenet.
1476 1995 1507 2042 I,
1524 1997 1585 2035 18.
1615 1992 1731 2044 Apud

1071 2049 1254 2101 Sophocl.
1285 2049 1466 2088 Trachin.
1503 2052 1583 2090 623
1612 2047 1729 2088 Both.

1071 2114 1192 2145 exstat
1213 2105 1276 2146 ἐπὶ
1300 2101 1516 2157 προφάσει.
1572 2106 1729 2142 Aosane

1069 2162 1165 2200 haec
1185 2169 1371 2200 structura
1397 2162 1519 2198 multo
1548 2161 1729 2213 frequen-

1070 2221 1159 2266 tior,
1191 2230 1427 2270 quamquam
1463 2230 1534 2254 nec
1575 2219 1727 2255 alterius

1071 2276 1247 2325 exempla
1276 2273 1404 2311 deesse
1431 2280 1532 2310 recte
1554 2275 1727 2313 observat

1068 2329 1292 2368 Boissonad.
1308 2330 1356 2367 ad
1376 2331 1601 2368 Aristaenet.
1611 2331 1638 2368 l.
1649 2332 1675 2370 l.
1684 2345 1725 2383 p.

1067 2386 1163 2429 482.

1295 2443 1386 2494 Cap.
1407 2442 1500 2481 CLI.

1122 2501 1303 2539 πολλοῖσι
1332 2499 1431 2539 ἔτεσι
1463 2495 1631 2551 ὕστερον
1660 2513 1724 2552 γε·

1065 2553 1235 2606 νόμενον
1259 2553 1435 2605 τούτων]
1462 2557 1571 2592 Hanc
1584 2556 1723 2592 Calliae

1066 2613 1296 2663 legationem
1312 2614 1350 2649 in
1368 2614 1510 2663 primos
1533 2613 1623 2648 belli
1644 2613 1722 2648 Pe-

1065 2670 1322 2720 loponnesiaci
1342 2682 1461 2706 annos
1479 2667 1645 2705 incidere
1659 2681 1722 2704 re·-

1067 2733 1126 2763 cte
1141 2727 1269 2763 statuit
1284 2724 1516 2762 Dahlmann.
1537 2723 1720 2762 Herodot-

1066 2797 1104 2833 p.
1121 2781 1172 2823 41
1204 2790 1291 2820 ante
1310 2782 1530 2819 Artaxerxis
1565 2780 1722 2833 quidem

1066 2846 1242 2888 mortem,
1264 2852 1361 2892 quae
1381 2837 1625 2876 acciditanno
1638 2836 1720 2878 425

1841 1019 1897 1069 nm
