1897 3340
428 245 513 286 318
820 245 1285 283 HERODOTI

402 352 692 408 4Ἀρίστωνος
722 350 834 397 εἶναι
872 353 1137 410 Δημάρητον
1174 356 1321 397 παῖδα.
1373 351 1558 411 ’Τστὲρῳ
1586 355 1684 409 μέν·

427 438 496 464 τοι
525 421 671 480 χρόνῳ
702 420 927 465 ἀνάπυστα
961 423 1124 478 ἐγένετο
1155 427 1310 473 ταῦτα,
1347 423 1419 465 καὶ
1448 422 1610 479 Κόβων
1639 438 1684 466 τε

430 487 562 543 ἔφυγε
595 489 639 531 ἐκ
661 493 874 544 Δελφῶν,
904 490 977 533 καὶ
1001 492 1221 545 Περίαλλα
1250 488 1276 546 ἡ
1298 488 1535 545 πρόμαντις
1556 488 1683 533 ἐπαύ-

427 559 513 611 σθη
541 559 617 609 τῆς
645 561 778 611 τιμῆς.

299 611 367 657 67
510 623 634 665 Κατὰ
674 623 751 678 μὲν
791 624 843 679 δὴ
876 622 1142 679 Δημαρήτου
1183 624 1262 679 τήν
1299 624 1574 668 κατάπαυσιν
1609 627 1686 680 τῆς

97 675 250 743 {ffifffl'cea
263 677 377 747 ῗμξρἳῐζι
434 691 657 746 βασιληῖης
690 690 805 733 οὕτω
839 690 1016 746 ἐγένετο.
1061 691 1249 747 ’Ἐφευγε
1280 693 1325 735 δὲ
1354 692 1612 748 Δημάρητος
1640 692 1741 736 ἐκΞΟ

97 745 373 821 lbifflrrina'is'niiiffsssss
429 756 632 812 Σπάρτης
663 758 704 808 ἐς
734 758 920 813 Μήδους
951 759 998 802 ἐκ
1024 762 1195 803 τοιοῦδε
1226 758 1425 811 ὀνείδεος.
1475 759 1579 814 μετὰ
1609 763 1684 815 τῆς

93 815 370 886 ξῗξέζὶυζξμοὺῃο
428 826 652 878 βασιληίης
681 823 758 880 τήν
787 825 1059 872 κατάπαυσιν
1087 825 1110 870 ὁ
1141 826 1397 882 Δημάρητος
1435 824 1535 883 ἦρχε
1565 829 1684 881 αἱρε-

396 891 520 941 Ξθεὶς
547 890 697 947 ἀρχήν.
750 890 861 948 ἦσαν
889 895 967 950 μὲν
1006 895 1058 951 δὴ
1087 896 1417 950 γυμνοπαιδίαι·
1455 895 1703 950 θεωμένου-

429 957 475 1000 δὲ
505 962 584 1001 τοῦ
613 960 904 1016 Δημαρήτου,
935 961 958 1005 ὁ
984 963 1258 1017 Λευτυχίδης,
1286 960 1476 1017 γεγονώς
1503 962 1587 1018 ἤδη
1610 961 1684 1005 αὐ-

427 1024 501 1076 τὸς
528 1027 728 1082 βασιλεὺς
759 1029 854 1073 οἶν-ε’
887 1029 1078 1082 ἐκείνου,
1122 1029 1291 1085 πέμψας
1311 1029 1388 1073 τὸν
1415 1029 1684 1085 θεράποντα,

0 2773 27 3100 Τπξ“’“ἒ’
0 2724 14 2748 '·'
0 2698 2 2707 ⁷

4 3222 20 3325 ‘0—
0 3127 19 3193 Ἰ*

369 1207 564 1260 Aristoph.
589 1211 689 1262 qu.
718 1211 800 1252 215
832 1213 918 1250 coll.
947 1215 1029 1249 He-

371 1264 454 1306 rod,
482 1267 561 1313 IX,
606 1270 672 1307 36.
741 1267 804 1305 Ad
847 1266 1029 1320 πρόμαν-

370 1336 432 1360 τιν
453 1323 553 1360 conf.
574 1324 604 1370 I,
620 1326 711 1365 182.
726 1325 806 1373 Vll,
826 1328 918 1366 111.
935 1324 1028 1366 141.

337 1410 340 1414 .
370 1378 536 1415 Pausan.
566 1380 632 1425 ΙΙΙ,
664 1380 690 1420 4
719 1382 756 1425 ξ,
778 1381 804 1420 4
835 1381 969 1418 eadem
988 1384 1029 1419 iu

369 1446 423 1471 re.
446 1457 498 1462 —-
528 1435 590 1472 Ad
612 1431 821 1476 οἷνάπυστα
841 1439 942 1476 conf.
963 1440 1027 1488 VI,

374 1489 430 1531 64
450 1492 543 1544 ibiq.
563 1499 658 1531 nott.

569 1614 661 1666 Cap.
676 1617 832 1654 LXVII.

428 1710 542 1753 Κατὰ
577 1712 648 1766 μὲν
681 1713 729 1766 δὴ
782 1715 1025 1770 Δημαρήτου

369 1766 444 1819 τήν
461 1766 708 1815 κατάπαυσιν
719 1776 788 1821 τῆς
798 1775 1024 1825 βασιληΐης]

368 1827 428 1862 De
466 1826 608 1878 duplici
636 1831 825 1878 genitivo,
867 1833 932 1883 qui
960 1834 1028 1868 uni

369 1885 572 1933 apponitur
591 1887 739 1922 nomini
758 1887 856 1925 conf.
875 1895 967 1926 nott.
980 1887 1028 1925 ad

371 1940 433 1986 Vl,
465 1943 503 1980 2.
548 1942 765 1978 Articulum
797 1940 871 1994 τήν
911 1946 1026 1995 vulgo

372 2003 459 2032 ante
469 1995 711 2049 Δημαρήτου
727 2001 905 2049 positum⁷
919 2004 1030 2053 equi-

375 2051 463 2087 dem
486 2066 574 2089 cum
605 2054 823 2105 Schweigh.
854 2065 890 2094 et
912 2059 1028 2094 Gaisf.

372 2111 587 2158 postposui,
625 2114 846 2149 auctoritate
889 2114 1029 2151 codicis

372 2165 592 2202 Florentiui.

429 2269 524 2325 ἦρχε
539 2276 715 2327 αἱρεθεὶς
732 2273 891 2328 ἆρχήν.]
915 2277 1028 2329 Apud

371 2331 545 2369 Eustutli.
569 2335 607 2368 in
637 2334 679 2370 11.
708 2335 742 2369 11
773 2349 810 2384 p.
843 2338 940 2381 178,
965 2339 1026 2383 13,

372 2389 438 2424 ubi
459 2388 673 2425 Herodotea
706 2392 848 2439 tangit,
879 2392 1028 2427 inveni-

373 2451 436 2481 tur
470 2442 709 2496 Δημάρατον
748 2447 823 2492 εἰς
866 2443 1027 2497 εἷρχήν

374 2500 598 2549 αἱρεθέντα.
661 2503 712 2538 At
758 2510 858 2539 recte
897 2511 1028 2541 monet

375 2556 593 2607 Scliweigh.
625 2554 750 2608 ἀρχήν
781 2559 945 2609 pendere
981 2562 1026 2597 ab

372 2607 482 2664 ἦρχε.
539 2617 637 2651 Nam
659 2616 901 2663 Demaratus,
945 2625 987 2654 ut
1008 2631 1028 2653 e

373 2683 478 2722 seqq.
499 2678 624 2720 patet,
654 2685 801 2721 praeses
823 2681 901 2710 erat
922 2688 1028 2710 crea-

371 2732 432 2763 tus
452 2726 548 2764 ludis
569 2728 876 2779 Gymnopaediis,
897 2737 937 2767 ut
958 2745 1029 2767 vo-

374 2783 579 2830 cabantur3
619 2792 732 2836 atque
757 2784 829 2822 hoc
850 2787 1027 2836 praesidis

372 2851 514 2878 munus
541 2839 728 2879 indicatur
767 2855 860 2880 voce
890 2839 1026 2897 ἄρχῆς.

1083 1212 1192 1248 Hanc
1221 1211 1269 1249 ob
1303 1224 1457 1249 causam
1485 1213 1526 1250 in
1545 1225 1650 1265 seqq.
1671 1224 1740 1263 pro

1083 1266 1292 1318 θεωμένου
1327 1269 1373 1304 ab
1417 1269 1611 1306 Herodoto
1626 1271 1743 1313 >scri-

1083 1330 1194 1374 ptum
1218 1324 1330 1361 fuisse
1351 1326 1559 1376 suspicatur
1576 1324 1743 1362 Valcke-

1084 1381 1233 1417 naerius
1261 1378 1480 1432 ἡγεομένου
1508 1383 1534 1421 i.
1566 1395 1600 1419 e.
1637 1395 1743 1432 quum

1087 1440 1173 1473 esset
1200 1439 1300 1476 τῶν
1330 1441 1501 1488 χορῶν
1537 1434 1742 1490 ἡγεμών

1081 1494 1160 1530 sive
1191 1508 1212 1543 χ
1227 1508 1247 1532 ο
1261 1509 1281 1545 ρ
1293 1509 1313 1533 o
1324 1508 1352 1532 π
1363 1509 1381 1533 ο
1396 1510 1408 1533 ι
1421 1491 1470 1549 ὁις
1485 1524 1495 1542 ,
1551 1493 1742 1547 quemad-

1081 1548 1245 1586 modum
1284 1549 1396 1587 huius
1433 1552 1518 1588 festi
1562 1552 1743 1588 Laconici

1081 1605 1364 1642 moderatorem
1402 1615 1514 1644 vocet
1546 1606 1742 1645 Plutarch.

1081 1663 1117 1698 II
1145 1674 1232 1712 pag.
1262 1664 1343 1703 208
1370 1664 1455 1700 coll.
1479 1663 1740 1703 Hemsterhus.

1082 1717 1131 1754 ad
1152 1717 1343 1769 Aristoph.
1375 1721 1476 1757 Plut.
1498 1734 1536 1771 p.
1556 1723 1633 1761 331
1660 1733 1741 1772 seq.

1082 1776 1206 1811 Locus
1228 1775 1400 1812 classicus
1421 1776 1467 1813 de
1487 1775 1561 1814 hoc
1581 1777 1675 1813 festo
1688 1783 1742 1813 est

1083 1829 1272 1867 Athenaei
1303 1825 1375 1869 XV
1393 1847 1432 1883 p.
1453 1835 1534 1874 67&
1566 1830 1630 1884 (p-
1659 1832 1742 1873 470

1085 1886 1337 1937 Schweigh.),
1359 1890 1425 1925 ubi
1445 1889 1743 1925 consul.Anim-

1086 1943 1250 1981 adverss.
1272 1945 1321 1982 T.
1344 1946 1430 1983 VIII
1446 1959 1483 1996 p.
1506 1947 1558 1985 98
1579 1958 1657 1997 seq.
1684 1946 1742 1982 Ac

1084 2008 1278 2050 praetcrea
1289 2001 1447 2039 Creuzer.
1458 2003 1497 2037 in
1510 2002 1743 2039 Commemt.

1085 2056 1446 2107 Herodd.pag.230
1467 2065 1546 2094 not.
1569 2056 1741 2094 adhiberi

1084 2114 1166 2149 vult
1195 2115 1343 2150 Ernest.
1380 2113 1428 2150 ad
1457 2113 1638 2165 Xenoph.
1657 2115 1743 2151 Me-

1084 2181 1182 2205 mor.
1214 2170 1244 2215 1,
1281 2172 1319 2215 2,
1350 2172 1416 2209 61.
1464 2169 1741 2220 VVyttenbach.

1084 2224 1133 2260 ad
1162 2224 1354 2262 Plutarch.
1392 2227 1417 2262 l.
1452 2227 1478 2262 l.
1508 2239 1595 2277 pag.
1620 2229 1743 2267 1206.

1085 2280 1283 2317 Welcker.
1317 2280 1365 2317 ad
1398 2283 1573 2318 Alcman.
1601 2283 1739 2332 Fragg.

1083 2350 1121 2387 p.
1138 2341 1201 2378 13.
1223 2338 1349 2373 SturZ.
1364 2337 1410 2374 ad
1426 2339 1573 2375 Hellan.
1586 2338 1737 2390 Reliqq.

1083 2407 1120 2443 p.
1134 2393 1197 2434 84.
1219 2392 1383 2430 Bekker.
1402 2394 1574 2431 Anecdd.
1591 2396 1660 2445 lp.
1673 2397 1742 2435 32.

1085 2452 1125 2486 C,
1149 2450 1192 2486 Ο.
1221 2451 1425 2487 Miillerum
1455 2453 1571 2500 (Dor.
1591 2452 1625 2487 Π
1650 2463 1741 2502 pag.

1085 2508 1165 2547 338
1191 2507 1277 2542 coll.
1304 2521 1339 2557 p.
1363 2510 1456 2548 322.
1478 2508 1577 2555 389)
1611 2507 1642 2544 si
1669 2520 1741 2544 au-

1085 2562 1177 2608 dies,
1212 2561 1284 2599 hoc
1305 2563 1443 2600 festum
1474 2565 1644 2614 inprimis
1670 2576 1742 2600 va-

1083 2619 1151 2655 luit
1173 2618 1220 2655 ad
1241 2627 1360 2656 artem
1380 2622 1656 2671 gymnasticam
1684 2626 1740 2656 at.

1084 2689 1158 2727 que
1201 2675 1458 2714 Orchesticam
1505 2683 1605 2713 arcte
1644 2688 1740 2713 con-

1083 2733 1252 2769 iunctam
1274 2763 1284 2781 ‚
1342 2734 1538 2784 ipsamque
1593 2731 1739 2769 Orche—

1083 2791 1215 2826 sticam
1263 2791 1413 2827 alterius
1446 2790 1550 2842 quasi
1588 2789 1739 2840 perfec-

1082 2847 1231 2884 tricem.
1325 2848 1460 2899 Neque
1508 2846 1612 2883 enim
1649 2857 1737 2883 cor-
