1897 3340
529 174 620 212 ET
679 170 1198 212 CORRIGENDA.
1533 174 1617 214 821

341 294 432 324 σεως
464 284 532 318 τοῦ
568 282 710 328 γάμου,
743 282 820 316 τῶν
851 278 1025 324 νυμφίων
1059 280 1455 323 συγκατακλινομένων.
1504 282 1624 326 ltaque

341 335 377 365 et
409 331 484 375 ipse
515 331 636 365 Corais
667 327 934 364 emendationem
966 325 1076 359 minus
1108 327 1212 359 habet
1247 327 1486 360 necessariam.
1533 328 1622 361 lbid.

340 378 448 411 verba
478 376 642 420 κατέχων
672 372 811 409 πολλὸν
845 370 936 411 τοὺς
970 367 1106 410 ἄλλους
1130 372 1180 404 sic
1205 370 1364 414 exponit:
1413 367 1456 410 ὃς
1479 370 1624 412 ἐκράτει

339 423 416 456 τῶν
453 418 595 456 ἄλλων·
646 418 746 459 ὅστις
769 416 938 462 ὑπερεῖχε
972 415 1068 451 πολὺ
1095 417 1172 451 τῶν
1197 412 1327 450 ἄλλων.
1377 412 1477 456 ὅστις
1509 416 1624 451 εἷλκεν

342 469 395 508 εἰς
429 466 568 503 ἑαυτὸν
603 465 650 502 τὰ
691 462 840 508 ὄμματα
877 461 975 498 ὅλων
1006 463 1084 498 τῶν
1119 460 1333 505 παρόντων.
1381 462 1622 497 Locutionem:

341 511 558 559 οἷπορχήσαο
585 533 626 538 -
659 510 728 546 τὸν
770 508 888 555 γάμον
928 521 1002 543 eum
1042 510 1077 543 in
1112 510 1246 543 modum
1284 508 1551 551 interpretatur:
1603 508 1622 542 ω’

339 559 451 604 χορός
483 571 550 594 σου
585 559 624 594 σὲ
655 555 812 602 ἀφαιρεῖ
835 553 903 591 τὸν
925 554 1069 600 γοῖμον·
1105 553 1290 600 ἀπέβαλες
1317 551 1381 587 ’διὰ
1414 552 1483 587 τοῦ
1510 556 1623 597 χοροῦ

330 605 408 640 ’τὸν
426 605 556 650 γάμον.

118 663 172 697 Ad
198 663 256 708 VI,
280 665 345 700 131
371 674 448 708 pag.
465 663 544 697 412.
592 662 650 703 Iis,
676 673 765 706 quae
789 661 832 694 de
855 659 997 693 Periclis
1019 659 1128 703 stirpe
1152 657 1346 697 citavimus,
1370 655 1627 700 add.'2Wiggers

343 709 488 750 Quaest.
512 709 555 742 (le
581 708 716 741 Coruel.
752 707 880 751 Nepot.
905 704 1074 739 Alcibiad.
1099 704 1222 749 (Lips.
1260 704 1368 744 1833)
1402 714 1436 746 p.
1462 702 1508 737 46
1533 714 1628 746 seqq.

341 753 493 788 Coniicit
516 758 628 788 autem
653 754 716 787 hoc
740 765 782 786 ex
806 751 972 786 Herodoti
1010 751 1084 785 loco
1117 751 1252 794 laeger.
1286 749 1442 794 Disputt.
1478 749 1628 783 Hei-odd.

338 812 419 845 pag.
452 800 498 835 24
530 812 604 834 cum
639 799 772 834 Pericle
805 803 938 844 patrem
971 797 1136 831 historiae
1170 800 1340 831 versatum
1364 806 1450 834 esse,
1476 795 1629 840 quando-

339 846 476 890 quidem
509 846 655 880 Pericl's
687 846 784 888 origo
816 857 881 878 non
911 844 985 877 sine
1017 843 1163 889 quadam
1193 842 1227 876 vi
1261 841 1335 875 sive
1368 841 1495 874 affectu
1522 852 1627 885 pecu-

339 892 439 933 liari,
488 904 530 926 ex
565 904 631 938 quo
664 891 845 926 admiratio
878 889 993 935 magni
1027 889 1092 924 viri
1126 891 1281 930 eluceat,
1329 888 1394 921 hoc
1429 887 1502 921 loco
1527 899 1623 921 enar-

341 945 450 974 retur.

120 995 172 1028 Ad
197 994 256 1035 VI,
291 995 358 1074 132
383 1006 462 1039 pag.
493 993 563 1032 416
595 995 705 1041 prima
729 994 872 1029 column.
908 993 966 1027 lin.
1000 994 1021 1028 5
1054 1003 1118 1038 pro
1155 993 1346 1027 Bekker.
1379 990 1513 1035 legend.
1550 991 1627 1025 Du-

370 1053 523 1075 raca&

120 1098 170 1131 Ad
197 1097 258 1140 VI,
286 1099 351 1135 137
376 1110 453 1143 pag.
475 1097 544 1133 418
574 1097 631 1131 lin.
658 1099 701 1132 6:
736 1095 878 1141 ταύτην
902 1093 954 1135 ὥς
978 1095 1073 1130 ἰδεῖν
1097 1116 1143 1121 —-
1166 1092 1234 1139 τήν
1258 1092 1442 1138 πρότερον
1468 1092 1563 1128 εἶναι
1593 1106 1625 1127 κ.

340 1157 374 1177 τ.
401 1146 432 1178 λ.
479 1146 531 1178 Ad
555 1148 764 1178 structuram
788 1144 854 1177 loci
881 1149 914 1177 et
941 1142 1187 1177 infinitivorum
1211 1142 1375 1174 rationem
1393 1143 1436 1176 cf.
1463 1142 1502 1174 C.
1522 1142 1626 1174 Eich—

342 1190 424 1224 hoff.
451 1191 605 1226 Versuch
629 1201 660 1225 Ζ.
685 1189 1034 1224 wissenschaftlichen
1059 1188 1234 1233 Begriind.
1259 1188 1292 1221 d.
1319 1186 1463 1221 Grioch.
1481 1188 1626 1230 Syntax.

342 1248 377 1281 p.
402 1236 458 1270 47.
483 1256 528 1262 —-
562 1236 651 1269 ibid.
682 1236 741 1270 lin.
769 1239 811 1271 15
836 1247 938 1270 voces
962 1246 1002 1269 τε
1026 1233 1091 1268 καὶ
1114 1233 1205 1274 τοὺς
1228 1233 1371 1272 παῖδας
1393 1234 1490 1266 uncis
1515 1233 1628 1265 inclu-

341 1282 387 1315 sit
411 1283 551 1327 Negris,
575 1282 823 1324 Gaisfordium‚
847 1289 887 1316 ut
910 1282 973 1323 ait,
998 1286 1150 1316 secutus.
1195 1282 1243 1314 At
1267 1279 1500 1322 Gaisfordius,
1525 1290 1625 1324 quem

344 1339 406 1362 nos
429 1329 538 1364 secuti
561 1340 689 1371 sumus,
712 1328 798 1362 nihil
820 1328 890 1364 tale
913 1328 1009 1363 fecit.

120 1444 172 1478 Ad
197 1443 275 1486 VII,
301 1444 318 1478 1
346 1441 403 1476 lin.
427 1443 461 1478 3.
486 1440 768 1486 κεχαραγμένον.
819 1442 903 1477 Add.
927 1442 1102 1477 Plutarch.
1129 1441 1199 1477 Vit.
1218 1441 1338 1475 Aemil.
1361 1440 1460 1474 Paul.
1487 1440 1542 1477 23.
1568 1438 1626 1472 ubi

340 1488 424 1522 item
447 1489 573 1532 legitur
596 1487 874 1533 κεχαραγμένος,
899 1490 990 1534 quod
1014 1492 1188 1535 exponunt
1211 1493 1457 1533 exasperatus,
1497 1487 1626 1530 effera-

340 1541 406 1569 tus.
455 1535 555 1569 Conf.
577 1535 624 1569 ibi
649 1536 749 1570 Held.
774 1547 852 1581 pag.
877 1534 958 1571 234.

121 1595 174 1628 Ad
200 1593 278 1637 VII,
302 1595 345 1628 10
371 1595 403 1635 ἓ.
427 1593 450 1627 2
474 1605 553 1637 pag.
577 1592 646 1628 448
670 1593 726 1626 lin.
753 1595 807 1628 12.
831 1591 909 1626 καὶ
934 1589 990 1636 δή
1014 1591 1093 1626 καὶ
1117 1589 1319 1635 συνήνεικε.
1370 1589 1448 1623 Vim
1474 1588 1626 1634 particu-

338 1639 447 1672 larum
470 1638 532 1673 καὶ
557 1637 603 1683 δὴ
629 1638 693 1673 καὶ
717 1639 766 1673 sic
791 1639 962 1683 expressit
985 1639 1156 1682 Hartung.
1182 1638 1295 1671 Lehre
1306 1635 1522 1681 v.d.griech.
1541 1636 1629 1668 Par-

340 1685 402 1718 tik.
428 1685 443 1718 1
466 1697 499 1730 p.
524 1687 593 1721 266
619 1685 692 1731 (ubi
717 1686 802 1727 citat
825 1685 956 1720 Herod.
982 1685 1058 1728 VII,
1085 1686 1193 1730 186):
1221 1684 1371 1727 wohlan,
1395 1694 1430 1716 es
1445 1683 1538 1715 kann
1555 1682 1626 1714 sich

341 1732 431 1765 auch
454 1737 627 1778 zutragcn
649 1736 716 1766 etc.

123 1789 174 1823 Ad
212 1788 290 1832 VII,
323 1790 368 1823 10
392 1791 423 1831 §.
450 1790 472 1823 8
495 1801 575 1834 pag.
602 1790 671 1824 457
694 1789 752 1824 lin.
777 1792 810 1826 6.
844 1786 1156 1833 διαφορεύμενον.
1203 1787 1290 1821 Add.
1325 1784 1500 1829 Aristopli.
1535 1784 1625 1829 qu.

344 1836 414 1870 294
437 1839 473 1868 et
497 1836 587 1869 conf.
604 1835 705 1869 Held.
731 1835 773 1870 ad
799 1836 974 1870 Plutarch.
999 1834 1208 1868 Timoleont.
1234 1833 1319 1867 XIII
1345 1844 1378 1877 p.
1404 1833 1485 1866 309.

122 1891 174 1926 Ad
200 1891 277 1936 VII,
305 1893 349 1928 16
372 1895 406 1934 §-
433 1895 450 1927 l
478 1904 556 1937 pag.
581 1891 650 1927 464
676 1892 735 1927 lin.
760 1895 814 1928 10.
860 1892 978 1926 Verba
1014 1889 1062 1925 τὰ
1098 1888 1136 1925 σὲ
1161 1890 1223 1925 καὶ
1249 1887 1445 1933 ἀμφότερα
1480 1900 1511 1921 κ.
1537 1900 1568 1922 τ.
1597 1889 1628 1921 λ.

158 1946 160 1949 ’
343 1938 395 1971 sic
427 1938 576 1982 explicat
608 1939 754 1982 Negris:
796 1936 832 1972 σὲ
866 1934 1010 1982 ἥκοντα
1043 1937 1106 1972 καὶ
1141 1937 1224 1980 περὶ
1258 1934 1454 1979 άμφότερα
1492 1934 1627 1975 ταῦτα,

342 1982 536 2017 τουτέστιν
551 1981 847 2029 ὑπερβάλλοντα,
871 1981 1104 2027 ὑπερέχοντα
1128 1983 1192 2017 καὶ
1207 1980 1286 2016 κατ’
1313 1978 1510 2024 ἀμφότερα
1535 1979 1630 2013 ταῦ-

341 2041 401 2071 τα,
424 2035 463 2063 ut
487 2031 548 2070 VI,
574 2032 630 2065 86.
678 2031 770 2064 Idem
802 2029 931 2074 Negris
954 2042 987 2074 p.
1012 2031 1080 2065 468
1105 2030 1161 2066 lin.
1185 2032 1208 2066 3
1233 2040 1321 2073 pro:
1355 2026 1418 2061 καὶ
1443 2024 1512 2060 οὐκ
1543 2038 1562 2060 ο
1578 2023 1626 2059 ῗά

342 2087 393 2109 τε
427 2074 548 2109 αὐτὸ
584 2074 823 2121 παρατρέψαι
854 2077 983 2111 mavult
1017 2076 1086 2121 legi
1109 2075 1173 2110 καὶ
1198 2074 1268 2110 οὐκ
1299 2070 1363 2107 οἷά
1398 2083 1445 2107 σε
1471 2069 1624 2106 αὑτοῦ

341 2120 595 2166 παρατρέψαι.

123 2179 175 2212 Ad
200 2179 279 2222 VII,
304 2180 347 2214 17
372 2191 452 2223 pag.
489 2179 557 2215 468
581 2180 639 2213 lin.
666 2181 711 2216 12
733 2176 935 2223 ὑπερστάν.
983 2177 1064 2212 Vid.
1090 2178 1229 2213 Homer.
1254 2177 1295 2212 Il.
1320 2174 1367 2217 II,
1391 2176 1449 2210 20.
1477 2174 1521 2215 X,
1547 2173 1628 2209 496.

346 2225 472 2269 Odyss.
496 2227 558 2268 IV,
585 2227 651 2261 103
675 2225 810 2271 (ibique
833 2225 1015 2270 Nitzsch.)
1042 2225 1101 2267 VI,
1126 2227 1182 2260 21.
1209 2224 1289 2267 XX,
1312 2224 1368 2259 32.
1393 2221 1519 2256 Attulit
1542 2221 1627 2254 hacc

345 2270 458 2304 Bothe
484 2272 528 2304 ad
551 2272 667 2306 Iliadis
692 2272 715 2306 l.
738 2272 760 2306 l.

124 2326 279 2369 Ad·V11‚
303 2327 349 2363 22
373 2338 454 2370 pag.
477 2326 546 2362 478
569 2328 627 2362 lin.
651 2331 674 2364 2
698 2340 815 2362 numos
841 2329 1050 2362 Toronaicos
1078 2327 1266 2372 quosdam,
1300 2324 1358 2371 qui
1382 2325 1416 2358 in
1440 2324 1628 2358 rarioribus

345 2379 439 2406 certe
472 2379 675 2416 censentur,
706 2378 944 2410 commemorat
976 2373 1179 2417 Cousinery.
1216 2373 1358 2417 Voyage
1390 2376 1456 2406 etc.
1490 2371 1522 2403 lI
1547 2382 1627 2415 pag.

346 2419 426 2454 113.

124 2478 178 2512 Ad
202 2478 283 2523 VII,
306 2477 353 2513 23
377 2487 457 2520 pag.
481 2473 549 2510 479
574 2475 631 2509 lin.
658 2476 712 2510 11.
739 2470 900 2519 ὅρυσσον
923 2487 956 2509 κ.
982 2488 1014 2510 τ.
1038 2477 1070 2510 λ.
1116 2477 1214 2511 Haec
1237 2475 1344 2510 verba
1370 2472 1554 2507 vernacule
1578 2472 1625 2504 sic

345 2521 498 2557 reddidit
523 2521 691 2555 Schoell.:
718 2541 793 2563 „—
819 2522 950 2563 gruben
967 2521 1020 2555 sie
1041 2522 1106 2556 den
1131 2523 1237 2556 obern
1262 2520 1422 2554 Einstich
1447 2518 1508 2551 dos
1533 2520 1625 2550 Gra-

346 2569 431 2602 bens
455 2568 593 2612 doppelt
616 2578 654 2600 so
678 2567 778 2608 breit,
806 2567 857 2600 als
883 2567 945 2600 der
970 2568 1112 2601 Graben
1136 2568 1244 2602 selbst
1267 2566 1405 2599 werden
1430 2565 1530 2597 sollte
1556 2566 1621 2595 und

345 2614 472 2648 liessen
510 2614 571 2647 mit
603 2613 678 2646 dem
712 2613 926 2646 Fortschritt
955 2613 1018 2647 der
1051 2614 1172 2648 Arbeit
1190 2614 1307 2646 immet
1330 2611 1425 2643 mehr
1448 2609 1623 2653 eingehen.

346 2660 426 2693 Wie
451 2671 488 2693 es
512 2671 580 2693 nun
604 2670 679 2692 zum
705 2659 828 2693 Grund
850 2659 940 2702 kam,
962 2659 1063 2694 stand
1086 2661 1175 2695 auch
1189 2660 1263 2693 ihre
1289 2655 1409 2690 Arbeit
1432 2655 1497 2688 den
1533 2654 1625 2688 iibri—

347 2717 412 2750 gen
435 2705 559 2750 gleich.

129 2766 180 2800 Ad
207 2765 283 2800 Vll.
307 2762 449 2809 Qipag.
475 2762 541 2798 481
568 2761 625 2796 lin.
650 2762 683 2796 3.
735 2762 785 2796 Ad
807 2762 1023 2808 participium
1048 2757 1335 2804 ἐλαστρευμένας
1371 2759 1459 2792 cons.
1487 2757 1624 2792 Homer.
