1897 3340
43 305 111 352 55
175 301 456 355 Αἰγυπτίους.
513 298 600 342 Καὶ
628 298 764 340 ταῦτα
799 293 878 351 μέν
915 309 1000 337 νυν
1037 294 1135 348 περὶ
1163 292 1334 338 τούτων
1373 297 1434 338 el-
1490 311 1572 352 452

177 366 344 423 ρήσθω.
401 367 425 410 ὅ
454 382 495 408 τι
524 365 590 417 δὲ,
635 362 779 414 ἐόντες
809 361 1063 416 Αἰγύπτιοι,
1105 361 1177 404 καὶ
1207 361 1235 404 ὅ
1263 379 1304 405 τι
1333 361 1436 407 ἀπο-

178 434 423 490 δεξάμενοι,
453 433 610 487 ἔλαβον
637 431 713 481 τὰς
740 430 950 484 Δωριέων
979 430 1226 484 βασιληΐας,
1266 430 1436 475 ἄλλοισι,

178 501 263 557 γάρ
292 501 388 554 περὶ
418 499 562 542 αὐτῶν
592 501 779 554 εἴρηται,
810 496 995 551 ἐάσομεν
1025 495 1148 540 αὐτά.

44 626 111 672 56

581 186 877 226 ERATO.
936 186 1013 223 VI.
1351 190 1435 229 297

177 573 249 613 λοι
282 567 336 612 οὐ
367 566 679 621 κατελάβοντο,
716 564 884 609 τούτων
913 565 1086 620 μνήμην
1114 563 1367 621 ποιήσομαι,

262 636 397 691 Γέρέα
435 636 480 679 δὲ
518 634 571 690 δὴ
611 633 713 678 τάδε
751 637 866 676 τοῖσι
904 635 1127 688 βασιλεῦσι
1163 637 1438 690 Σπαρτιῆται

178 703 408 749 δεδώκασι·
458 702 676 760 ἱρωσύνας
721 699 824 755 δύο,
877 701 987 753 Διός
1023 716 1067 745 τε
1104 702 1443 758 Λακεδαίμονος,

123 875 185 918 σέϊ
205 872 322 916 οὐδὲν
341 885 442 916 recte
461 878 778 929 interpretantur.-

123 936 186 984 qui
213 933 376 972 Perseum
400 937 602 984 cognatione
641 938 780 973 minime

121 992 306 1040 attingunt
327 1005 357 1029 s.
380 994 441 1041 qui
459 992 509 1030 nil
531 1004 699 1030 commune
708 993 779 1030 ka-

119 1048 199 1085 bent
245 1061 322 1085 cum
367 1048 504 1088 Perseo.
581 1049 692 1086 Conf.
745 1050 776 1098 I,

123 1102 224 1144 142:
255 1103 507 1158 ὁμολογέουσι
535 1103 634 1146 κατά
655 1108 778 1158 γλῶσ-

121 1171 197 1200 σαν
216 1157 346 1201 οὐδέν.

365 1252 458 1304 Cap.
476 1251 558 1290 LV.

181 1325 205 1369 ὅ
221 1344 257 1369 τι
279 1328 333 1380 δὲ,
353 1328 478 1377 ἐόντες
496 1348 534 1371 κ.
560 1346 593 1371 τ.
607 1331 669 1380 λ.]
700 1332 725 1369 ἰ.
740 1345 775 1372 e.

122 1399 185 1423 cur
201 1399 299 1434 vero,
329 1389 500 1439 Aegyptii
524 1402 602 1426 cum
629 1391 711 1437 sint,
743 1392 776 1427 et

123 1444 246 1493 quibus
268 1446 367 1482 rebus
386 1447 496 1494 gestis
515 1442 554 1496 (ὅ
574 1461 614 1484 τι
630 1441 778 1484 άποδε-

122 1496 310 1553 ξάμενοι)
352 1502 484 1539 Dorum
531 1515 642 1550 regna
684 1515 780 1552 cepe-

121 1558 208 1604 rint,
239 1570 281 1594 ea
303 1571 394 1595 nunc
413 1561 599 1608 mittemus,
621 1559 681 1595 sed
691 1571 780 1608 quae

122 1613 191 1650 alii
210 1627 276 1650 non
306 1619 544 1665 occuparunt,
578 1628 693 1652 eorum
708 1615 781 1666 fa-

122 1671 213 1707 ciam
272 1674 482 1709 mentionem.
566 1673 641 1709 Ubi.
690 1685 780 1709 cum

122 1725 343 1776 Schweigh.
378 1734 415 1765 et
442 1729 559 1765 Gaisf.
581 1727 739 1765 exhibui
759 1724 781 1768 δ’

122 1797 159 1821 τι
179 1796 246 1833 pro
269 1781 350 1832 ὅτι,
385 1798 474 1821 cum
502 1786 705 1822 relativum
735 1786 781 1822 sit

126 1852 340 1890 pronomen
380 1854 508 1893 neque
549 1842 780 1878 coniunctio.

124 1891 413 1947 ἀποδεξάμενοι
440 1911 461 1934 a
480 1898 596 1935 verbo
615 1894 781 1938 οἷποδεί-

124 1958 300 1992 κννσθαι
310 1953 446 1991 eodem
466 1955 544 1991 fere
557 1963 680 2006 pacto,
704 1968 779 2006 quo

125 2010 162 2054 1,
188 2009 277 2050 174.
310 2010 376 2051 59.
404 2013 452 2058 II,
485 2014 537 2051 36
568 2019 639 2049 etc.
705 2013 781 2049 Pro

126 2065 297 2105 τουτέων
327 2074 363 2104 et
385 2064 545 2107 ἀὐτέων
568 2068 657 2106 dedi
686 2065 782 2108 τού-

126 2137 206 2162 των
223 2130 259 2160 et
279 2119 426 2162 αὐτῶν.
481 2126 544 2161 Ex
561 2124 635 2162 hoc
656 2133 786 2163 autem

127 2181 213 2217 satis
242 2181 338 2217 bene
367 2182 493 2231 colligi
519 2195 628 2233 posse
658 2189 785 2220 oenset

127 2235 359 2277 Dahlmanu.
399 2238 540 2275 Herod.
569 2252 658 2291 pag.
691 2242 784 2287 111,

128 2293 206 2329 iam
224 2300 310 2330 ante
330 2294 569 2332 Herodotum
598 2297 779 2333 exstitisse

127 2350 253 2399 plures
268 2379 278 2397 ,
319 2352 384 2402 qui
402 2349 578 2388 historiae
605 2354 781 2391 scribun-

128 2404 199 2442 dae
226 2418 381 2456 operam
411 2404 604 2457 dederint,
643 2423 782 2462 quam-

128 2463 206 2509 vis,
237 2463 393 2514 quinam
426 2464 482 2500 illi
516 2464 677 2512 fuerint,
716 2469 783 2504 vix

131 2516 286 2566 dixeris3
329 2521 564 2556 Hecataeum
586 2523 626 2558 in
651 2535 785 2562 eortun

133 2586 292 2614 numero
312 2576 425 2614 fuisse
444 2577 640 2628 probabile
663 2585 731 2617 est.

352 2663 445 2728 cap.
473 2679 571 2715 Lw.

197 2740 318 2792 Γέρεα
345 2741 388 2782 δὲ
409 2741 458 2795 δὴ
488 2742 582 2796 τάδε
602 2760 639 2784 κ.
672 2737 787 2796 at]

137 2798 195 2833 De
222 2798 345 2835 forma
373 2798 486 2853 γέρεα
521 2802 625 2841 oonf.
651 2802 788 2842 Matth.

836 877 902 917 Gr.
925 878 990 916 Gr.
1012 889 1098 928 pag.
1130 878 1235 928 1873
1266 877 1314 915 de
1343 878 1492 929 signifi-

835 936 985 971 catione
1006 934 1110 973 oonf.
1132 942 1228 973 nott.
1250 935 1298 972 ad
1309 936 1372 983 IV,
1397 939 1491 977 161.

833 992 918 1029 Hoc
957 992 1042 1028 loco
1077 992 1177 1028 inter
1213 992 1493 1043 Spartanorum

834 1061 971 1098 regum
990 1050 1123 1085 munia
1144 1048 1210 1097 (de
1232 1051 1366 1101 quibus
1381 1050 1491 1100 plura

836 1105 948 1155 Crag.
979 1104 1027 1142 de
1054 1107 1145 1142 Lac.
1176 1107 1323 1157 republ.
1354 1108 1402 1153 11,
1433 1103 1491 1157 2),

832 1163 1000 1214 primum
1030 1170 1306 1200 commemorat
1334 1162 1410 1200 duo
1431 1175 1494 1199 sa-

834 1218 1000 1256 cerdotia
1022 1216 1240 1269 (ἱρωσύνας
1251 1227 1292 1256 ut
1302 1221 1364 1266 IV,
1380 1216 1492 1269 161),

833 1282 1041 1327 utrumque
1060 1278 1201 1312 summi
1220 1278 1387 1313 numinis
1400 1305 1411 1323 ,
1434 1276 1492 1312 al—

833 1338 960 1370 terum
987 1332 1082 1370 Iovis
1113 1332 1306 1381 Laconici,
1338 1332 1385 1370 de
1415 1345 1492 1384 quo

832 1389 942 1440 plura
962 1388 1096 1425 afferre
1115 1402 1193 1426 non
1214 1389 1359 1438 habeo3
1391 1387 1495 1442 quod

836 1447 940 1482 enim
967 1444 1147 1483 Larcher.
1189 1448 1366 1494 coniicit,
1403 1449 1494 1484 Λα-

834 1503 1053 1552 κεδαίμονα
1088 1503 1221 1539 Iovem
1264 1516 1342 1540 esse
1376 1501 1493 1541 Iovem

836 1562 1030 1606 tonantem,
1073 1571 1095 1595 a
1132 1560 1249 1596 verbo
1279 1562 1414 1598 λακεῖν
1435 1572 1493 1596 so-

836 1628 935 1663 nare,
967 1614 1134 1652 eundem
1158 1618 1274 1666 igitur
1294 1623 1409 1668 atque
1427 1617 1494 1652 Io-

837 1685 927 1709 vem
964 1671 1263 1722 ὖψιβρεμὲτην,
1319 1673 1377 1717 id·
1402 1686 1494 1709 sane

836 1730 1002 1765 multum
1013 1730 1143 1779 friget,
1164 1728 1337 1766 Boeckh.
1360 1729 1494 1779 (Corp.

835 1787 1007 1835 Inscript.
1039 1788 1057 1822 I
1086 1799 1145 1822 nr.
1168 1785 1275 1826 1347
1299 1799 1375 1837 pag
1395 1786 1494 1833 658)

836 1849 922 1893 post
941 1843 1032 1879 alios
1063 1842 1209 1880 confert
1237 1843 1317 1880 Δία
1339 1838 1497 1893 Ἀγαμέ-

839 1914 988 1949 μνονα,
1028 1912 1118 1935 cum
1145 1898 1411 1935 Lacedaemon
1449 1899 1496 1935 sit

838 1954 949 1992 heros
963 1985 972 2002 ,
993 1957 1328 2006 utAgamemnon,
1351 1955 1403 1992 dii
1425 1969 1496 1992 au-

837 2019 918 2049 tem
947 2011 1108 2048 heroum
1136 2015 1384 2062 cognomines
1417 2025 1497 2049 esso

839 2070 1006 2116 soleant,
1030 2076 1073 2108 ut
1095 2070 1208 2106 etiam
1230 2066 1332 2116 Ζεύς
1349 2065 1496 2120 Ἀμφι-

840 2121 996 2173 κτύων,
1039 2123 1140 2171 Ζεύς
1165 2121 1415 2176 Ἀρισταῖος,
1465 2126 1497 2162 si

841 2181 999 2234 quidem
1027 2196 1075 2218 ex
1104 2182 1265 2219 deorum
1296 2175 1518 2233 cognomi-⁰

839 2240 951 2276 nibus
972 2237 1012 2275 hi
1031 2238 1164 2276 heroes
1184 2241 1259 2276 sint
1277 2242 1357 2276 nati
1372 2243 1388 2288 ,'
1411 2246 1454 2276 ut
1475 2252 1497 2275 a

835 2297 997 2333 Miillero
1026 2297 1219 2347 Aeginett.
1253 2310 1292 2347 p.
1329 2300 1377 2337 31
1411 2309 1498 2332 ma·-

836 2355 941 2391 xime
960 2354 1007 2390 sit
1026 2352 1345 2390 animadversum.
1365 2355 1498 2390 Iovem

841 2405 1060 2459 Οὐράνιον,
1081 2412 1186 2447 cuius
1201 2411 1360 2447 alterum
1372 2423 1498 2447 sacer-

840 2466 1001 2514 dotium,
1031 2480 1100 2517 per
1136 2469 1285 2503 Dorum
1325 2468 1495 2505 civitates

842 2525 988 2560 cultum
1008 2537 1086 2560 esse
1095 2524 1335 2560 invenimus:
1359 2529 1498 2575 quain-

844 2593 961 2632 quam
981 2582 1117 2617 merito
1133 2581 1263 2617 mirari
1282 2581 1382 2616 subit
1401 2592 1498 2615 eun-

844 2635 934 2673 dem
952 2637 1158 2674 Miilleriun
1178 2638 1287 2686 (Dor.
1303 2637 1321 2672 I
1340 2650 1378 2686 p.
1400 2634 1499 2684 391)

845 2694 912 2744 qui
930 2693 1015 2740 fiat,
1058 2700 1102 2730 ut
1131 2693 1232 2744 apud
1250 2695 1369 2729 Dores
1390 2689 1502 2726 huius

843 2750 1012 2786 numinis
1032 2750 1153 2787 cultus
1177 2750 1244 2786 vix
1263 2760 1354 2785 eum
1374 2751 1502 2781 teneat

844 2805 974 2843 locum
995 2834 1005 2854 ‚
1063 2817 1180 2857 quem
1221 2802 1323 2856 apud
1359 2808 1503 2839 ceteros

1495 363 1590 395 Quam
1607 368 1722 400 partem

1493 396 1641 425 historiae
1658 400 1723 425 illo-

1494 438 1558 457 rum
1581 440 1685 466 regum
1705 434 1765 460 lle-

1493 464 1619 490 rodanus
1636 465 1689 492 sit-i
1704 471 1765 492 tra-

1196 497 1250 540 τὰ
1280 500 1326 542 δὲ
1356 497 1630 558 ἅλ-35οςῖιιιι1ωιι
1652 507 1765 526 sumse-

1490 540 1515 558 τι
1533 551 1540 557 .

1495 689 1580 723 Quae
1601 689 1668 716 iura
1687 697 1751 716 mu-

1493 731 1629 757 neraque
1645 731 1734 757 reges

1493 759 1714 791 Spartanorum

1494 790 1587 825 bullo,
