1897 3340
408 270 494 309 258
811 268 845 303 H
873 268 908 304 E
937 269 969 305 R
998 268 1031 305 Ο
1061 269 1095 304 D
1126 269 1157 304 0
1189 268 1226 304 T
1257 269 1272 303 1

407 376 453 419 ἐκ
482 378 563 419 τοῦ
596 373 799 426 Πόντου,
835 374 1129 432 ἐξαγγέλλεται
1170 375 1224 419 τά
1253 375 1355 428 περὶ
1384 377 1587 432 Μίλητον
1614 392 1678 432 γε-

375 443 586 498 Ξνόμενα.
629 442 683 486 τὰ
714 443 794 498 μὲν
823 443 877 500 δή
907 444 1007 498 περὶ
1032 443 1351 500 Ἑλλήσποντον
1387 444 1543 499 ἔχοντα
1569 444 1678 500 πρή·

405 527 548 567 γματα
592 510 815 565 ἐπιτράπει
864 510 1080 566 Βισάλτῃ,
1143 509 1493 565 Ἀπολλοφάνεος
1540 512 1678 562 παιδὶ,

400 577 648 635 Ἀβυδηνῷ·
681 577 814 630 αὐτὸς
843 579 890 623 δὲ
920 578 1029 633 ἔχων
1063 580 1297 634 Λεσβίους,
1327 579 1370 629 ές
1402 580 1513 621 Χίον
1540 578 1676 630 ἔπλεε,

377 646 480 689 3καὶ
502 647 623 689 Χίων
651 650 853 704 φρουρῇ,
885 644 940 690 ού
969 646 1233 703 προσιεμένῃ
1264 663 1352 702 μιν,
1386 646 1599 702 συνέβαλε
1629 645 1677 689 ἐν
1689 649 1734 684 40

406 715 610 758 Κοίλοισι
639 714 941 769 καλεομένοισι
979 716 1056 768 τῆς
1085 715 1193 769 Χίης
1223 714 1378 770 χώρης.
1426 714 1598 758 τούτων
1631 728 1678 756 τε

376 786 399 822 4
412 781 466 838 δὴ
485 779 699 836 ἐφόνευσε
721 780 934 838 συχνούς·
964 781 1038 824 καὶ
1057 785 1147 825 τῶν
1173 785 1342 825 λοιπῶν
1363 783 1498 833 Χίων,
1524 778 1600 825 οἷα
1621 780 1676 837 δή

406 848 723 904 κεκακωμένων
767 848 814 892 ἐκ
853 853 931 905 τῆς
968 849 1232 905 ναυμαχίης,
1279 847 1304 892 ὁ
1337 846 1536 899 Ἱστιαῖος
1567 848 1677 903 ἔχων

401 932 508 967 τους
540 917 754 972 Λεσβίους
791 914 1077 973 ἐπεκράτησε,
1113 916 1162 960 ἐκ
1193 917 1414 972 Πολίχνης
1451 919 1528 972 τῆς
1554 916 1676 959 Χίων
1710 944 1713 945 ⁷

277 995 341 1038 27
403 982 696 1039 ὁρμεωμενος.
758 986 902 1028 Φιλὲει
933 985 979 1027 δέ
1009 1001 1097 1034 κως
1124 986 1465 1039 προσημαίνειν,
1495 981 1587 1026 εὐτ’
1620 980 1676 1025 ἂν

71 1060 189 1129 quw}
193 1068 308 1120 {annu-
405 1051 539 1107 μέλλῃ
568 1051 733 1107 μεγάλα
771 1051 886 1095 κακοὶ
925 1050 954 1108 ἢ
993 1051 1098 1096 πόλι
1138 1050 1168 1108 ἢ
1206 1051 1327 1095 ἔθνει·
1362 1051 1560 1095 ἔσεσθαι·
1601 1050 1731 1094 καὶ45

69 1102 328 1196 {Zrtessuessssnss
403 1118 489 1175 γαρ
533 1120 678 1162 Χίοισι
730 1119 817 1173 πρὸ
864 1119 1036 1162 τούτων
1088 1118 1251 1175 σημήια
1289 1117 1454 1174 μεγάλα
1492 1119 1675 1174 ἐγένετο.

373 1189 539 1230 93τοῦτο
570 1186 650 1242 μέν
677 1198 760 1243 σφι
789 1187 985 1243 πέμψασι
1012 1186 1056 1238 ἐς
1075 1185 1277 1242 Δελφοὺς
1304 1184 1440 1242 χορόν
1467 1184 1675 1242 νεηνιέων
1871 1166 1889 1223 5³

402 1253 578 1308 ἑκατὸν,
619 1253 703 1298 δύο
733 1258 895 1310 μοῦνοι
930 1253 1101 1297 τούτων
1131 1252 1456 1309 ἀπενόστησαν,
1495 1252 1600 1304 τούς
1626 1253 1674 1296 δὲ

402 1319 516 1366 ὀκτώ
550 1338 594 1366 τε
632 1322 706 1366 καὶ
735 1321 1026 1378 ἐννενήκοντα
1056 1319 1204 1364 αὐτῶν
1242 1321 1398 1376 λοιμός
1435 1319 1731 1378 ὑπολαβώνὸο

341 1407 343 1411 ’
400 1388 625 1447 ἀπήνεικε·
665 1392 798 1433 τοῦτο
830 1389 901 1442 δὲ,
945 1389 994 1434 ἐν
1023 1393 1076 1447 τῇ
1105 1388 1210 1433 πόλι
1238 1386 1317 1432 τόν
1348 1387 1486 1433 αὐτὸν
1513 1393 1675 1434 τοῦτον

345 1576 442 1626 Byz.
454 1580 492 1610 et
506 1573 685 1624 Πολίχνα
696 1573 848 1611 Siciliae
858 1573 899 1609 in
911 1573 1007 1609 Dio-

346 1630 429 1669 dor.
450 1631 556 1679 XIII,
576 1632 618 1669 7.

543 1731 636 1782 Cap.
655 1729 819 1768 xxvn.

404 1797 1008 1849 Φιλέω-προσημαίνειν]Ουιῑι

345 1855 514 1894 Fischer.
537 1854 586 1892 ad
604 1856 768 1892 Weller.
789 1856 856 1901 m,
876 1867 898 1890 a
918 1866 1008 1905 pag.

345 1912 427 1953 257
457 1912 670 1962 intelligere
689 1912 824 1948 malim
846 1926 866 1950 ο
897 1907 1009 1958 θεος,

345 1968 451 2022 quod
466 1940 603 2020 paulo,³
601 1974 688 2020 post
707 1967 909 2005 additum
899 1980 1011 2005 mve-

345 2028 495 2063 nimus:
526 2027 652 2064 ταῦτα
671 2023 743 2075 μέν
759 2035 831 2073 σφι
855 2020 1010 2074 σημήϊα

347 2081 372 2122 ό
395 2080 488 2128 θεὸς
509 2080 706 2133 προέδεξε.
757 2081 1009 2117 Divinatiouis

346 2139 475 2189 opinio
504 2150 593 2174 cum
620 2138 687 2173 fati
712 2139 870 2174 notione
905 2143 1008 2174 arcte

346 2196 550 2231 coniuncta
579 2207 629 2230 ex
656 2192 715 2230 his
741 2195 840 2230 bene
860 2194 1008 2244 perspi-

347 2252 465 2298 citur,
522 2262 612 2287 cum
651 2250 870 2301 ubicunque
913 2247 1007 2301 quid

344 2314 494 2358 praeter
514 2312 741 2343 consuetum
761 2317 888 2342 rerum
903 2304 1008 2342 ordi-

344 2376 436 2400 nem
456 2362 613 2410 accidit,
643 2361 683 2398 id
703 2361 821 2399 divini
840 2363 1008 2398 numinis

345 2421 385 2458 vi
405 2426 519 2472 atque
540 2418 744 2455 efficientia
763 2418 908 2456 famum
929 2431 1008 2455 esse

347 2475 572 2514 declaretur.
614 2474 726 2511 Unde
746 2474 1008 2526 prodigiorum

344 2534 543 2570 notionem
555 2530 656 2582 apud
669 2532 906 2569 Herodotum
915 2544 1009 2568 ena-

346 2596 424 2627 tam
455 2602 534 2626 esse
568 2595 669 2625 recte
701 2590 830 2625 statuit
863 2590 1008 2638 laeger.

349 2648 511 2697 Disputt.
533 2643 702 2681 Herodd.
730 2659 768 2695 p.
789 2645 854 2685 47.
874 2667 922 2673 -—-
947 2643 1009 2681 Ad

349 2697 428 2742 εὖτ’
461 2698 514 2741 ἂν
551 2702 653 2738 cons.
682 2699 818 2738 Mauh.
842 2703 907 2738 Gr.
940 2702 1007 2738 Gr.

349 2771 435 2810 pag.
462 2760 583 2799 1006.
642 2758 748 2803 Quae
781 2765 1005 2809 sequuntur,

349 2817 439 2853 citat
469 2815 655 2852 Stobaeus
685 2815 821 2860 xmn,
843 2817 895 2854 39
918 2827 1004 2864 pag.

351 2871 430 2913 243
450 2884 478 2910 S.
503 2872 554 2908 T.
574 2873 607 2907 11
627 2883 712 2922 pag.
731 2873 808 2911 108
830 2871 946 2908 Gaiss.

1120 1568 1255 1623 λοιμὸς
1269 1568 1490 1623 ὑπολαβών
1516 1567 1727 1623 α’πήνεικε]

1063 1627 1090 1664 i.
1111 1641 1145 1664 e.
1171 1630 1282 1678 pestis
1308 1631 1478 1677 ingruens
1508 1642 1537 1665 s.
1566 1640 1730 1679 superve-

1063 1686 1160 1721 niens
1190 1686 1398 1734 (iuvenes)
1419 1686 1602 1722 absumsit.
1632 1685 1730 1722 ver-

1064 1741 1159 1778 bum
1186 1738 1509 1792 ὖπολαμβάνειν,
1549 1739 1593 1778 h.
1622 1742 1649 1778 l.
1677 1739 1729 1778 de

1061 1801 1178 1848 peste,
1199 1798 1279 1834 aliis
1298 1799 1391 1835 loeis
1412 1797 1460 1835 de
1480 1805 1594 1835 vento
1616 1796 1729 1835 adhi-

1065 1854 1188 1890 bitum
1209 1855 1413 1904 ingruente
1434 1861 1499 1892 aut
1519 1855 1644 1892 subito
1664 1855 1730 1891 in·-

1065 1909 1230 1947 vadente
1251 1923 1328 1962 quo
1348 1911 1604 1962 navigantese
1617 1923 1729 1948 cursu

1067 1979 1137 2004 suo
1186 1966 1431 2018 depelluntur
1451 1996 1463 2016 ‚
1529 1968 1729 2006 illustravit

1065 2024 1226 2060 Dorvill.
1248 2023 1297 2060 ad
1314 2023 1455 2062 Charit.
1486 2037 1526 2075 p
1547 2026 1652 2073 3635
1685 2031 1729 2062 ut

1066 2092 1157 2117 saue
1196 2078 1236 2117 h.
1264 2081 1290 2117 1.
1317 2082 1421 2118 male
1443 2082 1530 2118 libri
1567 2080 1728 2133 quidam

1066 2131 1319 2187 απολαβιόν.
1407 2138 1460 2174 At
1497 2138 1604 2186 vm,
1649 2138 1728 2179 115

1065 2205 1198 2230 omnes
1227 2192 1339 2230 codd.
1380 2192 1398 2233 ἐ
1411 2209 1439 2232 π
1451 2191 1609 2245 ιλαβαὶ
1621 2208 1646 2232 ν
1678 2191 1729 2233 δὲ

1062 2246 1196 2299 λοιμὸς
1207 2271 1259 2277 --
1273 2248 1492 2301 διέφθειρε,
1516 2249 1621 2301 quod
1635 2262 1728 2301 ‚pm-

1062 2305 1158 2342 bum
1179 2318 1257 2342 esse
1279 2313 1379 2342 recte
1399 2307 1549 2343 monuit
1560 2308 1725 2356 Hoeger.

1063 2363 1104 2398 in
1124 2362 1226 2398 Actt.
1250 2361 1358 2413 phill.
1378 2363 1554 2400 Monacc.
1587 2364 1639 2400 T.
1659 2364 1726 2401 111.

1064 2417 1090 2458 4
1111 2431 1148 2468 p.
1170 2418 1264 2458 487.
1322 2419 1424 2456 Infra
1462 2418 1491 2470 ‘ty'
1525 2420 1728 2471 ναψιαχίη

1063 2472 1324 2525 ὑπολαβοῦσα
1367 2483 1422 2513 est
1451 2488 1599 2526 pugna,
1636 2489 1727 2527 quae

1064 2533 1224 2568 insecuta
1251 2536 1314 2569 est.
1382 2533 1433 2569 At
1474 2533 1630 2583 propius
1675 2530 1726 2570 ad

1064 2594 1237 2624 nostrum
1272 2589 1403 2625 locum
1436 2588 1525 2626 facit
1556 2589 1618 2636 Vl,
1647 2589 1723 2630 75:

1067 2640 1210 2682 αὐτίκα
1239 2642 1472 2695 ὑπέλαβε
1509 2644 1616 2695 (scil.
1649 2640 1726 2684 αὖ·

1064 2697 1154 2752 τὸν)
1185 2701 1307 2751 μανίη
1327 2703 1475 2748 νοῦσος
1506 2702 1530 2739 i.
1552 2715 1586 2739 e.
1607 2700 1724 2751 conse-

1063 2759 1142 2794 stim
1166 2770 1242 2795 eum
1273 2759 1383 2807 cepit,
1413 2759 1583 2808 corripuit
1598 2757 1721 2808 fictor.

1063 2813 1123 2850 Ad
1143 2827 1279 2851 vocem
1308 2811 1526 2866 ’ὑπολαβών
1545 2815 1594 2852 cf.
1623 2815 1722 2859 VIII,

1065 2873 1129 2910 12.
1188 2869 1248 2907 Ad
1270 2871 1430 2907 verbum
1462 2867 1653 2922 α’πήνεικε
1673 2870 1721 2908 cf.
