1897 3340
308 511 374 556 92

106 577 184 605 Prco
179 576 234 603 liis
253 576 328 605 binis

105 620 160 639 na
148 612 262 638 :ilibus
293 611 375 640 dein-

104 653 176 686 ceps
203 646 380 683 commissis,

106 688 231 719 primum
256 679 345 707 Athe-

104 722 232 749 meuses,

433 261 517 300 356

819 262 1283 299 HERODOTI

434 367 650 423 ἐγίνοντο,
708 365 1007 420 ἀποκόψαντες
1053 368 1192 413 αυτοῦ
1240 370 1319 421 τοὶς
1364 375 1529 426 χεῖρας,
1581 367 1749 428 ἦγον25

437 434 574 478 οὕτω·
617 441 749 491 χεῖρες
777 437 821 479 δὲ
854 442 992 480 κεῖναι
1021 436 1310 492 ἐμπεφυκυῖαι
1337 433 1449 493 ἦσαν
1469 443 1582 481 τοῖσι
1609 439 1695 482 ἐπι-

433 508 682 559 σπαστῆρσι.

435 575 562 628 νῆται
591 569 843 625 ἐργάσαντο.

748 507 893 546 Ταῦτα
922 504 1000 559 μέν
1038 521 1120 546 νυν
1151 504 1286 560 σφέας
1317 504 1478 556 αὐτοὺς
1506 507 1549 549 οἷ
1575 508 1693 562 Αἰγι-

902 570 1170 628 Ἀθηναίοισι
1197 571 1242 614 ὁὲ
1270 571 1423 627 ἥκουσι
1456 572 1750 629 ἐναυμάχη-Βο

437 651 520 682 σαν
555 638 684 693 νηυσὶ
728 635 1043 693 ἑβδομήκοντα·

1094 637 1353 690 ἑσσωθέντες
1385 640 1430 683 δὲ
1451 643 1503 696 τῇ
1531 656 1695 695 ναυμα-

441 706 533 760 χίῃ,
564 704 845 748 ἐπεκαλέοντο
869 704 1054 756 τούτους
1101 705 1262 757 αὐτούς
1301 708 1405 758 τούς
1442 708 1514 750 καὶ
1544 708 1693 762 πρότε-

405 778 538 825 ῼρον,
569 769 797 826 Ἀργείους.
840 773 913 815 καὶ
945 771 999 827 δή
1029 784 1108 828 σφι
1150 768 1272 816 οὗτοι
1302 775 1380 829 μὲν
1414 773 1558 818 οὐκέτι
1586 778 1693 832 βοη-

431 837 601 891 θέουσι,
631 837 901 894 μεμφόμενοι
927 839 992 882 ὅτι
1013 842 1233 895 Αἰγιναῖαι
1257 842 1361 892 νέες,
1392 841 1558 898 ἀνάγκῃ
1589 848 1692 898 λαμ-

433 910 612 960 φθεῖσαι
633 904 722 949 ὑπό
746 907 1033 961 Κλεομένεος,
1066 907 1192 962 ἔσχον
1227 923 1270 950 τε
1301 908 1342 958 ἐς
1372 909 1449 963 τὴν
1468 908 1710 965 Ἀργολίδα

403 971 604 1028 3χώρην,
634 975 707 1016 καὶ
738 974 1043 1030 συναπέβησαν
1072 976 1464 1029 Λακεδαιμονίοισι.
1510 977 1748 1020 συναπέ-35

433 1043 573 1095 βησαν
603 1040 648 1083 δὲ
678 1042 751 1084 καὶ
782 1038 865 1085 ἀπὸ
897 1044 1156 1084 Σικυωνίων
1194 1044 1305 1084 νεῶν
1344 1041 1500 1096 ἄνδρες
1537 1047 1589 1101 τῇ
1618 1043 1693 1088 αὐ-

432 1112 485 1164 τῇ
514 1105 648 1165 ταύτῃ
680 1108 852 1166 ἐσβολῇ.
894 1111 967 1153 καί
1008 1122 1086 1166 σφι
1113 1107 1192 1154 ὑπ’
1238 1108 1438 1165 Ἀργείων
1476 1111 1691 1169 ἐπεβλήθη

376 1297 458 1333 ρων
503 1283 659 1333 exponit
685 1285 764 1322 τῶν
793 1285 865 1334 τῆς
904 1280 1037 1335 θύρας

376 1337 663 1391 κρατημάτων)
713 1338 867 1377 exhibet
915 1337 1035 1392 α’πρὶξ

341 1409 344 1413 “
376 1394 519 1446 εἴχετο,
551 1395 590 1432 id
610 1395 804 1433 Herodoto
835 1398 1036 1433 restituen-

377 1451 470 1488 dum
487 1454 631 1489 censuit
643 1454 772 1504 Toup.
787 1455 826 1489 in
842 1453 1035 1490 Emendd.

375 1509 414 1544 in
435 1508 545 1547 Suid.
566 1510 620 1545 111
639 1522 726 1560 pag.
750 1512 828 1549 383
851 1511 1034 1560 probante

374 1563 578 1603 Larchero.
636 1568 687 1602 At
715 1579 735 1602 e
767 1567 922 1602 Polluce
951 1569 1032 1617 ipso

374 1634 477 1657 nunc
514 1622 646 1658 vocula
678 1617 796 1672 οἷπρὶξ
817 1624 934 1659 eiecta
966 1630 1032 1663 est.

375 1676 511 1713 Suidas
533 1685 684 1724 autem,
715 1685 757 1714 ut
779 1679 874 1714 bene
884 1681 1033 1715 monuit

375 1732 607 1783 Schweigh.⁷
639 1736 703 1772 vix
719 1735 845 1784 ipsum
865 1737 1030 1786 inspexit

375 1790 634 1838 Herodotum,
693 1804 827 1827 verum
867 1806 915 1828 ex
959 1793 1031 1828 alio

376 1859 451 1897 quo
493 1847 752 1884 Grammatico
790 1846 885 1884 haec
919 1849 1032 1885 verba

376 1902 582 1953 descripsit.
1007 1934 1011 1937 .

431 1963 553 2010 χεῖρες
573 1955 614 1998 δὲ
633 1962 760 1997 κεῖναι
801 1974 837 1998 κ.
862 1974 892 1998 τ.
912 1961 974 2009 λ.]
1006 1960 1034 1996 i.

375 2028 408 2051 e.
449 2028 575 2052 manus
607 2016 830 2053 inhaerebant
878 2017 1034 2053 annulis.

373 2071 716 2121 [11)ἰέμπεφυκυῐα
735 2086 782 2108 ex
794 2074 947 2109 Homeii
962 2075 1035 2109 ssu-

373 2127 430 2163 xit
450 2128 621 2163 imitatio
626 2141 682 2165 ie:
703 2128 805 2179 apud
821 2142 938 2180 quem
959 2131 1035 2165 l're—

375 2195 516 2234 quens:
548 2179 639 2222 ε”ντ
671 2182 747 2235 ἄρα
778 2184 819 2223 οἱ
842 2188 901 2232 φῦ
920 2185 1032 2236 χειρί

372 2239 416 2274 ll.
450 2239 756 2286 V1‚253-406
795 2242 884 2277 XIV
898 2244 1032 2289 ,232,

376 2295 477 2331 alia'
468 2294 507 2331 id
538 2308 672 2345 genus.

587 2384 679 2434 Cap.
700 2384 818 2420 XCII.

432 2460 700 2510 ἑσσωθέντες]
748 2463 858 2500 Conf.
888 2464 932 2512 V,
962 2467 1030 2505 72.

372 2519 429 2554 De
449 2519 597 2568 Argivis
618 2520 894 2568 Aeginetarum
921 2523 1029 2557 sociis

377 2575 477 2611 conf.
499 2581 593 2612 nott.
616 2575 663 2612 ad
686 2576 728 2622 V,
751 2578 816 2615 80.
836 2597 891 2602 ——
929 2573 1030 2616 a'va'-

375 2645 449 2683 γκῃ
472 2633 717 2681 λαμφθεῖσαι
741 2639 794 2668 est
824 2634 861 2669 vi
891 2638 1032 2671 coactae

375 2700 399 2723 a
422 2686 603 2724 Cleomene.
647 2689 801 2737 Spectat
818 2687 888 2725 lioc
905 2689 951 2726 ad
973 2704 1031 2738 ea,

375 2755 472 2795 quae
493 2744 553 2791 VI,
575 2746 628 2784 76
650 2752 881 2782 enairantni.

433 2798 544 2849 ἔσχον
588 2814 627 2838 τε
657 2799 696 2846 ἐς
726 2797 797 2849 τήν
827 2795 1031 2853 ’Apyokidcz

372 2850 522 2907 χώρην]
552 2856 578 2891 i
613 2869 647 2897 e.
679 2860 889 2905 tenuerunt,
919 2871 1032 2908 appu-

1091 1282 1205 1320 lerunt
1248 1281 1296 1319 ad
1332 1290 1473 1320 terram
1508 1283 1745 1334 Argolidem.

1091 1340 1156 1377 Sic
1185 1340 1230 1387 V,
1252 1342 1318 1379 33-
1340 1341 1402 1387 VI,
1425 1340 1490 1382 95·
1517 1344 1607 1381 101.
1646 1343 1745 1379 Hinc

1090 1395 1224 1435 Matth.
1257 1397 1322 1436 Gr.
1355 1398 1420 1433 Gr.
1457 1410 1496 1447 p.
1526 1399 1607 1438 932
1647 1397 1746 1448 ἔχειν

1092 1452 1169 1501 (sc.
1201 1449 1271 1498 τοὶς
1301 1456 1429 1500 ναῦς)
1456 1455 1744 1504 interpretatur:

1091 1509 1280 1546 anlanden.

1147 1561 1213 1604 ’ὑπ’
1235 1562 1418 1617 Ἀργείων
1440 1562 1646 1617 ἐπεβλήθη
1679 1568 1746 1618 ζη-

1091 1622 1189 1672 μίη]
1214 1618 1439 1672 ἐπιβάλλειν
1459 1625 1630 1673 imponere
1648 1636 1685 1660 v.
1711 1636 1745 1660 c.

1090 1679 1278 1724 tributum,
1309 1678 1496 1725 mulctam,
1527 1679 1598 1715 alia
1617 1678 1657 1715 id
1675 1692 1746 1729 ge-

1089 1747 1179 1780 nus,
1210 1733 1313 1770 haud
1343 1734 1574 1786 infrequens.
1635 1735 1745 1772 conf.

1088 1791 1118 1837 1,
1144 1793 1220 1830 106
1242 1791 1327 1828 coll.
1356 1791 1403 1838 11,
1437 1792 1526 1830 180.
1584 1790 1695 1836 Quod
1715 1793 1746 1828 si

1089 1859 1179 1883 vero
1212 1859 1367 1897 quaeras
1381 1876 1390 1894 ‚
1433 1859 1508 1897 quo
1528 1849 1609 1883 iure
1629 1849 1748 1898 Argi-

1089 1904 1144 1939 vis
1186 1903 1334 1939 licuerit
1375 1914 1541 1953 poenam
1578 1904 1746 1954 irrogare

1090 1960 1278 2010 Sicyoniis
1290 1966 1402 2010 atque
1411 1960 1617 2009 Aeginetis,
1631 1962 1747 2012 quin-

1090 2023 1204 2066 genta
1223 2017 1377 2065 singulis
1398 2016 1561 2064 talenta3
1596 2016 1746 2055 videtur

1092 2073 1296 2123 antiquitus
1312 2071 1444 2108 foedus
1463 2072 1630 2122 plurium
1651 2074 1746 2111 civi-

1090 2135 1212 2164 tatum
1223 2130 1415 2175 exstitisse,
1424 2129 1522 2164 inter
1534 2142 1625 2180 quas
1636 2131 1745 2181 prin-

1091 2185 1215 2234 cipem
1236 2185 1364 2220 locum
1393 2186 1583 2221 tenuerint
1598 2187 1744 2236 Argivi,

1089 2248 1129 2276 ut
1151 2239 1223 2276 lioc
1244 2242 1323 2290 ipso
1352 2241 1475 2277 eloco
1507 2242 1633 2292 colligi
1662 2244 1743 2279 vult

1089 2297 1132 2333 C.
1163 2299 1207 2333 0.
1234 2297 1380 2332 muller.
1409 2298 1498 2333 Dor.
1528 2298 1545 2332 I
1574 2311 1612 2348 p.
1649 2299 1742 2340 153.

1091 2352 1169 2393 154
1185 2381 1195 2400 ,
1236 2354 1301 2389 ubi
1322 2352 1399 2389 vid.
1422 2355 1553 2404 ltaque
1573 2367 1650 2391 non
1673 2368 1742 2392 suo

1087 2409 1256 2459 ipsorum
1277 2411 1447 2457 nomine,
1482 2409 1547 2447 sed
1579 2412 1686 2462 quasi
1719 2424 1741 2448 e

1087 2464 1242 2502 decretis
1254 2468 1426 2502 omnium
1439 2467 1634 2504 civitatum
1646 2480 1742 2504 con-

1085 2521 1363 2558 foederatarum
1373 2524 1534 2572 Argivos
1553 2536 1637 2560 eam
1647 2536 1742 2574 poe-

1088 2590 1178 2614 nam
1200 2580 1268 2615 illis
1288 2580 1471 2629 irrogasse
1500 2578 1666 2617 credam.
1685 2601 1742 2609 --

1089 2635 1163 2671 Pro
1195 2635 1288 2674 ἔσαν
1311 2635 1398 2672 dedi
1419 2630 1536 2686 ἦσαν,
1558 2643 1739 2687 utsupra.

1144 2692 1200 2728 De
1213 2693 1403 2728 locutione
1415 2689 1625 2743 στρατηγὸς
1637 2689 1738 2745 ἁνήρ

1089 2748 1189 2784 cons.
1219 2754 1314 2785 nott.
1342 2747 1389 2784 ad
1410 2749 1471 2795 vl,
1495 2750 1559 2788 83.
1583 2770 1634 2775 -
1664 2749 1739 2786 Pro

1087 2800 1333 2843 πεντάεθλον
1348 2805 1450 2840 'male
1470 2803 1626 2856 quidam
1645 2802 1757 2854 πέν-,

1087 2863 1258 2909 ταθλον,
1298 2860 1501 2898 accedente
1529 2859 1739 2909 Eustathio,
