1897 3340
103 340 167 382 32
227 341 294 403 ἦν.

634 169 941 207 ΕΒΑΤΟ.
1001 170 1078 206 vl.

227 276 310 322 οὐκ
350 276 615 334 ἐσαγήνευον
656 276 762 327 τούς
802 274 1095 331 ἀνθρώπους·

353 345 568 390 Ἐυθαῦτα
599 345 807 400 Περσέων
827 346 870 388 οἱ
897 343 1134 399 στρατηγοὶ
1153 341 1234 386 οὐκ
1255 342 1498 397 ε’ψεύσαντο
1558 362 1816 431 ''⁹¹1¹did11ffe„²

1417 172 1501 211 263

1145 274 1200 318 ου’
1238 275 1325 330 γάρ
1358 275 1430 320 οἷοί
1460 277 1496 321 τ’

221 415 296 466 τὰς
326 412 501 462 ἀπειλὰς
531 428 609 463 τας
636 412 929 468 ἐπηπείλησαν
967 416 1080 455 τοῖσι
1107 408 1227 455 ’Ίωσι
1262 423 1497 466 στρατοπε-

192 482 500 537 Ξὸευομένοισι
528 480 632 524 ἐναν
634 483 705 524 τία
745 481 884 536 σφίσι

948 478 1009 531 ὦς
1047 495 1132 536 γαρ
1174 478 1228 535 δὴ
1266 478 1497 537 ἐπεκράτη-

221 564 304 594 σαν
330 552 422 592 τῶν
454 549 639 601 πολίων,
671 548 832 600 παῖδας
859 565 904 593 τε
933 547 1040 599 τούς
1070 544 1400 601 εὐειδεστάτους
1431 550 1497 594 ἐκ-

216 617 440 674 λεγόμενοι
479 615 734 672 ἓξέταμνον,
779 618 855 661 καὶ
892 616 1071 661 ἐποίευν
1100 613 1197 660 ἀντὶ
1226 613 1340 661 εἶναι
1377 618 1497 674 {1269-

213 703 309 742 χιας
338 682 602 741 εὐνούχους·
637 685 711 729 καὶ
737 685 992 741 παρθένους
1015 685 1089 736 τὰς
1114 684 1496 739 καλλιστευούσας,
1514 696 1553 727 10

215 752 525 804 ἀνασπάστους
562 753 683 808 παρὰ
721 754 927 811 βασιλέα·
970 752 1108 798 ταῦτά
1144 769 1188 797 τε
1219 752 1272 810 δὴ
1303 753 1493 806 ἐποίευν,

212 822 287 865 καὶ
315 820 393 872 τοὶς
418 818 575 872 πόλιας
612 821 939 878 ἐνεπίμπρασαν
976 820 1150 866 αὐτοῖσι
1191 826 1306 866 τοῖσι
1344 825 1494 879 ἱροῖσι.

183 897 206 929 3
226 889 353 934 Οὕτω
384 889 431 933 δὲ
469 888 519 932 τὸ
560 890 709 942 τρίτον
736 890 886 943 Ἴωνες
913 889 1337 946 κατεδουλώθησαν·
1376 896 1495 945 πρῶ-

213 974 291 1001 τον
319 957 399 1014 μὲν
427 954 515 1001 ὑπὸ
546 959 734 1011 Λυδῶν,
768 960 834 1010 δὶς
865 959 912 1003 δὲ
942 958 1092 1016 ἐπεξῆς
1126 959 1222 1004 τότε
1264 959 1352 1004 ὑπὸ
1384 964 1494 1015 Περ-

157 1189 261 1243 apud
290 1197 464 1242 posterae
493 1191 625 1226 aetatis
653 1198 822 1228 oratores

156 1249 367 1286 imitat10ue
376 1247 527 1284 monuit
548 1246 597 1283 ad
614 1245 654 1284 h.
665 1248 690 1284 l.
702 1249 823 1286 Wes-

155 1306 291 1355 seling.
351 1305 416 1340 Tu
446 1302 536 1340 add.
569 1302 762 1343 Themist.
783 1319 822 1356 p.

156 1361 252 1411 848,
271 1364 324 1403 26
346 1368 383 1398 et
409 1361 503 1409 358,
528 1363 565 1400 1.
588 1359 679 1399 edit.
704 1361 821 1399 Dind.

345 1463 440 1514 Cap.
460 1464 627 1500 XXXII.

211 1538 285 1582 οὐκ
306 1538 530 1592 ἐψεύσαντο
550 1538 621 1588 τοὶς
638 1538 823 1594 οἷπειλοῖς]

152 1598 239 1637 vid.
261 1599 324 1646 vl,
345 1600 384 1639 9.
415 1599 510 1635 Mox
530 1596 692 1639 ἐναντία
708 1601 823 1651 σφίσι

152 1656 200 1695 de
220 1656 374 1693 Ionibus
396 1653 500 1703 dicit,
522 1656 589 1706 qui
607 1657 731 1695 Persis
771 1672 821 1696 ex

151 1714 310 1752 adverso
331 1718 453 1754 castra
470 1721 691 1763 posuerant.

209 1811 300 1855 ἀντὶ
329 1811 434 1856 εἶναι
465 1812 648 1869 ἐνόρχιας
667 1811 819 1856 εὔνου-

151 1872 272 1924 χους]
303 1874 360 1909 lta
379 1874 466 1911 libri
493 1874 643 1925 scripti,
679 1874 818 1925 quibus

150 1931 276 1968 invitis
296 1931 420 1968 nolim
439 1932 606 1968 inserere
621 1937 707 1981 post
727 1926 816 1970 ἀντὶ

151 1987 357 2026 articulum
375 1989 450 2028 τοῦ
461 2018 471 2036 ,
502 1995 545 2025 ut
560 1988 705 2039 placuit
723 1988 818 2026 Val-

151 2042 372 2091 ckeuaerio,
406 2046 474 2097 qui
497 2046 587 2083 citat
615 2045 698 2092 VH,
724 2047 817 2086 170.

150 2100 374 2153 Thucydid.
395 2103 477 2150 VII,
493 2105 548 2144 28
570 2109 609 2139 et
618 2099 818 2139 Schaefer.

148 2157 197 2196 ad
225 2159 388 2210 Gregor.
418 2157 592 2197 Corinth.
621 2171 712 2211 pag.
749 2162 818 2200 39.

146 2217 198 2254 Et
217 2216 336 2254 altero
352 2229 509 2270 quoque
523 2215 711 2254 Herodoti
729 2216 816 2255 loco

147 2286 252 2311 nunc
288 2275 428 2311 rectius
468 2274 574 2311 abest
621 2274 814 2322 articulus,

150 2343 267 2382 quem
286 2332 327 2367 in
347 2331 463 2368 simili
480 2331 678 2368 locutione
687 2332 717 2378 Ι,
729 2334 814 2372 210

149 2388 247 2424 bene
268 2388 398 2425 abesse
417 2387 597 2427 vidimus.
617 2386 814 2435 Matthiae,

150 2457 267 2495 quem
294 2445 397 2482 conf.
417 2445 458 2481 iu
479 2446 654 2483 Gramm.
685 2446 753 2482 Gr.
773 2458 812 2496 p.

155 2501 278 2546 1065,
300 2515 351 2538 ex
369 2514 447 2538 una
457 2501 596 2539 Aldma
616 2501 679 2539 hic
700 2515 816 2553 repo-

151 2558 224 2593 suit
242 2557 406 2598 ἐποίευν
435 2553 526 2597 αντὶ
547 2557 738 2611 ἐνορχίων
763 2561 813 2598 εἰ·

152 2613 814 2664 vm,planeut1,210‚aliterdehoc

154 2669 238 2706 loco
254 2670 438 2709 iudicasse
460 2670 641 2708 adiiciens
664 2670 816 2713 Sohae-

154 2725 222 2763 ser.
241 2726 281 2763 in
300 2728 443 2778 Appar.
465 2729 546 2765 crit.
565 2726 816 2766 inDemosth.

155 2782 189 2816 11
220 2795 257 2833 p.
288 2783 382 2824 564.
419 2784 486 2822 Cr.
517 2785 666 2823 confert
695 2785 817 2822 Hein-

883 1190 980 1230 dorf.
1003 1190 1052 1229 ad
1083 1193 1184 1230 Plat.
1206 1193 1328 1241 Gorg.
1351 1192 1384 1237 ξ.
1412 1192 1487 1232 151
1512 1206 1548 1242 p.

881 1252 979 1289 237.
1036 1248 1135 1286 Mihi
1162 1250 1392 1300 scriptorum
1430 1248 1550 1285 libro-

881 1319 981 1354 rum,
1004 1307 1069 1358 qui
1090 1319 1224 1344 omues
1236 1306 1421 1357 praebent
1433 1301 1551 1357 ἐνόρ-

881 1377 968 1413 χιας
1013 1364 1076 1400 vel
1111 1361 1301 1415 ἐνόρχης,
1346 1363 1549 1400 auctoritas

880 1427 1072 1471 praestare
1092 1420 1257 1458 videtur.
1300 1420 1351 1456 Et
1382 1419 1548 1467 cf.V111,

885 1478 964 1518 105
982 1506 992 1524 ,
1041 1478 1109 1514 ubi
1157 1476 1264 1514 idem
1302 1476 1548 1514 vocabulum.

879 1532 1052 1571 Bekker.
1084 1547 1106 1570 e
1125 1531 1394 1571 Valckenaerii
1414 1546 1552 1570 emen-

881 1588 1035 1627 datione
1066 1589 1171 1628 dedit
1207 1585 1299 1630 οἷντὶ
1338 1592 1413 1629 τοῦ
1444 1585 1548 1629 εἶναι

879 1643 1060 1699 ἐνόρχιας
1089 1655 1128 1685 et
1145 1648 1260 1699 paulo
1280 1654 1367 1697 post
1389 1642 1547 1686 αὐτοῖσι

877 1703 1002 1756 ἱροῖσι
1030 1703 1196 1754 (omisso
1230 1704 1389 1741 articulo
1429 1707 1545 1751 τοῖσι,

876 1762 944 1812 qui
954 1762 1071 1812 vulgo
1083 1762 1280 1812 inseritur)
1298 1767 1335 1798 et
1348 1756 1454 1800 οὕτω
1484 1758 1544 1799 6
1517 1776 1544 1812 η

874 1814 918 1857 vd
938 1818 1087 1884 τρίτον.
1116 1840 1173 1847 -
1217 1817 1282 1855 Ad
1311 1818 1545 1855 seutentiam

873 1875 950 1911 loci
977 1876 1069 1912 tacit
1088 1876 1153 1923 VI,
1177 1878 1226 1916 9·
1274 1889 1367 1922 τους
1396 1874 1546 1922 παῖδας

872 1930 1058 1983 ἐκτομίας
1076 1929 1314 1984 ποιήσομεν

931 2039 1237 2094 οἷνασπᾶστους]
1254 2045 1367 2082 Conf.
1384 2050 1482 2082 nott.
1495 2043 1544 2082 ad

874 2101 937 2149 IV,
949 2100 1046 2142 204.
1066 2103 1162 2139 Mox
1178 2101 1267 2140 dedi
1279 2100 1462 2154 βασιλέος
1472 2115 1542 2153 pro

875 2159 1069 2211 βασιλῆος
1101 2166 1139 2196 et
1161 2155 1267 2199 οὕτω
1292 2157 1335 2199 δὲ
1363 2172 1455 2196 cum
1478 2172 1543 2196 re-

874 2223 990 2253 centt.
1002 2229 1073 2267 pro
1087 2211 1194 2255 οῧτω
1206 2213 1270 2267 δή,
1288 2215 1393 2269 quod
1403 2215 1541 2254 Matth.

873 2279 910 2310 et
919 2272 1090 2310 Bekker.
1110 2274 1363 2311 retinuerunt.
1393 2275 1439 2311 Iu
1449 2274 1541 2310 Flo-

872 2331 1024 2367 rentino
1039 2332 1234 2368 invenitur
1255 2327 1361 2370 οὕτω
1392 2344 1445 2370 τε.
1476 2329 1539 2367 Ad

872 2394 1146 2438 argumentum
1175 2389 1252 2425 loci
1284 2386 1359 2424 hoc
1399 2394 1540 2424 teneu-

873 2444 990 2482 dum:
1021 2446 1134 2482 Iones
1158 2442 1331 2496 'primum
1355 2457 1377 2481 a
1396 2445 1537 2481 Croeso

870 2500 1066 2554 Lydisque
1098 2515 1177 2540 esse
1211 2502 1409 2548 subactos,
1444 2505 1538 2538 teste

871 2558 1068 2596 Herodoto
1098 2560 1140 2607 Ι,
1171 2561 1210 2607 6,
1242 2560 1309 2606 28,
1332 2559 1494 2596 alterum
1514 2570 1534 2594 a

872 2615 973 2667 Cyro
1012 2617 1152 2663 Persa,
1202 2614 1341 2652 eodem
1380 2621 1535 2651 auctore

870 2670 1068 2710 Herodoto
1087 2674 1118 2720 Ι,
1142 2671 1235 2712 141.
1253 2673 1344 2719 169,
1366 2672 1534 2716 tertium,

872 2742 963 2766 cum
992 2729 1151 2766 rebelles
1171 2729 1348 2775 fuissent,
1378 2740 1398 2764 a
1417 2727 1533 2764 Dario

873 2784 1124 2837 Artaphernis
1155 2784 1283 2835 opera.

1557 402 1667 453 {ulfic
1688 436 1770 455 11.Πῶ
