1897 3340
136 841 265 870 Barbari
283 839 387 879 pri-mis

136 876 240 902 dicbus
262 880 390 901 maxuma.

136 917 203 936 cum
222 911 324 942 strage
343 915 361 933 a

136 942 263 969 Graecis
283 946 311 967 vt
330 940 391 966 sor-

135 976 208 1004 titcr
233 980 263 1002 ct
280 972 390 1000 callide

137 1007 339 1071 pupi-lantibus
358 1013 406 1032 re-

137 1051 175 1079 pu
190 1051 226 1071 si.

466 197 550 238 762

466 306 589 355 σίους
624 304 868 360 θυμωθεὶς,
925 303 1215 360 ἐντειλάμενός
1251 315 1385 359 σφεας
1415 304 1712 360 ζωγρήσαντας

410 394 412 396 v
440 371 591 427 3ἅγειν
632 371 674 422 ἐς
704 371 806 424 ὄψιν
833 373 912 429 τὴν
940 373 1117 416 ἑωυτοῦ.
1170 370 1245 422 Ὡς
1284 371 1321 415 δ’
1353 371 1556 416 ἐπέπεσον
1586 372 1712 426 φερό-

467 455 591 494 μενοι
620 439 663 489 ἐς
699 439 804 490 τούς
822 439 1030 496 ’Έλληνας
1066 440 1110 483 οἱ
1137 441 1300 494 Μῆδοι,
1331 439 1506 483 ἔπιπτον
1534 441 1708 482 πολλοί·

467 505 590 548 ἄλλοι
630 504 673 549 δ’
711 504 959 562 ἐπεσήϊσαν,
1000 507 1073 549 καὶ
1102 504 1183 549 οὐκ
1214 503 1527 557 ἄπελαύνοντο,
1557 507 1709 560 καίπερ

434 572 657 629 4μεγάλως
692 574 1039 626 προσπταίοντες.
1094 575 1229 628 δῆλον
1278 573 1318 617 δ’
1363 574 1535 617 ἐποίευν
1577 575 1707 617 παντί
1724 581 1765 615 15

465 656 559 698 τεῳ,
590 640 664 682 καὶ
692 638 774 682 οὐκ
802 639 955 694 ἥκιστα
984 637 1100 696 αὐτῷ
1130 641 1315 695 βασιλέϊ,
1355 641 1423 685 ὅτι
1452 641 1603 684 πολλοὶ
1632 640 1710 695 μὲν

465 708 693 761 ἄνθρωποι
722 705 818 758 εἷεν,
847 705 984 762 ὀλίγοι
1014 705 1060 749 δὲ
1089 704 1252 760 ἄνδρες.
1285 709 1447 764 ἐγίνετο
1477 709 1522 752 δὲ
1551 705 1578 764 ἡ
1609 718 1710 763 συμ-

305 775 401 820 211
461 772 568 829 βολὴ
599 771 650 817 δι’
681 771 851 830 ἡμέρης.
904 772 1020 817 Ἐπεί
1048 789 1091 817 τε
1122 773 1166 817 δὲ
1193 776 1236 817 οἱ
1254 777 1403 830 Μῆδοι
1430 774 1612 831 τρηχέως
1641 790 1712 818 πε-

463 842 692 895 ριείποντο,
720 840 912 886 ἐνθαῦτα
941 837 1064 885 οὗτοι
1092 839 1170 896 μὲν
1187 839 1430 897 ὑπεξήισαν,
1461 845 1504 886 οἱ
1524 843 1571 886 δὲ
1603 843 1768 896 Πέρ-Ξο

463 919 536 951 σαι
565 908 836 964 ἐκδεξάμενοι
864 911 1058 965 ἐπήϊσαν,
1087 907 1190 959 τοὺς
1209 906 1457 959 ἀθανάτους
1477 909 1619 954 ἐκάλεε
1632 914 1713 965 βα-

464 976 620 1026 σιλεύς,
649 980 738 1018 τῶν
758 973 860 1033 ἦρχε
882 975 1113 1032 Ὑδάρνης·
1144 974 1201 1026 ὡς
1222 975 1274 1031 δὴ
1293 969 1416 1018 οὗτοί
1432 990 1479 1029 γε
1507 976 1712 1028 εὐπετέως

436 1042 842 1103 Ξκατεργασόμενοι.
896 1043 971 1097 Ὡς
999 1043 1047 1088 δὲ
1074 1043 1149 1088 καὶ
1176 1037 1299 1088 οὗτοι
1324 1042 1586 1099 συνέμισγον
1605 1048 1735 1087 τοῖσι

407 1236 509 1277 field.
549 1239 646 1275 bene
686 1236 858 1277 adhibuit
885 1236 1062 1277 Herodo-

407 1301 513 1331 teum
532 1296 674 1333 locum.

463 1372 531 1413 καὶ
566 1369 641 1414 ov’n
666 1369 966 1428 ἄπελαύνοντο]
1005 1375 1062 1411 Ita

406 1431 668 1477 Florentium,
725 1430 940 1478 Mediceus⁷
986 1431 1061 1468 alii.

407 1488 514 1523 Unus
534 1488 630 1523 liber
649 1483 941 1537 ἀπηλαύνοντο.
963 1487 1060 1524 Vul-

375 1551 378 1555 '
406 1555 456 1593 go
469 1539 812 1594 ἄπέλαυνον,(]ιιοά
822 1543 1060 1580 tenuthes-

406 1600 552 1649 seling.,
564 1598 788 1636 Schaeferus
800 1607 835 1635 et
846 1598 1057 1636 Bekkerus.

406 1654 539 1696 Matth.
557 1654 660 1692 dedit
672 1651 905 1706 α’πήλαυνον
926 1669 946 1691 e
957 1656 1060 1692 San-

407 1711 516 1749 crofti
536 1713 643 1759 libro,
674 1718 717 1748 ut
749 1713 828 1759 vll,
860 1714 955 1751 211.
977 1715 1060 1752 212

407 1767 473 1804 fin.
495 1766 727 1817 Schweigh„
749 1769 813 1820 qui
834 1781 923 1804 cum
943 1767 1057 1804 Gaisf.

406 1826 447 1860 iu
480 1831 587 1862 textu
618 1823 733 1861 habet
771 1820 1058 1872 α’πελαύνοντο,

403 1882 444 1917 iu
474 1882 569 1921 Lex.
605 1879 746 1919 Herod.
781 1881 902 1931 magis
929 1887 1059 1916 tamen

403 1936 538 1987 probat
557 1933 807 1982 οἷιτέλαυνον,
847 1935 951 1989 quod
987 1937 1057 1973 sit:

404 2006 471 2030 non
495 1994 738 2041 discesserunt,
768 2006 837 2030 non
863 2007 898 2030 se
924 2005 1057 2043 recepe-

403 2053 501 2090 runt.
548 2049 740 2101 Equidem
759 2051 877 2086 malui
896 2050 1058 2086 retinere

403 2100 671 2145 α’πελαύνοντο
689 2135 698 2153 ,
728 2104 801 2143 hoc
821 2107 899 2142 sere
919 2117 1055 2142 sensu:

404 2175 472 2198 non
501 2162 632 2211 repul-si
658 2166 758 2210 sunt,
790 2175 825 2199 se
851 2162 974 2212 repelli
988 2175 1056 2198 non

400 2220 504 2267 passi
530 2222 611 2254 sunt
637 2221 781 2268 pessime
794 2220 951 2268 quamvis
978 2221 1059 2253 tra-

404 2275 504 2308 ctati.
542 2273 604 2309 Ad
624 2275 783 2311 verbum
803 2273 1058 2324 προσπταίειν

404 2329 504 2365 conf.
523 2336 618 2368 nott.
640 2328 688 2365 ad
707 2331 736 2376 Ι,
759 2329 824 2369 65.

462 2402 523 2446 ὅτι
566 2405 704 2446 πολλοὶ
734 2404 804 2457 μὲν
843 2402 1055 2457 ἅνθρωποι

405 2458 498 2510 εἶεν,
529 2458 650 2514 ὀλίγοι
679 2460 720 2501 δὲ
749 2460 916 2511 ἄνδρες]
952 2462 1054 2498 Ante

406 2515 484 2557 εἶεν
508 2521 674 2555 Koenius
692 2518 732 2558 οἷ
744 2518 924 2556 excidisse
944 2524 1058 2568 puta-

404 2575 490 2611 bat:
520 2575 645 2612 multos
664 2578 704 2613 ei
722 2575 834 2625 (regi)
855 2587 924 2612 esse
950 2575 1059 2611 laomi-

405 2644 478 2670 nes.
523 2632 593 2667 Cui
612 2632 738 2669 favere
759 2633 946 2668 existimat
966 2632 1057 2667 Val-

405 2686 582 2725 ckenaer.
614 2687 757 2725 dictum
784 2689 921 2724 Xerxis
958 2688 1056 2735 vlu,

406 2746 459 2785 88
477 2751 590 2797 atque
609 2745 779 2782 Frontini
797 2745 859 2791 IV,
872 2747 910 2792 2,
925 2745 951 2784 9
972 2744 1058 2793 (ubi

406 2800 566 2850 legimus
578 2813 588 2839 :
611 2800 741 2854 „quod
751 2801 891 2838 multos
902 2799 1056 2853 quidem

1858 12 1865 54 ί

1857 68 1867 163 Ξ

855 196 1315 234 rinnono'rl
1851 169 1869 259 ὲ

1116 1236 1290 1274 homines
1309 1235 1523 1286 liaberet.“)
1579 1234 1771 1288 Equidem

1117 1295 1206 1331 talia
1225 1294 1327 1330 libris
1355 1293 1479 1330 invitis
1512 1294 1677 1329 inserere
1696 1305 1771 1330 no-

1118 1351 1199 1387 lim.
1256 1351 1386 1399 Ipsum
1415 1347 1598 1386 Herodoti
1626 1347 1771 1387 dictum

1116 1407 1230 1442 refert
1248 1404 1421 1442 Eustath.
1450 1407 1489 1441 in
1509 1406 1553 1442 Il.
1573 1406 1607 1443 V
1627 1419 1666 1455 p.
1689 1407 1770 1446 668

1116 1476 1144 1499 s.
1176 1463 1268 1509 537,
1298 1462 1365 1502 49.
1422 1462 1466 1497 In
1496 1474 1571 1513 quo
1593 1462 1704 1513 quale
1723 1462 1771 1498 sit

1117 1517 1318 1555 discrimen
1352 1518 1451 1554 inter
1471 1514 1683 1568 ἅνθρωποι
1710 1524 1769 1553 at-

1115 1588 1191 1626 que
1212 1571 1367 1624 ἅνδρες,
1399 1574 1496 1622 (viri,
1526 1580 1568 1610 ut
1589 1580 1642 1610 est
1663 1572 1765 1624 apud

1112 1632 1196 1668 Liv.
1211 1630 1371 1678 XXVII,
1386 1633 1447 1678 13,
1460 1631 1529 1666 alia
1539 1637 1580 1667 ut
1590 1630 1768 1680 taceam),

1113 1688 1180 1725 vix
1200 1699 1432 1738 quemquam
1448 1686 1580 1736 fugiet.
1614 1687 1768 1722 Praeter

1113 1742 1297 1781 Valcken.
1328 1742 1377 1779 ad
1406 1741 1444 1779 h.
1478 1743 1505 1779 l.
1537 1750 1769 1779 monuerunt

1115 1800 1242 1837 Sturz.
1262 1800 1302 1835 in
1330 1801 1425 1836 Lex.
1442 1797 1621 1849 Xenoph.
1642 1800 1659 1834 l
1679 1811 1767 1848 pag.

1114 1858 1210 1903 237,
1249 1856 1333 1892 Plat
1361 1853 1506 1891 Phaed.
1544 1869 1582 1905 p.
1612 1857 1693 1895 239
1720 1856 1767 1891 B.

1115 1913 1244 1964 ibique
1265 1910 1461 1948 Heindorf.
1491 1924 1529 1961 p.
1562 1913 1654 1951 227.
1698 1911 1766 1948 Cr.

1115 1967 1164 2005 ad
1191 1970 1311 2018 ipsam
1347 1968 1573 2004 sententiam
1604 1966 1765 2003 conferri

1113 2025 1195 2062 vult
1209 2024 1425 2065 Philostrat,
1446 2024 1491 2060 V.
1506 2022 1632 2073 Apoll.
1648 2023 1676 2068 1,
1697 2024 1763 2061 21.

1113 2103 1168 2108 -——
1188 2082 1231 2117 Iu
1258 2094 1363 2132 seqq.
1395 2078 1442 2116 ad
1462 2090 1596 2116 vocem
1616 2078 1766 2127 συμβο-

1111 2134 1161 2187 λή
1189 2137 1290 2174 conf.
1319 2137 1383 2181 lv,
1406 2134 1484 2174 159
1513 2134 1641 2185 ibique
1670 2140 1766 2170 nott.

1114 2187 1166 2232 δι’
1190 2191 1339 2241 ’ἡμέρης
1379 2190 1477 2227 valet
1507 2193 1576 2226 {oto
1605 2190 1683 2238 die,
1723 2197 1765 2226 ut

1111 2249 1144 2296 1,
1165 2250 1232 2288 97.
1256 2249 1303 2295 11,
1331 2249 1398 2294 21,
1419 2246 1520 2282 alibi.

1322 2358 1413 2409 Cap.
1436 2357 1566 2397 ccxl.

1110 2457 1644 2553 locqiftiygiire'gcoiii'?allgtzvraocl]
1658 2458 1762 2560 VR?

1112 2580 1149 2609 et
1169 2571 1217 2609 ad
1245 2573 1405 2610 verbum
1423 2566 1647 2622 ὑπεξήισαν
1666 2576 1761 2608 nott.

1113 2628 1161 2666 ad
1183 2629 1263 2676 Vll,
1288 2630 1377 2668 120.
1434 2629 1491 2664 De
1511 2625 1761 2664 Immortalium

1111 2684 1267 2723 cohorte
1282 2683 1359 2724 vid.
1379 2685 1460 2731 VII,
1481 2686 1546 2724 31.
1566 2685 1619 2724 83
1648 2687 1685 2718 et
1714 2680 1761 2718 de

1112 2742 1302 2793 particulis
1339 2738 1395 2787 οἷς
1417 2737 1467 2791 δὴ
1498 2741 1538 2776 in
1568 2751 1674 2790 seqq.
1693 2739 1759 2785 111,

1111 2801 1179 2840 20.
1202 2798 1293 2840 156.
1312 2798 1380 2847 ΙΧ,
1401 2796 1454 2838 59
1473 2796 1566 2848 ibiq.
1598 2796 1677 2832 citt.
