1897 3340
222 845 346 872 Abdera.

102 879 232 912 Paludes
249 879 349 905 isinuri

105 918 135 939 ει
147 913 284 940 Bistonia
296 922 302 938 :
316 912 370 939 ssu-

100 853 174 872 caca.

425 235 512 275 596
825 234 1289 271 HERODOTI

403 348 520 400 4ρην
558 340 683 393 πόλις
725 346 780 398 τῇ
820 341 989 399 οὔνομά
1028 344 1114 387 ἐστι
1156 343 1431 398 Μεσαμβρίη·
1472 341 1610 397 ἔχεται
1639 343 1684 386 δὲ

426 409 584 466 ταύτης
616 410 790 451 Θασίων
818 408 963 464 πόλις,
994 411 1189 466 Στρύμη.
1249 410 1320 453 διὰ
1353 409 1398 452 δέ
1428 422 1576 463 σφεων
1604 411 1684 451 τοῦ

427 477 562 532 μέσου
612 479 772 526 Λίσσος
823 479 1016 532 ποταμός
1074 478 1284 533 ὸιαρῥέει·
1355 476 1402 528 ὃς
1457 475 1552 520 τότε
1604 475 1741 520 οὖκ15

427 542 601 599 ἀντέσχε
644 543 692 585 τὸ
724 542 845 596 ὕδωρ
877 544 1077 600 παρέχων
1096 549 1155 600 τῷ
1180 544 1344 597 Ξέρξεω
1377 548 1567 600 στρατῷ,
1598 542 1685 586 ἀλλ’

399 611 609 654 ὅέπέλιπε.
668 609 695 665 ἡ
726 611 771 653 δὲ
791 610 907 667 χώρη
937 611 1045 667 αὕτη
1077 612 1211 654 πάλαι
1239 613 1316 666 μὲν
1346 612 1538 654 ἐκαλέετο
1575 614 1685 654 Γαλ-

430 679 578 732 λαϊκή,
608 680 693 719 νῦν
725 678 770 720 δὲ
800 676 1060 733 Βριαντική·
1091 679 1177 722 ἔστι
1207 680 1354 733 μέντοι
1382 684 1439 737 τῷ
1472 678 1688 722 δικαιοτά-

271 748 368 791 109
426 763 485 802 τῳ
531 748 621 787 τῶν
649 743 793 799 λόγων
821 746 893 788 καὶ
936 746 1045 802 αὕτη
1079 744 1290 790 Κικόνων.
1348 746 1516 800 Διαβὰς
1546 746 1590 789 δὲ
1610 749 1689 789 τοῦ

60 833 69 842 ,.
101 811 259 839 Maronea.
290 811 337 837 ni-

430 814 600 855 Λίσσου
639 815 836 867 ποταμοῦ
863 811 910 855 τὸ
960 813 1145 868 ῥέεθρον
1183 811 1553 870 ἀπεξηρασμένον,
1611 812 1742 857 oto-20

374 1091 422 1130 cf.
443 1088 610 1141 Philippi
628 1089 748 1140 Epist.
769 1086 869 1139 apud
882 1089 1028 1124 Demo-

372 1146 495 1184 sthen.
516 1159 603 1197 pag.
626 1144 678 1187 94
702 1146 758 1195 [p.
781 1147 859 1185 163
877 1147 906 1191 Ι,
927 1146 944 1180 I
961 1144 1026 1192 R.]

373 1205 459 1241 coll.
483 1205 704 1254 Harpocrat.
725 1215 755 1238 s.
775 1215 814 1238 v.
835 1209 870 1238 et
891 1199 1028 1251 Steph-

371 1262 467 1312 Byz.
495 1273 526 1297 s.
546 1273 583 1300 v.
605 1271 692 1309 pag.
715 1260 810 1298 682.
860 1259 1029 1294 Verbum

343 1320 347 1325 ‘
371 1317 543 1363 πολίζειν
564 1316 670 1365 attigi
691 1314 739 1351 ad
771 1314 816 1361 V,
841 1317 904 1354 13.
953 1315 1028 1350 Pro

372 1373 523 1419 Λίσσυς
542 1373 713 1423 plerique
734 1369 847 1407 codd.
878 1370 1030 1416 Λίσοςτ

373 1442 470 1481 quae
506 1428 642 1465 eadem
672 1428 843 1464 lectionis
873 1427 1031 1465 varietas

370 1487 451 1531 Vll,
474 1487 567 1527 109.

430 1538 578 1588 ὃς-τότε
598 1537 670 1580 οὐκ
690 1535 850 1590 οἷντέσχε
869 1534 1031 1589 τόῧδωρ

373 1620 428 1626 --
449 1592 531 1636 ἄλλ’
553 1596 738 1644 ἐπέλιπε]
771 1598 887 1632 Recte
918 1595 1032 1645 pleri-

400 1668 448 1690 ue
468 1654 551 1690 libri
568 1650 726 1702 οἶντέσχε
738 1665 806 1703 pro
823 1653 914 1689 olim
926 1651 1031 1700 vulg.

374 1709 578 1760 αντὲσχετο
607 1706 650 1748 τό
678 1706 802 1758 ὕδωρ.
861 1708 917 1744 Cf.
949 1708 1028 1742 Eu-

373 1764 485 1804 stath.
514 1764 562 1802 ad
593 1766 751 1816 Dionys.
773 1766 853 1805 538
884 1770 920 1799 et
950 1765 1031 1799 He—

375 1822 496 1860 rodot.
517 1822 597 1869 Vll,
619 1821 686 1862 43.
709 1822 776 1861 58.
803 1822 894 1860 196.

430 1877 603 1918 ἐκαλέετο
624 1872 848 1926 Γαλλαϊκή,
878 1877 955 1914 νῦν
987 1872 1030 1914 δὲ

373 1930 622 1987 Βριαντική]
672 1934 797 1984 Vulgo
839 1928 1030 1981 Γαλαϊκή.

372 1993 448 2028 Nos
470 1989 687 2041 Sclnveigh.
709 1996 745 2026 et
775 1988 890 2026 Gaisf.
913 1989 1032 2025 secuti

372 2061 524 2094 sumus,
555 2048 621 2098 qui
654 2048 703 2083 ita
725 2060 744 2082 e
774 2046 964 2082 Saucrofti
984 2045 1032 2080 li-

373 2105 440 2140 bro
463 2103 661 2149 dederunt,
682 2101 885 2139 accedente
910 2101 1030 2140 Valla.

373 2159 479 2196 ldein
521 2160 608 2196 fecit
648 2158 816 2196 Bekker.
876 2157 1030 2201 Quaerit

373 2228 461 2252 vero
502 2217 676 2265 Koppen.
717 2212 731 2263 (
753 2212 952 2261 Not-‹igest.
993 2211 1029 2249 d.

372 2272 484 2307 Pout.
505 2284 592 2321 pag.
620 2272 691 2317 69)
725 2267 1033 2304 haec'Tln·aciae

375 2328 478 2376 regio
499 2326 667 2363 Gallaica
689 2337 783 2361 num
810 2323 857 2359 ad
878 2324 1028 2360 Galatas

373 2389 514 2434 spectet
555 2380 772 2419 Scordiscos
809 2378 855 2416 ad
894 2381 1030 2415 Istrum

374 2438 582 2476 habitantes
597 2467 608 2484 ,
629 2444 721 2473 teste
743 2437 928 2472 Strabone
948 2436 1028 2482 VH,

371 2509 408 2546 p-
430 2496 510 2536 293
530 2508 560 2531 s,
590 2506 628 2544 p.
648 2493 730 2533 450
751 2493 793 2531 C.
851 2492 1029 2541 Propius,

373 2552 527 2601 opinor,
569 2548 642 2586 huc
681 2550 842 2598 pertinet
871 2561 1026 2599 campus

373 2606 553 2645 Priaticus
598 2618 715 2656 prope
755 2606 1027 2641 Maronitarum

373 2662 556 2701 ditionem
577 2660 678 2712 apud
704 2661 786 2699 Liv.
811 2662 1025 2706 xxxviii,

373 2719 423 2760 41
457 2725 493 2755 et
523 2717 694 2756 Priantae
728 2716 829 2767 apud
858 2718 957 2754 Piin.
978 2719 1027 2754 Η.

372 2777 420 2812 Ν.
443 2775 506 2821 1V,
531 2778 576 2815 11
601 2774 702 2822 (18)
734 2775 770 2818 §.
799 2773 866 2812 41.
888 2795 937 2800 —-
970 2775 1026 2809 De

380 2831 564 2870 Ciconibus
585 2831 632 2869 cf.
651 2829 731 2878 vn,
755 2829 807 2870 59
828 2830 1026 2881 ibiq.nott.

354 886 373 905 ὓ
400 884 502 931 2λις
554 879 812 937 ‘EM-widuc
850 878 978 924 τάσδε
1019 881 1331 935 παραμείβετο,
1394 881 1682 936 ΑῙαριόνειαν,

1089 1087 1214 1125 Verba
1233 1088 1290 1138 τῷ
1312 1082 1547 1142 δικαιοτάτῳ
1572 1090 1652 1126 τῶν
1675 1084 1742 1127 λό-

1084 1159 1165 1198 γων
1187 1143 1335 1180 valent:
1367 1145 1554 1182 secundum
1573 1147 1740 1186 rationem

1085 1213 1234 1237 maxime
1262 1213 1378 1237 veram
1401 1214 1431 1238 s.
1464 1214 1493 1237 st
1523 1213 1639 1238 verum
1663 1213 1742 1238 ma-

1085 1258 1176 1294 xime
1195 1260 1333 1306 spectes,
1365 1269 1525 1307 quaeras.
1565 1258 1651 1294 Non
1672 1257 1743 1293 aii-

1085 1320 1143 1380 tes
1186 1314 1266 1361 Vll,
1316 1316 1393 1354 103
1430 1312 1549 1353 παντὶ
1589 1316 1644 1367 τῷ
1682 1313 1745 1353 οἰ-

1088 1384 1188 1408 κοτι.

1304 1458 1396 1509 Cap.
1419 1458 1517 1497 CIX.

1149 1532 1509 1588 ιῖπεξηρασμένον]
1550 1538 1576 1575 i.
1611 1550 1646 1574 e.
1677 1550 1742 1574 ex-

1088 1597 1269 1641 siccatum,
1292 1594 1432 1631 bibendo
1455 1594 1674 1631 exhaustum.
1698 1597 1743 1630 ln

1087 1650 1259 1687 Mediceo
1273 1647 1330 1688 α’,τ
1341 1665 1360 1689 o
1371 1649 1628 1701 ξηρασμένον,
1640 1649 1744 1702 quod

1088 1709 1125 1743 in
1150 1708 1275 1757 plures
1298 1705 1474 1757 deinceps
1495 1707 1639 1743 transiit
1661 1705 1743 1743 ecli-

1088 1765 1231 1809 tiones,
1271 1765 1406 1800 merito
1434 1763 1693 1814 improbatum
1721 1775 1744 1798 a

1086 1822 1321 1856 Buttinanno
1338 1849 1347 1865 ,
1377 1833 1493 1871 quein
1514 1821 1625 1856 citavi
1645 1818 1693 1855 ad
1712 1820 1743 1866 I,

1091 1878 1181 1917 186.
1196 1899 1246 1903 ——
1260 1875 1321 1912 Ad
1341 1876 1598 1913 accusativum
1617 1871 1743 1923 πόλις,

1087 1933 1206 1984 qualis
1227 1931 1330 1969 idein
1351 1933 1389 1968 in
1410 1932 1484 1968 fine
1505 1944 1588 1983 cap.
1603 1962 1612 1978 ‚
1642 1931 1745 1968 conf.

1086 1987 1222 2025 Manli.
1253 1990 1320 2028 Gr.
1357 1990 1422 2028 Gr.
1445 1990 1483 2035 ξ.
1503 1991 1569 2036 80,
1601 1990 1626 2029 6
1655 1999 1743 2038 pag.

1091 2048 1182 2086 180.

1147 2096 1412 2150 Μαρώνειαν]
1427 2097 1600 2136 IiIuronea
1610 2112 1638 2137 S.
1653 2097 1744 2135 Ma-

1086 2160 1187 2193 ronia
1213 2169 1234 2192 a
1256 2156 1456 2192 Cic-onibus
1478 2156 1568 2191 oliin
1589 2153 1741 2191 habita-

1087 2219 1147 2258 ta,
1169 2219 1295 2262 postea
1317 2223 1336 2246 a
1359 2210 1460 2247 Chiis
1481 2209 1652 2257 conditu,
1675 2212 1741 2248 ubi

1087 2281 1228 2303 nomen
1261 2268 1484 2315 Ortagureae
1514 2269 1677 2318 accepit,
1699 2275 1742 2305 ut

1086 2324 1197 2360 trudit
1219 2324 1360 2360 Plinius
1384 2326 1428 2359 Η.
1442 2325 1486 2361 Ν.
1503 2324 1565 2371 IV,
1580 2327 1626 2364 11
1651 2321 1740 2375 (18)

1087 2381 1124 2425 ξ.
1146 2382 1211 2425 42,
1247 2382 1283 2415 in
1310 2382 1464 2428 regione
1485 2381 1573 2418 vino
1595 2382 1740 2430 optimo

1085 2436 1270 2473 celi-bruta
1293 2436 1387 2485 (vid.
1419 2435 1740 2485 Homer.0d‚1x‚

1088 2494 1184 2540 179)
1216 2492 1264 2529 ad
1300 2494 1459 2529 Nestum
1498 2493 1655 2530 fluvium
1683 2494 1741 2530 ia-

1084 2550 1159 2584 cuit
1182 2556 1273 2585 teste
1289 2550 1386 2585 Mela
1407 2550 1453 2596 11,
1477 2552 1502 2588 2
1523 2550 1560 2594 ξ.
1583 2551 1607 2589 8
1635 2555 1671 2585 et
1692 2548 1740 2585 ad

1085 2606 1321 2641 Constantini
1333 2618 1451 2656 usqne
1462 2612 1624 2642 aetatem
1635 2617 1741 2642 coin-

1084 2669 1330 2698 memoratur.
1386 2663 1494 2698 Nunc
1537 2662 1588 2697 ibi
1635 2662 1739 2699 vicus

1084 2716 1281 2765 Marogna.
1339 2716 1423 2756 Vid.
1445 2715 1672 2754 Tzsciiucke
1689 2715 1738 2754 ad

1082 2774 1205 2809 Melae
1225 2775 1250 2810 l.
1272 2774 1296 2810 Ι.
1325 2786 1412 2824 pag.
1434 2775 1505 2814 131
1523 2786 1629 2826 seqq.
1643 2779 1741 2811 nott.

1083 2842 1219 2880 exegg.
1241 2831 1428 2866 Mannert.
1450 2830 1590 2880 Geogr.
1612 2828 1650 2868 d.
1672 2831 1740 2867 Gr.

1856 1494 1868 1603 i

1862 1608 1866 1667 ἱ

1860 1670 1865 1760 J
