1897 3340
646 197 679 232 E
709 197 742 232 R
772 196 806 231 A
837 195 875 231 T
905 196 950 232 o.
1012 195 1084 232 v1.
1429 201 1513 241 267

239 306 370 361 ὁδὸν,
422 305 494 350 διὰ
541 305 732 347 Φωκέων
772 320 817 347 τε
861 304 935 347 καὶ
981 307 1193 347 Βοιωτῶν
1228 304 1382 362 ἤϊσαν·
1437 311 1510 351 καί

241 386 378 430 σφεας
428 372 488 423 ὥς
537 370 685 422 οὐδεὶς
731 369 897 423 ἐκάλεε,
938 370 1232 425 ἐκτράπονται
1271 371 1345 416 ἐπ’
1383 371 1511 431 Ἀθη-

116 438 181 484 35
238 443 362 486 νέων.
417 440 489 483 Ἐν
518 440 564 483 δὲ
592 444 692 497 τῇσι
724 438 931 496 Ἀθήνῃσι
968 444 1207 495 τηνικαῦτα
1237 439 1322 496 εἶχε
1349 441 1429 495 μὲν
1456 441 1507 485 τό
1567 439 1648 467 Μιιιῑ
1656 444 1712 468 mu
1707 453 1741 471 ·n
1768 446 1824 482 C>-

1566 475 1723 509 pseliliiul
1709 487 1772 514 um,

236 514 327 554 πᾶν
368 507 528 560 κράτος
578 509 913 563 Πεισίστρατος,
973 507 1084 563 ἆτοὲρ
1133 507 1395 553 ἐδυνάστευε
1436 510 1511 553 καὶ
1569 509 1683 576 ‡}³,[‚¹¹‚¹¹J
1702 501 1841 574 3¹95?ss
1892 504 1897 546 Ι

1585 585 1658 603 ιιιιι.
1655 585 1711 604 ·ιιιι
1733 580 1769 605 ιΙι·
1774 580 1828 606 ‹ln

234 575 478 632 Μιλτιάδης
507 574 531 619 ὁ
562 576 795 630 Κυψέλου,
826 574 911 619 ἐών
935 576 1074 632 οἰκίης
1103 575 1506 633 τεθριπποτρόφου,
1522 585 1580 619 50

1569 612 1814 639 cer‹=i=b··1=rt=

233 644 286 688 τὰ
316 644 395 700 μὲν
428 642 645 687 ἀνέκαθεν
674 640 755 687 ἀπ’
786 645 956 688 Αἰακοῦ
985 660 1030 688 τε
1067 645 1140 688 καὶ
1170 646 1353 702 Αἰγίνης
1381 661 1509 702 γεγο-
1568 643 1843 714 3³¹11it1'i}.¹.„¹„¹12

1570 713 1651 746 dem,

176 821 205 867 1,
228 821 280 860 36
298 825 335 855 et
349 817 492 856 Athen.
514 818 607 855 XIII
627 832 665 870 p.
693 817 775 860 594
795 820 837 856 F.

176 878 280 913 Haec
302 887 346 912 ea
366 875 549 923 fortasse,
575 875 650 927 quzi
672 874 838 913 Atheni-

177 946 284 971 enses
304 945 409 970 sacra
430 939 469 969 et
498 930 703 984 Pythicam
722 946 839 984 pom-

175 1003 266 1042 pam
275 988 445 1041 Delphos
454 990 669 1038 mittebant,
683 1003 839 1028 memo-

175 1055 255 1084 rata
276 1059 298 1084 a
319 1047 499 1085 Strabon.
519 1048 577 1084 IX
596 1061 635 1098 p.
649 1047 729 1089 646
752 1048 794 1085 C.
807 1061 839 1086 s.

175 1103 258 1145 422
280 1103 353 1142 C.“
378 1103 662 1154 Wesselz'ng.

368 1206 462 1258 Cap.
488 1208 653 1244 XXXV.

236 1276 456 1326 τηνικαῦτα
485 1270 563 1326 εἶχε
595 1272 669 1327 μὲν
697 1270 742 1315 vd
759 1276 843 1315 πᾶν

178 1327 323 1384 κράτος
373 1331 692 1383 Πεισίστρατος]
758 1334 843 1370 Ηοο

177 1389 351 1427 Voemel.
371 1389 397 1426 l.
418 1389 445 1427 l.
468 1401 559 1440 pag.
589 1392 639 1430 13
668 1401 749 1441 seq.
779 1403 844 1426 re-

176 1446 250 1483 fert
270 1445 318 1484 ad
337 1446 491 1498 Olymp.
512 1446 592 1495 LV,
617 1448 635 1486 1
660 1446 739 1484 sive
760 1446 843 1488 560

179 1515 214 1540 a.
238 1502 328 1541 Chr.
349 1516 389 1540 n.
447 1504 554 1549 Quae
575 1504 759 1540 continuo
780 1516 843 1540 se—

179 1567 380 1613 quuntur:
449 1555 547 1612 ἆταρ
603 1556 842 1599 ἐδυνάστευε

176 1615 245 1656 καὶ
275 1612 524 1667 Μιλτιάδης,
554 1617 595 1653 in
615 1617 660 1653 iis
679 1617 843 1654 Floren-

175 1675 297 1722 tinus,
341 1672 536 1711 Mediceus
570 1686 661 1710 cum
692 1673 842 1711 duobus

176 1731 257 1768 aliis
271 1737 358 1768 ante
378 1729 444 1770 καὶ
463 1731 636 1768 inserunt
655 1745 714 1777 τε,
736 1730 842 1783 quod

174 1786 388 1825 Larcherus
421 1789 565 1824 mutari
589 1789 713 1826 voluit
731 1789 772 1825 in
791 1803 841 1828 τι.

174 1843 273 1882 Mihi
300 1851 483 1882 neutrum
497 1846 636 1896 placet.

233 1899 310 1941 ἐών
322 1901 452 1952 οἰκίης
462 1898 838 1953 τεθριπποτρόφου]

175 1959 314 2009 Attigit
362 1965 496 1996 auctor
533 1960 752 2009 argumenti
800 1960 841 1996 in

175 2014 370 2067 Aristoph.
401 2016 530 2053 Nubb.
579 2017 645 2053 Tu
673 2015 773 2053 adde
792 2017 842 2053 sis

169 2085 333 2142 quoque
361 2072 546 2113 Herodot.
583 2070 843 2121 V1,125:0

169 2125 395 2180 Ἀλκμαίων
417 2124 537 2177 οὗτος
557 2126 662 2170 οὕτω
674 2134 845 2182 τεθριπ*

175 2183 435 2238 ποτροφήσας
456 2203 491 2226 κ.
503 2203 535 2227 τ.
553 2190 584 2227 λ.
609 2188 740 2234 Quum
751 2200 842 2224 vero

177 2244 280 2294 apud
311 2245 476 2282 Graecos
507 2245 608 2281 alere
645 2257 764 2297 equos
782 2243 842 2282 ‘ad

176 2300 288 2338 ludos
307 2302 496 2339 solemnes
511 2303 741 2354 plerumque
760 2314 842 2339 non

177 2358 251 2395 nisi
269 2371 481 2409 paucorum
502 2366 624 2407 esset,
654 2360 722 2411 qui
742 2357 842 2397 divi-

179 2415 238 2452 tiis
288 2416 501 2467 opibusque
534 2417 635 2453 inter
673 2422 842 2453 caeteros

181 2472 396 2508 eminerent
415 2478 531 2524 atque
551 2472 740 2510 eiusmodi
760 2480 844 2510 stu-

182 2525 251 2564 diis
271 2527 518 2565 inclarescere
545 2530 700 2577 vellent,
719 2531 845 2568 verbis

183 2580 262 2622 ἐαὶν
312 2584 444 2636 οἰκίης
487 2582 843 2637 τεθριπποτρόφου

184 2641 405 2690 scriptorem
447 2655 601 2694 quoque
651 2642 844 2680 declarare

183 2696 345 2734 voluisse
374 2705 554 2749 apparet,
595 2712 645 2736 ex
671 2699 845 2737 illustris-

183 2752 278 2788 sima
297 2765 341 2790 ac
361 2753 542 2792 ditissima
567 2762 682 2806 gente
701 2756 845 2793 Miltia-

184 2806 272 2844 dem
293 2822 371 2847 esse
398 2818 642 2862 prognatum.
700 2814 758 2850 De
772 2813 845 2850 Al-

896 817 1044 856 cibiade
1064 816 1169 857 haud
1197 819 1384 857 absimilia
1403 833 1567 858 narran-

894 883 958 913 tur
973 889 994 912 a
1014 874 1224 914 Plutarcho
1244 877 1284 913 in
1305 879 1398 915 Eius
1418 879 1494 916 Vit.
1507 892 1565 929 cp.

895 934 965 981 XI,
996 934 1063 971 ubi
1094 932 1172 971 vid.
1204 935 1495 971 annotationem
1524 949 1564 987 p.

898 993 993 1031 117.
1051 991 1111 1027 De
1145 991 1324 1029 Miltiadis
1353 992 1564 1030 maioribus

895 1047 1006 1099 plura
1017 1046 1164 1086 dabunt
1173 1050 1397 1100 interpretes
1408 1049 1456 1086 ad
1468 1050 1565 1086 Cor—-

898 1105 976 1142 uel.
1029 1107 1127 1156 Nep.
1188 1105 1264 1143 Vit.
1330 1106 1491 1144 Miltiad.
1545 1110 1564 1147 1

897 1161 991 1214 ibiq.
1011 1161 1116 1199 laud.
1127 1185 1184 1189 —
1213 1161 1277 1199 Ad
1296 1160 1344 1201 ἰα’
1365 1159 1568 1203 οἷιέκαθεν

900 1219 1001 1257 cons.
1024 1220 1070 1267 V,
1091 1218 1144 1260 55
1165 1220 1296 1271 ibique
1316 1227 1414 1257 nott.

958 1270 1025 1314 ἄπ’
1048 1275 1210 1314 Αἰακοῦ
1234 1290 1276 1315 τε
1299 1275 1367 1315 καὶ
1400 1276 1568 1329 Αἰγίνης

899 1328 1101 1386 γεγονως]
1135 1334 1194 1369 De
1213 1332 1340 1381 Aeaco,
1362 1334 1568 1371 celeberri-

899 1401 965 1426 mo
985 1390 1158 1440 Aeginae
1172 1390 1318 1427 insulae
1337 1389 1456 1428 heroe
1469 1392 1570 1444 ‚qui

899 1447 1018 1496 vulgo
1058 1448 1158 1484 Iovis
1190 1454 1305 1499 atque
1331 1449 1538 1498 Aeginae
1527 1462 1568 1485 ιιι

899 1503 1064 1540 insulam
1072 1503 1266 1554 Aeginam
1285 1501 1468 1542 Phliunte
1490 1506 1569 1555 (te-

900 1566 955 1597 ste
984 1559 1142 1598 Diodor.
1173 1561 1238 1608 IV,
1261 1561 1343 1611 72)
1366 1563 1568 1599 translatae

899 1617 1020 1653 fertur
1040 1617 1161 1666 filius,
1195 1618 1362 1669 plurima
1390 1618 1502 1656 affert
1523 1620 1564 1659 C.

900 1674 945 1711 Ο.
975 1674 1127 1712 Miiller.
1157 1675 1352 1725 Aeginett.
1389 1689 1480 1727 pag.
1513 1679 1567 1716 22

898 1744 1006 1783 seqq.
1038 1732 1126 1770 coll.
1158 1734 1211 1773 12
1241 1745 1348 1784 seqq.
1389 1755 1447 1760 ——
1495 1733 1569 1779 Qui

898 1801 994 1825 mox
1056 1789 1102 1825 ab
1162 1788 1359 1826 Herodoto
1409 1797 1570 1828 vocatur

902 1846 1092 1893 Φιλαῖος,
1123 1846 1154 1882 is
1186 1846 1356 1893 Φιλαίας
1388 1845 1526 1883 dicitur
1546 1860 1567 1883 a

897 1900 1123 1953 Pherecyde
1145 1901 1247 1952 apud
1257 1904 1470 1941 Marcellin.
1491 1905 1568 1944 Vit.

898 1958 1123 2010 Thucydid.
1154 1960 1237 1998 init.
1279 1961 1433 1997 Rectius
1465 1960 1570 2012 apud

896 2015 1150 2053 Plutarchum
1169 2016 1210 2052 in
1237 2016 1373 2054 Solon.
1402 2020 1450 2058 16
1472 2031 1563 2069 pag.

901 2076 954 2115 83
974 2075 1023 2112 D.
1049 2074 1215 2120 Φιλαῖος
1236 2072 1304 2113 καὶ
1321 2069 1570 2127 Εὐρυσάκης

899 2137 1088 2168 vocantur
1113 2131 1262 2168 Aiantis
1289 2131 1380 2181 filii,
1439 2131 1568 2170 Attica

899 2188 1051 2225 civitate
1081 2186 1226 2225 donati.
1283 2189 1343 2226 Ac
1385 2190 1568 2238 Φιλαίου,

898 2244 966 2282 filii
986 2245 1146 2293 Aiautis,
1169 2243 1272 2281 unde
1297 2245 1478 2296 Aegeidis
1499 2248 1568 2284 tri-

897 2302 968 2339 bus
989 2301 1125 2340 demus
1140 2315 1284 2339 nomen
1301 2304 1459 2355 accepit,
1480 2317 1568 2340 me-

897 2360 1010 2396 minit
1041 2372 1196 2411 quoque
1226 2359 1445 2411 Stephanus
1472 2362 1569 2412 Byz.

897 2430 929 2457 s.
950 2430 986 2456 v.
1014 2417 1202 2456 Φιλαΐδαι
1221 2429 1311 2467 pag.
1347 2416 1443 2458 740.
1503 2419 1567 2455 Tu

899 2472 978 2511 vid.
996 2474 1183 2524 imprimis
1201 2474 1409 2521 Pausan.I,
1443 2474 1496 2516 35
1519 2477 1569 2520 -ξ,

901 2533 950 2578 2,
981 2530 1112 2582 ibique
1151 2530 1311 2568 Siebelis
1347 2543 1438 2582 pag.
1474 2533 1567 2572 129.

901 2586 1016 2624 Unde
1034 2585 1248 2624 Larcherus
1267 2586 1369 2624 hanc
1382 2588 1567 2638 genealo—

899 2644 1004 2694 giam
1024 2645 1241 2681 constituit:
1272 2643 1463 2691 Philaeus,
1475 2644 1567 2678 Dai-

900 2701 981 2738 clus
1000 2714 1031 2738 s.
1050 2701 1206 2749 Aeclus,
1234 2700 1444 2752 Epidycns,
1465 2701 1567 2735 Ace-

900 2763 997 2805 stor,
1042 2758 1227 2808 Agenor,
1268 2758 1395 2803 Olins,
1430 2757 1567 2806 Lyces,

900 2811 1097 2865 Typhon,
1142 2814 1277 2860 Laius,
1327 2814 1566 2862 Agamestor,
