1897 3340
112 940 262 969 Diversae
281 940 385 967 deEu-

113 980 182 1009 ryto
199 979 229 1002 et
248 974 361 1001 Aristo-

114 1009 213 1041 demo,
245 1008 388 1035 ambobus

113 1042 283 1077 Spartanis,
318 1050 389 1068 nar-

113 1076 262 1103 rationes.
284 1075 353 1109 nic,

114 1109 192 1144 quod
213 1117 331 1144 pugnae

112 1144 248 1170 consulto
266 1151 324 1170 non
345 1141 390 1170 in-

112 1177 286 1212 terfuisset,
350 1196 353 1200 -

443 190 526 229 784

842 190 1310 228 HERODOTI

614 296 757 342 Μνῆμα
779 295 867 332 τόδε
890 300 1047 333 κλεινοῖο
1072 299 1265 343 Μεγιστία,
1291 295 1337 334 ὅν
1360 311 1451 334 ποτε
1473 301 1604 345 ΙΙΙῆδοι

706 353 908 398 Σπερχειὸν
932 356 1099 400 ποταμὸν
1122 359 1268 390 κτεῖναν
1293 353 1555 400 ἀμειψάμενοι·

615 408 779 454 μάντιος,
807 407 850 450 ὃς
872 410 956 446 τότε
980 413 1095 456 κῆρας
1119 410 1362 455 ἐπερχομένας
1386 411 1491 456 σάφα
1516 413 1637 455 εἰδώς,

708 465 776 501 οὐκ
800 467 882 512 ἔτλη
908 467 1084 512 Σπάρτης
1106 466 1287 513 ἡγεμόνας
1309 471 1513 512 προλιπεῖν.

417 534 770 590 6Ἐπιγράμμασι
809 535 889 591 μέν
929 553 1012 580 νυν
1049 538 1122 579 καὶ
1153 536 1344 593 στήλῃσι,
1375 536 1453 588 ἔξω
1483 537 1511 593 ἢ
1540 537 1588 581 τό
1619 541 1754 581 vomo

441 603 621 659 μάντιος
669 603 933 658 ἐπίγραμμα,
986 601 1294 658 Ἀμφικτυόνες
1341 605 1422 646 εἰσί
1470 615 1606 660 σφεας
1656 607 1700 649 οἷ

442 669 804 725 ἐπικοσμήσαντες
817 684 827 695 ·

885 670 934 713 τὸ
989 670 1036 713 δὲ
1087 675 1171 714 τοῦ
1217 670 1397 726 μάντιος
1443 673 1719 727 Μεγιστίεω,>

443 738 696 793 Σιμωνίδης
736 736 759 781 ὁ
799 736 1084 793 Λεωπρέπεός
1113 737 1202 780 ἐστι
1231 738 1341 781 κατὰ
1372 740 1530 795 ξεινίην
1561 739 1584 783 ὁ
1615 739 1701 783 ἐπι-

442 805 626 860 γράψας.

524 871 622 915 Δύο
663 872 709 915 δὲ
738 871 908 916 τούτων
936 875 1026 915 τῶν
1054 873 1318 928 τριηκοσίων
1347 871 1532 928 λέγεται,
1554 871 1701 927 Εὔρυ-

442 937 521 982 τόν
561 955 603 982 τε
639 941 713 983 καὶ
751 938 1079 996 Ἀριστόδημον,
1117 941 1280 994 παρεὸν
1321 938 1490 983 αὐτοῖσι
1518 939 1702 994 ἀμφοτέ-

447 1018 584 1061 ροισι,
622 1012 759 1066 κοινῷ
787 1008 901 1064 λόγῳ
930 1007 1258 1063 χρησαμένοισι,
1289 1008 1318 1064 ἢ
1346 1007 1630 1063 ἀποσωθῆναι
1660 1007 1757 1051 ὁ-75

443 1078 532 1130 μοῦ
574 1074 618 1125 ές
656 1073 887 1130 Σπάρτην,
930 1073 989 1126 ὠς
1026 1075 1296 1130 μεμετιμένοι
1333 1091 1378 1118 τε
1407 1071 1519 1131 ἦσαν
1547 1074 1595 1117 ἐκ
1623 1078 1703 1117 τοῦ

447 1141 746 1195 στρατοπέδου
783 1141 867 1185 ὑπὸ
908 1144 1148 1192 Λεωνίδεω,
1177 1143 1250 1186 καὶ
1279 1142 1507 1186 κατεκέατο
1537 1142 1584 1186 έν
1609 1139 1705 1184 Ἀλ-

416 1215 626 1266 ἓπηνοῖσι
668 1208 998 1266 ὀφθαλμιῶντες
1034 1210 1076 1262 ές
1105 1210 1153 1254 τὸ
1185 1211 1387 1266 ἔσχατον·
1433 1208 1474 1266 ἢ,
1505 1210 1546 1253 εἴ
1561 1224 1610 1266 γε
1642 1208 1700 1266 μή
1715 1217 1760 1251 80

449 1389 592 1438 Κῆρας
625 1384 913 1439 ἐπερχομένας]
954 1386 979 1423 i.
1012 1399 1044 1423 e.

392 1444 620 1491 accedentem,
649 1447 878 1482 imminentem
897 1447 1046 1481 mortem.

391 1502 551 1538 Locutio
564 1501 784 1545 Homerica,
794 1502 899 1537 cuius
913 1513 1048 1536 exem—

392 1558 455 1608 pla
475 1556 688 1607 suppeditat
707 1558 882 1594 Duncan.
904 1559 942 1593 iu
952 1558 1046 1593 Lex.

392 1626 480 1664 pag.
503 1614 582 1653 625
605 1612 664 1650 ed.
694 1615 799 1650 Rost.
836 1616 1049 1650 Homerum

393 1682 546 1722 quoque
562 1668 706 1705 redolet
726 1670 866 1707 locutio
879 1665 950 1709 οὔκ
963 1668 1050 1720 ἔτλη

391 1739 462 1763 ‘non
483 1727 669 1770 sustinuit,
689 1726 811 1763 noluzt.

445 1777 750 1833 Ἐπιγράμμασι
783 1780 854 1832 μέν
890 1796 966 1820 νυν
983 1778 1052 1819 καὶ

395 1834 576 1890 στήλῃσι]
601 1837 712 1883 Quod
730 1837 921 1875 honorum
931 1850 1050 1888 genus

394 1893 498 1945 apud
527 1896 690 1931 Graecos
719 1907 907 1947 perquam
927 1896 1051 1938 ,usita-

394 1958 479 1988 tum
508 1951 621 1988 fuisse
649 1950 753 1987 haud
782 1964 903 2002 pauca
923 1949 1053 1988 decla-

394 2014 491 2044 rant.
523 2007 632 2045 Conf.
668 2008 954 2045 Westermann.
994 2008 1052 2044 De

393 2065 512 2114 publi.
534 2062 773 2102 Athenienss.
799 2063 953 2101 houorr.
976 2065 1051 2109 §.7

394 2133 434 2170 p.
466 2123 518 2161 23
548 2133 626 2171 seq.
658 2120 774 2171 (Lips.
798 2119 936 2169 1830).
994 2122 1052 2156 De

395 2176 705 2226 Amplez'ctyonz'bus
739 2177 840 2214 conf.
879 2183 974 2214 nott.
1004 2175 1053 2212 ad

396 2232 477 2280 vu,
499 2235 593 2272 213.

555 2320 646 2370 cap.
682 2320 891 2356 ccxxrx.

455 2394 530 2437 δύο
555 2395 598 2436 δὲ
629 2393 807 2445 τούτων]
841 2391 990 2435 τούτων
1011 2395 1049 2435 h.

399 2454 426 2491 Ι.
462 2461 499 2490 et
529 2454 641 2504 paulo
673 2454 826 2489 iuferius
861 2452 947 2489 dedi
983 2466 1051 2503 pro

398 2508 581 2550 τουτέων.
620 2511 662 2546 Iu
685 2511 858 2559 proxime
877 2523 982 2561 seqq.
1005 2509 1053 2546 ad

400 2563 551 2617 παρεὸν
565 2595 575 2614 ,
612 2565 713 2617 quod
735 2567 782 2602 ob
803 2567 921 2602 multa
942 2567 1056 2603 verba

401 2624 594 2660 interiecta
624 2623 718 2658 infra
749 2624 949 2671 repetitur,
978 2622 1056 2659 vid.

402 2687 498 2716 nott.
522 2678 569 2716 ad
590 2679 633 2727 V,
653 2678 719 2719 49.
767 2680 845 2714 Nec
861 2680 966 2715 aliter
976 2680 1056 2727 vll,

405 2739 487 2775 230
510 2731 626 2782 ἐξεόν.
684 2734 745 2771 Ad
776 2748 885 2771 voces
907 2749 1056 2785 μεμετι-

405 2789 518 2842 μένοι
534 2786 637 2843 ἧσαν
654 2791 741 2842 (pro
765 2789 857 2831 ἕσαν
877 2792 928 2828 sio
950 2791 1055 2839 dedi)

1102 1384 1179 1425 vid.
1208 1383 1343 1422 Maith.
1373 1385 1439 1422 Gr.
1461 1385 1527 1424 Gr.
1557 1386 1595 1432 §.
1617 1384 1711 1433 214,
1734 1387 1760 1426 3

1102 1456 1190 1493 pag.
1212 1440 1306 1481 408.
1363 1444 1421 1478 De
1440 1442 1570 1493 Alpeno
1589 1441 1666 1479 vid.
1678 1442 1760 1491 Vn,

1107 1501 1198 1539 176.
1219 1498 1388 1535 Verbum
1407 1502 1671 1538 κατακεῖσθαι
1688 1499 1762 1535 ali-

1105 1555 1252 1606 quoties
1282 1555 1322 1590 in
1350 1557 1397 1592 N.
1419 1556 1468 1592 T.
1491 1556 1675 1606 reperitur
1696 1567 1763 1591 ea-

1105 1610 1194 1647 dem
1209 1611 1482 1660 significatione
1504 1610 1551 1648 dc
1571 1615 1764 1660 aegrotan-

1106 1668 1220 1714 tibus,
1254 1670 1316 1716 qui
1334 1670 1451 1704 iacent
1482 1670 1518 1704 in
1543 1668 1640 1716 lecto,
1661 1675 1704 1704 ut
1724 1681 1762 1705 v.

1107 1737 1140 1761 c.
1169 1725 1288 1760 Marc.
1318 1725 1349 1772 1,
1371 1726 1437 1764 30.
1460 1725 1509 1768 ΙΙ,
1531 1722 1570 1764 4.
1598 1725 1692 1761 Luc.
1715 1723 1762 1771 V,

1106 1781 1173 1821 25.
1232 1779 1318 1816 vid.
1345 1781 1536 1818 wetsten.
1566 1781 1617 1817 T.
1637 1782 1653 1817 l
1674 1792 1763 1831 pag.

1108 1835 1203 1877 555.
1262 1838 1341 1873 Nec
1371 1837 1478 1873 aliter
1497 1837 1624 1874 Latini
1651 1839 1765 1874 iacere

1108 1899 1145 1929 et
1166 1893 1291 1930 cubare
1301 1891 1444 1941 dicunt,
1464 1893 1562 1929 bene
1582 1899 1764 1930 mouente

1109 1947 1362 1987 Schleusuero
1401 1950 1442 1986 in
1469 1950 1600 1987 Lexic.
1633 1951 1681 1987 N.
1719 1949 1762 1986 F.

1107 2018 1137 2042 s.
1168 2020 1206 2044 v.

1166 2057 1471 2112 ὀφθαλμιῶντες
1502 2059 1542 2107 ἒς
1576 2056 1619 2099 τὸ
1648 2057 1760 2109 ἔσχα-

1107 2120 1195 2167 τον]
1216 2119 1320 2154 Valla
1341 2116 1553 2153 reddiderat
1572 2119 1761 2153 extremam

1109 2174 1365 2224 lippitudinem.
1422 2169 1605 2208 Valcken.
1626 2170 1760 2208 lauda-

1106 2237 1210 2266 verat
1230 2226 1421 2279 Aristoph.
1447 2227 1548 2264 Plut.
1575 2228 1652 2268 115
1675 2223 1762 2280 (qui

1109 2284 1156 2321 de
1191 2286 1354 2321 coecitate
1397 2280 1626 2334 ὀφθαλμίας
1667 2297 1761 2320 voce.

1108 2340 1243 2389 utitur)
1266 2341 1351 2376 coll.
1373 2341 1469 2377 Plat.
1492 2341 1609 2389 Gorg.
1630 2353 1668 2390 p.
1681 2340 1762 2380 496

1108 2398 1157 2433 A.
1180 2396 1321 2433 Athen.
1342 2397 1392 2433 VI
1412 2410 1450 2446 p.
1471 2399 1552 2436 223
1573 2398 1616 2432 C.
1639 2397 1764 2447 Equi-

1110 2452 1199 2490 dem
1219 2454 1351 2489 malim
1370 2451 1555 2489 Herodoti
1567 2451 1682 2490 verba
1701 2453 1763 2487 in-

1111 2511 1282 2559 telligere
1311 2509 1358 2546 de
1386 2509 1560 2545 oculorum
1594 2506 1762 2560 quodam

1112 2567 1224 2603 morbo
1244 2579 1346 2615 eoque
1369 2568 1478 2614 gravi
1502 2578 1545 2603 ac
1564 2564 1761 2601 vehementi.

1112 2625 1195 2660 Hoc
1225 2623 1327 2658 enim
1360 2621 1500 2658 indicat
1531 2619 1703 2657 additum
1723 2619 1763 2666 ἐς

1112 2676 1157 2718 τὸ
1187 2677 1370 2728 ἔσχατον,
1401 2676 1516 2729 quod,
1554 2677 1651 2713 bene
1688 2689 1762 2712 uo-

1113 2741 1216 2772 tante
1237 2734 1433 2780 Valcken„
1455 2735 1494 2770 in
1514 2734 1621 2770 malis
1644 2733 1763 2770 vitiis-

1114 2805 1189 2844 que
1219 2792 1376 2828 omnino
1403 2791 1497 2841 poni
1514 2790 1620 2828 solet.
1652 2788 1762 2826 Couf.

1876 2774 1891 2859 k
