1897 3340
625 196 929 235 ERATO.
991 197 1062 232 Vl.
1398 199 1479 238 251

180 309 519 365 δέξεινῶθησαν.
580 306 724 350 Οὐδὲν
755 304 920 361 ὁμοίως
957 304 1030 347 καὶ
1060 302 1300 359 Ἀθηναῖοι.
1357 301 1477 360 Ἀθη-

208 382 328 420 ναῖοι
374 377 453 431 μὲν
489 375 572 430 γὰρ
621 375 757 430 δῆλον
809 374 1018 427 ἐποίησαν
1075 370 1476 426 ὑπεραχθεσθέντες

207 449 260 502 τῇ
298 442 500 498 [Μιλήτου
539 440 720 494 ἁλώσει,
765 444 819 498 τῇ
848 456 892 483 τε
922 438 1031 495 ἄλλῃ
1061 441 1277 492 πολλαχῆ,
1314 440 1388 483 καὶ
1417 439 1471 496 δὴ

207 512 278 554 καὶ
305 508 536 564 ποιήσαντι
557 510 761 565 Φρυνίχῳ
792 511 934 564 δρᾶμα
957 505 1161 563 Μιλήτου
1190 505 1368 561 ἅλωσιν,
1397 508 1473 552 καὶ
1483 514 1529 548 7ο

149 718 356 755 Timaeum
375 715 491 764 fides,
531 729 580 752 ex
603 716 712 753 lanae
731 717 809 753 Mi-

148 776 260 811 lesiae
280 774 470 826 frequenti
491 772 593 824 apud
614 773 809 825 Sybaritas

148 844 216 867 usu
227 837 342 883 atque
355 831 584 868 commercio
600 833 720 881 repeti
741 830 810 868 de-

149 888 224 925 bet.
279 886 367 925 Vid.
406 885 550 924 Athen.
578 888 665 934 XII,
690 890 741 928 17
768 902 808 939 p.

148 944 229 986 519
251 942 294 984 C.
323 942 589 981 ConfiUllrich
599 945 656 980 De
666 957 811 996 proxe-

146 1001 209 1037 nia
231 999 429 1049 (Berolin,
454 1002 588 1051 1832)
618 1014 707 1052 pag.
738 1001 806 1048 25,

147 1057 211 1109 qui
242 1057 340 1094 bene
366 1056 441 1094 hoc
470 1058 554 1094 loco
586 1059 724 1105 utitur,
763 1064 806 1095 ut

147 1126 196 1150 ex
217 1126 293 1165 quo
312 1121 460 1165 pateat,
491 1115 660 1152 civitates
691 1116 807 1151 etiam

148 1183 238 1208 cum
250 1171 461 1208 civitatibus
472 1170 569 1219 (non
579 1173 704 1209 solum
716 1184 806 1208 oum

146 1228 302 1278 singulis
331 1227 578 1278 hominibus)
613 1228 809 1266 interdum

147 1283 444 1335 hospitalitatem
463 1292 641 1322 mutuam
670 1286 808 1322 iniisse.

146 1341 205 1377 De
248 1342 337 1378 lana
373 1342 519 1378 Milesia
565 1343 809 1394 vestibusque

147 1399 314 1447 Milesiis,
337 1411 436 1450 quae
457 1399 624 1449 optimae
653 1412 696 1436 ac
717 1412 806 1450 pre-

148 1456 368 1492 tiosissimae
390 1454 641 1503 habebantur,
664 1457 711 1493 ab
732 1455 807 1493 ho-

146 1511 312 1549 minibus
341 1513 519 1549 mollibus
557 1520 594 1549 et
634 1514 808 1549 luxuriae

147 1567 281 1605 deditis
299 1571 437 1619 gestari
455 1569 607 1616 solitae,
628 1570 738 1620 plura
758 1568 807 1606 ad

145 1625 340 1662 Plutarchi
359 1625 547 1663 Alcibiad.
568 1640 607 1677 p.
632 1625 710 1667 194
724 1639 804 1679 seq.

146 1680 347 1732 disputavi.

199 1733 412 1790 Ἀθηναῖοι
452 1737 526 1790 μὲν
562 1735 636 1790 γὰρ
681 1739 806 1791 δῆλον

144 1793 338 1846 ἐποίησαν
356 1810 392 1834 κ.
411 1810 446 1834 τ.
475 1796 528 1843 λ.]
559 1794 697 1833 Incidit
729 1794 805 1833 hoc

146 1858 239 1888 teste
258 1851 438 1891 Larcher.
459 1853 500 1888 in
521 1851 806 1890 Tab.chrouol.

143 1920 232 1959 pag.
253 1911 332 1949 638
346 1916 383 1946 et
401 1908 619 1946 Blomfield.
634 1910 675 1946 iu
686 1911 807 1946 Prae-

143 1965 209 2004 fat.
231 1965 281 2002 ad
300 1965 481 2017 Aeschyl.
502 1967 608 2003 Pers.
630 1979 718 2018 pag.
738 1967 805 2015 VI,

142 2022 182 2058 in
202 2022 356 2075 Olymp.
375 2024 500 2070 LXX,
530 2023 557 2063 4
591 2036 621 2060 S.
641 2023 737 2064 497.
750 2023 755 2043 ⁴
768 2036 805 2061 a.

150 2078 240 2117 Chr.
260 2093 301 2116 n.
359 2082 488 2132 Atque
517 2079 654 2117 eadem
684 2080 806 2117 eCal—

144 2135 308 2173 listhene
333 2139 463 2175 retulit
493 2138 632 2175 Strabo
654 2138 745 2174 XIV
764 2151 804 2189 p.

145 2191 226 2233 942
245 2194 292 2230 Β.
312 2207 342 2230 s.
362 2208 400 2245 p.
422 2197 502 2236 656
535 2195 623 2231 coll.
651 2195 806 2233 Aelian-

145 2247 190 2286 V.
211 2251 261 2287 H.
281 2252 385 2299 xm,
410 2254 473 2299 17,
502 2252 569 2288 ubi
593 2250 672 2288 vid.
693 2252 805 2288 Peri—

146 2319 247 2355 zon.‚
267 2309 374 2345 cuius
395 2315 509 2345 notae
529 2309 694 2346 Wessel.
715 2308 805 2346 addi

146 2364 226 2400 vult
264 2365 427 2402 Bentlei.
455 2366 630 2417 Epistoll.
660 2364 804 2402 Phala-

145 2418 216 2456 rid.
245 2433 285 2471 p.
320 2421 415 2462 255.
447 2421 513 2460 Cr.
535 2423 683 2460 confert
702 2423 803 2459 Am-

145 2478 263 2514 mian.
301 2477 471 2515 Marcell.
503 2481 681 2527 XXVIII,
717 2483 758 2524 1,
779 2478 806 2520 4

147 2539 184 2569 et
203 2532 251 2570 ad
272 2547 363 2570 eum
381 2534 642 2586 Lindenbrog.
664 2549 703 2587 p·
723 2539 806 2577 212

147 2587 208 2625 ed.
235 2591 383 2641 Wagn.
430 2613 489 2627 —r
551 2592 614 2628 Ad
651 2593 807 2643 partici-

148 2645 255 2694 pium
290 2646 662 2699 ὑπεραχθεσθέντες
702 2649 807 2687 conf.

148 2699 282 2738 Matth.
303 2704 369 2740 Gr.
390 2706 457 2742 Gr.
478 2718 566 2756 pag.
591 2707 698 2746 1077
711 2734 721 2752 ,
743 2706 808 2757 qui

149 2755 251 2793 idem
283 2771 371 2809 pag.
405 2765 507 2802 1301
553 2761 810 2800 consulendus

150 2813 198 2849 ob
219 2821 405 2852 mutatam
425 2818 630 2855 verborum
645 2825 810 2857 structu-

863 728 948 752 ram
967 716 1008 752 in
1027 727 1134 766 seqq.
1167 720 1202 750 et
1230 726 1320 765 pag.
1350 715 1460 754 1109
1480 712 1527 750 de

864 773 1062 824 participio
1082 767 1309 822 ποιήσαντι.
1359 769 1422 807 Ad
1439 784 1528 807 ver-

866 831 960 867 bum
981 823 1185 869 διδάσκειν
1202 827 1304 864 conf.
1319 833 1416 865 nott.
1437 827 1526 877 adl,

866 889 919 928 23
934 893 971 923 et
983 885 1029 923 de
1042 884 1169 922 dativo
1183 885 1379 937 δραχμῇσι
1388 883 1528 922 Matth.

866 944 933 981 Gr·
955 944 1022 980 Gr·
1041 955 1130 994 pag.
1148 944 1244 982 751.
1272 941 1445 978 Wurmii
1464 955 1528 978 ra—

862 1001 984 1037 tiones
994 1001 1025 1037 si
1034 1000 1242 1051 sequimur,
1261 999 1367 1034 mille
1388 996 1529 1035 drach-

862 1070 949 1093 mae
978 1057 1208 1093 constituent
1227 1068 1422 1092 summam
1445 1054 1523 1095 241

862 1112 1038 1151 Thalerr.
1059 1116 1084 1154 7
1096 1114 1223 1150 Gross.
1243 1113 1322 1149 sive
1339 1110 1528 1153 4341210-

864 1184 975 1207 renn.
1009 1172 1058 1211 18
1086 1170 1295 1219 Cruciger„
1326 1170 1413 1205 satis
1440 1181 1528 1205 ma-

865 1240 986 1278 gnam
1013 1227 1120 1263 illam
1149 1225 1310 1279 quidem
1347 1238 1416 1276 pro
1455 1226 1528 1262 illis

865 1284 1116 1335 temporibus.

921 1339 990 1380 καὶ
1000 1336 1216 1391 ποιήσαντι
1235 1337 1442 1392 Φρυνίχῳ]
1453 1337 1528 1384 Qui

864 1395 1109 1449 Phrynichus
1118 1397 1282 1447 tragicus
1294 1402 1407 1446 poeta
1427 1396 1527 1432 circa

864 1466 1012 1491 annum
1040 1454 1124 1495 512
1151 1467 1185 1490 a.
1217 1451 1306 1490 Chr.
1327 1466 1367 1490 n.
1387 1451 1527 1489 florens

863 1511 962 1547 bene
997 1509 1269 1548 discernendus
1302 1517 1358 1546 est
1384 1510 1431 1546 ab
1453 1510 1527 1546 alio

862 1566 1086 1619 Phrynicho
1115 1567 1285 1614 comico,
1335 1567 1401 1618 qui
1439 1573 1528 1602 ante

862 1623 1162 1676 Aristophanem
1209 1624 1357 1660 fabulas
1400 1621 1526 1659 Athe-

861 1682 920 1718 nis
951 1680 1125 1719 docuisse
1152 1681 1285 1717 fertur.
1321 1709 1324 1712 .
1351 1681 1418 1717 Tu
1448 1679 1529 1717 vid.

861 1739 1105 1789 potissimum
1123 1739 1291 1775 Passow.
1311 1738 1352 1772 in
1381 1737 1528 1774 Melett.

862 1797 961 1832 critt.
981 1797 1022 1832 iu
1047 1793 1230 1846 Aeschyli
1254 1796 1388 1831 Persas
1411 1793 1528 1843 (Vra-

862 1852 937 1889 tisl.
955 1853 1079 1902 1828)
1091 1864 1180 1903 pag.
1202 1854 1227 1892 7
1249 1858 1286 1888 et
1307 1851 1350 1887 C.
1371 1852 1401 1888 Ι.
1414 1849 1528 1887 Hoff-

862 1921 997 1949 mann.
1017 1910 1058 1945 in
1066 1907 1190 1945 Iahnii
1216 1915 1252 1944 et
1264 1907 1431 1944 Seebod.
1443 1908 1528 1943 An-

862 1966 939 2002 nal.
971 1966 1109 2017 Suppl.
1137 1966 1185 2012 Π,
1217 1967 1235 2004 1
1259 1960 1349 2015 pag.
1369 1963 1436 2004 40.
1458 1962 1526 2004 41.

863 2023 1008 2068 Quibus
1047 2022 1143 2059 haec
1179 2021 1342 2060 Creuzer.
1377 2020 1526 2058 adiicit:

861 2081 920 2115 De
963 2077 1185 2131 Phrynicho
1233 2079 1379 2128 tragico
1427 2076 1528 2114 adde

862 2134 1031 2174 Schoell.
1063 2138 1104 2173 iu
1134 2137 1229 2176 Hist.
1254 2134 1358 2172 dela
1375 2136 1528 2172 Litera-

861 2200 946 2230 ture
976 2195 1153 2245 Grecque
1178 2194 1215 2229 Π
1244 2205 1332 2243 pag.
1360 2194 1466 2232 1619
1487 2198 1528 2229 et

863 2251 1048 2288 Clintonis
1079 2251 1181 2288 Fasti
1219 2250 1410 2286 Hellenici
1434 2262 1526 2300 pag.

861 2309 998 2345 XXXI
1017 2315 1098 2345 not.
1125 2315 1153 2355 t,
1174 2308 1241 2344 ubi
1262 2308 1378 2343 etiam
1390 2305 1526 2343 deeius

862 2372 984 2402 aetate
1022 2372 1136 2417 atque
1169 2365 1275 2401 obitu
1307 2365 1346 2399 in
1372 2363 1526 2411 Sicilia3

862 2421 1083 2474 ibidemque
1119 2434 1141 2457 a
1171 2423 1346 2471 Kriigero
1366 2418 1526 2456 laudatt.

861 2478 1048 2515 Meinekii
1075 2479 1231 2524 Quaest.
1267 2490 1397 2515 sceun.
1430 2477 1466 2513 Π
1485 2490 1525 2527 p.
1541 2486 1548 2490 ’

863 2539 888 2577 6
909 2549 988 2587 seq.
1055 2537 1113 2572 Ac
1153 2535 1344 2585 trag-icum
1371 2542 1526 2585 poetam

863 2606 930 2629 cur
945 2593 1198 2630 Athenienses
1216 2599 1412 2642 tantopere
1424 2590 1527 2626 mul-

866 2650 1003 2686 ctarint
1023 2651 1054 2686 si
1074 2650 1158 2702 quis
1179 2655 1355 2701 quaerat,
1386 2654 1524 2683 tenen-

867 2704 962 2743 dum
991 2707 1149 2757 opinor,
1189 2704 1441 2742 Athenienses
1463 2703 1524 2738 lu-

867 2762 923 2799 dis
943 2764 1100 2800 scenicis
1120 2762 1332 2813 fabulisque
1353 2759 1525 2796 maxime

868 2821 1041 2871 quamvis
1073 2818 1239 2864 deditos,
1277 2815 1440 2854 modum
1466 2821 1525 2851 ta-
