1897 3340
285 514 383 559 173

111 575 166 636 ⁴nied
190 576 384 613 (zoi-udabl

131 585 260 670 t{secde
263 612 384 640 stiuttos

150 648 284 679 mereim

444 206 528 246 710

844 205 1305 244 HERODOTI

444 312 574 368 »ἡμῖν
613 309 821 367 οὐδεμίαν
858 311 946 357 οἷοί
984 312 1028 357 τέ
1065 313 1156 357 ἐστε
1189 313 1476 370 προσφέρειν·
1522 312 1696 370 οὐδαμοὶ

443 380 553 436 ,,γοὶρ
585 378 825 436 ἀδυνασίης
853 379 1022 438 ἀνάγκη
1041 381 1234 436 κρέσσων
1255 381 1365 437 ἔφυ·
1394 379 1516 437 ἡμεῖς
1536 381 1581 426 δὲ
1609 398 1697 426 πει-

443 445 697 503 ,,ρησόμεθα
747 445 877 491 αὐτοί
921 466 1020 493 τινα
1069 451 1287 507 σωτηρίην
1332 448 1698 505 μηχανεώμενοι’.“

445 518 590 558 Ταῦτα
635 515 782 571 ἔλεγον
824 517 868 559 οἱ
911 520 1132 561 Θεσσαλοί.

441 586 578 625 ταῦτα
607 581 925 638 ἐβουλεύσαντο
955 583 998 634 ἐς
1017 585 1258 641 Θεσσαλίην
1279 583 1461 639 πέμπειν
1486 583 1595 628 κατὰ
1619 585 1699 628 θά-

1195 519 1248 560 Οἰ
1286 516 1550 573 δὲἝλληνες
1589 515 1754 571 πρόςΊΟ

413 654 612 693 Ξλασσαν
641 648 770 702 πεζὸν
804 649 1004 704 στρατόν,
1034 649 1282 704 φυλάξοντα
1303 651 1380 706 τὴν
1409 652 1604 708 ἐσβολήν.
1641 649 1700 704 ὦς

442 717 487 761 δὲ
509 715 744 773 συνελέχθη
766 714 788 760 ὁ
811 717 1002 773 στρατὸς,
1020 717 1136 760 ἔπλεε
1156 717 1209 761 δι’
1238 718 1462 773 Εὐρίπου·
1494 717 1700 775 ἀπικόμε-

442 799 520 834 νος
551 783 597 827 δὲ
625 788 701 840 τῆς
725 782 911 842 Ἀχαιίης
940 784 982 836 ἐς
1002 783 1154 836 Ἅλον,
1193 783 1365 842 ἀποβοὶς
1395 786 1627 843 ἐπορεύετο
1657 787 1701 839 ἐς

386 1001 420 1040 S
429 1016 447 1040 c
460 1001 482 1039 h
491 1015 521 1040 w
532 1015 548 1040 e
563 1005 578 1040 ι’
588 1016 614 1052 g
626 1003 658 1040 k.

387 1060 606 1109 simpliciter
626 1062 677 1096 sic
699 1059 935 1098 reddiderat:
969 1058 1043 1098 Nec

387 1115 528 1162 debetis,
542 1129 648 1166 neque
662 1129 809 1166 aequum
828 1119 906 1165 eric,
928 1124 1042 1169 atque

761 1004 1040 1055 Wesselingius

319 1191 322 1195 ·
386 1171 586 1209 Reiskius:
632 1173 769 1210 nullum
787 1174 885 1210 vobis
916 1175 1042 1211 estius

386 1231 420 1265 et
434 1227 498 1278 fas
524 1241 582 1266 nos
601 1231 710 1266 armis
730 1229 889 1278 cogendi.
936 1231 1041 1276 Quae

384 1285 556 1336 sequitur
575 1287 761 1322 sententia
782 1283 938 1336 ου’δαμοέ
972 1287 1042 1334 (sic

385 1341 516 1410 scripsi
535 1355 604 1392 pro
626 1337 814 1393 οὐδαμᾶ)
845 1339 919 1394 γοέρ
942 1338 1041 1382 nidv-

386 1398 529 1447 νασίης
558 1393 712 1462 οἷναγκη
755 1398 931 1463 κρέσσων
967 1398 1042 1448 ε’φυ

387 1460 522 1504 sponte
556 1454 596 1489 in
627 1456 854 1492 memoriam
892 1462 1046 1493 revocat

386 1510 747 1548 Iurisconsultorum
782 1509 898 1547 illud:
947 1512 1045 1548 ultra

379 1577 482 1615 posse
527 1579 624 1603 nemo
663 1567 858 1616 obligatur.
941 1568 1045 1604 Infra

384 1622 485 1669 v111,
510 1625 584 1662 111
616 1622 754 1659 Andrii
781 1623 933 1660 dicunt:
974 1619 1045 1663 ου’-

386 1675 520 1717 δέκοτε
551 1674 626 1730 γοῖρ
650 1681 722 1729 τῆς
754 1677 913 1718 ἓωυτων
944 1675 1044 1719 οἷδυ-

386 1734 534 1785 ναμίης
550 1731 625 1785 τήν
656 1730 895 1786 Ἀθηναίων
918 1731 1045 1775 δύνα-

391 1805 461 1840 μιν
487 1787 588 1829 εἶναι
621 1790 787 1842 κρέσσω.
844 1791 906 1828 Ad
939 1799 1044 1829 stiu-

388 1852 536 1883 cturam
566 1847 673 1884 verbi
705 1845 975 1901 πειρησόμεθα
995 1849 1042 1887 cf.

388 1903 470 1952 VH,
502 1904 594 1944 139.

557 1992 651 2043 Cap.
673 1992 881 2031 CLXXIII.

444 2066 546 2121 πρός
591 2073 713 2110 ταῦτα
740 2067 1042 2124 ἐβουλεύσαντο]

390 2125 448 2161 De
482 2128 759 2176 praepositione
806 2126 906 2180 πρός
944 2130 1045 2170 conf.

391 2180 525 2218 Matth.
548 2184 613 2220 Gr.
636 2185 700 2220 Gr.
723 2185 759 2228 §.
785 2187 886 2225 1181
911 2186 1041 2229 §.591

391 2237 426 2275 ὃ.
449 2244 484 2273 et
505 2238 648 2278 Herod.
670 2240 750 2285 VII,
774 2240 866 2279 175.
896 2239 957 2275 Ad
982 2252 1044 2275 ar-

389 2300 619 2341 gumentum
656 2294 729 2330 loci
772 2294 849 2331 vid.
885 2293 1042 2332 Diodor.

390 2348 508 2385 Sic-11.
529 2350 597 2395 xl,
619 2347 658 2386 4.

447 2402 555 2443 ἔπλεε
580 2399 628 2443 δι’
644 2400 847 2456 Ειῗρίπου]
879 2405 978 2441 Mela
995 2407 1040 2453 11,

390 2462 416 2500 7
427 2461 518 2505 §.9:
535 2460 935 2510 „Euboea—angusto
949 2462 1042 2498 freto

391 2514 534 2552 distata
556 2517 675 2552 litore.
710 2517 873 2566 Euripon
895 2526 1042 2565 vocant,

390 2571 565 2623 rapidum
575 2585 690 2618 mare,
720 2580 755 2609 et
777 2575 1043 2611 alternocursu

389 2630 524 2679 septies
545 2628 604 2666 die
625 2641 667 2665 ac
688 2630 822 2680 septies
838 2638 949 2666 nocte
972 2631 1044 2667 ssu-

392 2686 512 2722 ctibns
534 2685 698 2722 invicem
713 2687 837 2732 vorsis,
860 2685 954 2722 adeo
971 2689 1041 2723 im-

393 2741 543 2778 modice
573 2741 706 2789 fluens,
727 2748 769 2778 ut
785 2749 915 2778 ventos
931 2745 1043 2780 etiam

392 2811 434 2834 ac
456 2799 568 2848 piena
591 2799 710 2836 ventis
720 2799 869 2849 navigia
892 2800 1041 2837 irum-e-

1098 1004 1200 1043 tur.“
1257 1002 1321 1041 Ad
1353 1016 1469 1056 quem
1508 1005 1638 1042 locum
1665 1007 1755 1057 plu-

1099 1061 1195 1097 rima
1228 1059 1275 1097 de
1304 1061 1400 1097 freto
1432 1073 1475 1097 au
1505 1062 1752 1100 celeberrilno

1097 1117 1164 1154 illo
1185 1117 1374 1154 fluctuum
1395 1123 1501 1154 aestu
1520 1119 1754 1168 reciprocos.

1097 1173 1207 1210 fluxu
1246 1186 1289 1210 ac
1328 1173 1478 1210 refluxu
1519 1172 1757 1224 disputarunt

1100 1229 1208 1267 Voss.
1221 1237 1257 1266 et
1268 1228 1486 1267 Tzschuck.
1499 1229 1757 1281 (nott.exegg,

1098 1300 1138 1337 p.
1162 1288 1243 1328 686
1267 1286 1392 1338 seqq.)
1430 1293 1604 1323 veterum
1636 1288 1756 1324 allatis

1100 1343 1324 1379 testimoniis
1341 1372 1351 1390 ‚
1390 1343 1431 1378 in
1452 1343 1587 1394 quibus
1608 1344 1757 1394 potissi-

1099 1412 1210 1435 mum
1232 1398 1334 1436 conf.
1361 1398 1487 1436 Strab.
1514 1400 1572 1435 IX
1604 1413 1643 1450 p.
1676 1398 1756 1440 403

1101 1468 1131 1492 s.
1154 1457 1234 1495 618
1267 1455 1310 1491 C.
1330 1456 1348 1490 I
1378 1469 1416 1506 p.
1437 1454 1490 1495 55
1511 1469 1541 1493 s,
1562 1469 1600 1506 p.
1630 1454 1684 1509 95
1711 1456 1758 1492 B.

1100 1509 1203 1547 Add.
1234 1509 1376 1548 Herod.
1415 1512 1514 1559 VIII,
1544 1515 1582 1552 7.
1633 1509 1758 1548 Hodie

1101 1568 1162 1605 vel
1183 1565 1346 1617 Egrz'pos
1361 1574 1528 1616 vocatur,
1548 1568 1609 1605 vel
1627 1568 1757 1604 Italico

1102 1622 1284 1660 idiomate
1308 1623 1440 1660 Strette
1463 1623 1502 1661 da·
1523 1622 1756 1674 Negroponte.

1104 1679 1214 1717 Conf.
1236 1678 1422 1718 Dodwell.
1450 1681 1558 1717 Reise
1580 1679 1617 1717 d.
1646 1681 1758 1717 Grie·

1102 1735 1228 1773 cheul.
1261 1737 1310 1784 ΙΙ,
1345 1738 1362 1776 1
1388 1749 1470 1786 cap.
1492 1739 1546 1776 20
1565 1749 1655 1787 pag.
1676 1736 1757 1778 248

1100 1806 1181 1844 seq.
1202 1805 1300 1829 vers.
1320 1805 1471 1832 vernae.

1156 1850 1228 1898 τῆς
1247 1844 1422 1899 Ἀχαιίης
1438 1847 1478 1894 ἔς
1501 1844 1660 1897 ”Αλον]
1694 1849 1753 1885 Cf.

1102 1903 1239 1943 suidas
1260 1917 1289 1941 s.
1311 1919 1348 1942 v.
1368 1900 1496 1950 Ἀλεῖς
1515 1906 1532 1940 I
1553 1917 1640 1955 pag.
1664 1907 1754 1945 107.

1099 1961 1274 1999 Acluteam
1294 1959 1333 1997 h.
1356 1961 1382 1998 l.
1401 1961 1587 2011 iutelligit,
1602 1960 1755 1998 Phthio-

1099 2018 1218 2064 tidem,
1241 2016 1289 2053 de
1310 2017 1383 2069 quai
1404 2016 1481 2054 vid.
1501 2022 1596 2057 nott.
1609 2015 1656 2053 ad
1672 2017 1752 2064 VII,

1104 2075 1197 2113 132.
1226 2074 1316 2110 Acus
1335 2086 1366 2113 s.
1386 2072 1508 2110 Halus
1527 2070 1589 2108 hic
1609 2085 1688 2108 non
1709 2085 1753 2108 ea

1102 2142 1179 2165 esse
1192 2135 1325 2178 potest,
1347 2141 1462 2178 quam
1482 2129 1670 2165 Homerus
1680 2141 1755 2165 no-

1100 2185 1154 2221 vit
1175 2182 1234 2235 (11.
1255 2185 1302 2231 11,
1334 2185 1433 2231 68⁶2)
1456 2184 1495 2219 iu
1515 2182 1673 2221 Achillis
1693 2183 1753 2221 di-

1100 2240 1204 2275 tione
1227 2238 1274 2275 ad
1294 2238 1574 2291 Amphryssum
1594 2241 1754 2279 fluvium

1099 2296 1209 2331 sitam
1238 2297 1277 2331 in
1309 2296 1442 2332 Crocio
1483 2309 1639 2348 campo,
1677 2296 1753 2349 quei

1100 2350 1237 2402 Othrys
1263 2365 1374 2389 mons
1395 2354 1588 2402 exsurgit,
1621 2352 1688 2390 sed
1708 2366 1753 2390 ea

1100 2409 1230 2455 Iialus,
1251 2421 1349 2460 quae
1364 2415 1468 2445 extra
1482 2410 1607 2446 sinum
1617 2410 1753 2446 Malia-

1100 2477 1189 2500 cum
1210 2466 1322 2501 maris
1343 2477 1430 2501 orae
1450 2464 1612 2502 adiacuit
1627 2467 1752 2502 aPte-

1100 2521 1159 2556 leo
1196 2528 1307 2571 portu
1342 2528 1487 2558 remota
1507 2528 1663 2558 centum
1691 2523 1750 2560 vi-

1098 2578 1191 2626 ginti
1209 2576 1346 2623 stadiis,
1368 2585 1409 2614 ut
1430 2584 1560 2614 auctor
1579 2584 1632 2614 est
1641 2574 1750 2615 Stra-

1099 2634 1148 2669 bo
1176 2634 1234 2668 IX
1254 2647 1290 2683 p.
1313 2636 1395 2674 662
1424 2634 1470 2671 Α.
1499 2647 1529 2672 s.
1550 2646 1636 2683 pag.
1656 2633 1748 2674 433.

1099 2690 1212 2725 Plura
1226 2687 1454 2726 Tzschucke
1475 2688 1522 2725 ad
1542 2690 1632 2726 Mel.
1652 2690 1700 2737 11,
1722 2692 1746 2730 3

1100 2747 1138 2791 §.
1161 2747 1184 2785 6
1205 2759 1242 2796 p.
1263 2745 1344 2786 258
1364 2759 1445 2797 seq.
1493 2745 1616 2791 Quare
1635 2747 1748 2782 Man-

1099 2807 1197 2839 nert.
1218 2803 1285 2839 VII
1305 2814 1343 2852 p.
1366 2800 1445 2843 604
1466 2814 1584 2853 prope
1603 2803 1747 2839 Deme-
