1897 3340
415 253 499 292 <368

827 249 1277 287 HERODOTI

415 362 502 403 τῶν
522 358 836 413 Σπαρτιητέων
869 359 949 414 τήν
978 359 1238 413 πλεονεξίην,
1271 356 1357 400 ἀλλ’
1374 357 1547 400 ἑλέσθαι
1568 361 1670 412 μᾶλ-

415 431 496 471 λον
522 425 609 470 ὑπὸ
639 429 727 470 τῶν
755 425 994 483 βαρβάρων
1023 426 1243 481 ἄρχεσθαι,
1273 426 1300 481 ἥ
1328 442 1368 468 τι
1387 425 1557 475 ὑπεῖξαι
1584 429 1671 467 Λα·

415 495 732 551 κεδαιμονίοισι
743 508 752 517 ·

364 714 503 752 addicti
524 711 757 765 quieverint,
787 710 877 761 quin
897 711 1020 748 Persis

361 772 485 822 potius
498 770 657 806 faverint
669 780 783 819 quam
796 768 959 815 Graecis,
983 775 1019 804 et

362 827 410 864 de
431 826 577 863 duobus
597 825 705 862 malis
726 830 767 860 ut
782 825 899 860 levius
910 837 1017 874 prae-

362 883 575 933 optaverint
595 877 674 920 ὑπὸ
694 882 775 918 τοῖν
800 876 1016 932 βαρβάρων

362 937 556 991 ἄρχεσθαι
575 934 603 989 ἢ
627 936 785 984 ’ὑπεῖξαι
811 937 1016 975 Λακεδαι-

362 996 552 1046 μονίοισι.
610 996 676 1029 His
707 994 794 1044 quia
820 994 1020 1044 Mycenaei

359 1053 540 1089 miserant
582 1050 782 1086 auxiliares
830 1050 1020 1099 octoginta

361 1107 410 1145 ad
430 1106 711 1158 Thermopylas
733 1118 822 1142 cum
848 1105 1020 1142 Leonida

362 1165 611 1216 profecturos,
633 1163 766 1213 Argivi
781 1159 852 1208 τοὶς
870 1157 1020 1212 Μυκή-

314 1253 317 1257 ⁴
363 1237 436 1267 νας
457 1220 733 1268 κατέσκαψαν,
770 1217 928 1256 Diodor.
949 1220 1018 1266 XI,

364 1277 431 1319 65.
452 1279 614 1314 Pausan.
635 1277 682 1324 II,
706 1278 756 1316 16
775 1276 811 1320 ξ.
835 1274 874 1314 4.
915 1274 1019 1312 Ode-

363 1340 468 1382 rant,
502 1347 574 1371 nec
601 1333 811 1369 immeritos
834 1332 1018 1382 profecto,

362 1391 544 1442 superbos
580 1390 724 1427 viciuos
756 1388 1021 1425 Lacedaemo-

363 1449 436 1484 niis
463 1447 617 1498 Argivi,
648 1459 670 1482 a
699 1446 834 1497 quibus
872 1459 1022 1496 semper

363 1505 514 1551 vexati,
551 1510 589 1540 et
617 1516 740 1553 nuper
767 1501 861 1538 adeo
882 1514 1022 1553 magna

364 1561 514 1597 fuerant
562 1558 688 1596 affecti
730 1557 860 1606 clade,
904 1560 1022 1609 impia

364 1617 579 1654 Cleomenis
590 1614 723 1652 fraude
733 1614 893 1666 decepti.
908 1617 1020 1662 Hinc,

365 1674 511 1724 opinor,
532 1672 772 1708 infraNoster
791 1685 824 1710 c.
848 1670 928 1712 152
949 1666 1022 1710 οὔκ

361 1726 595 1781 Ἀργείοισι,
627 1729 701 1776 ait,
740 1728 918 1777 αἴσχιστα
951 1742 1022 1766 πε-

364 1787 552 1836 ποίηταιε
584 1791 619 1821 et
639 1785 776 1821 frustra
795 1782 1021 1820 Plutarchus

366 1855 547 1879 excusare
576 1842 707 1878 nititur
736 1841 898 1891 Argivos
936 1847 1024 1877 tan-

370 1912 486 1950 quam
528 1893 602 1937 ov’n
628 1894 921 1948 ἄπειπαμὲνονς
943 1900 1025 1944 τοῖς

353 1952 530 2005 “El-lna
556 1952 628 2005 τήν
661 1953 887 2004 συμμαχίαν
917 1955 967 1990 Τ.
988 1954 1024 1989 ΙΙ

367 2025 406 2062 p.
421 2013 558 2052 86313.
588 2011 644 2048 Ob
655 2010 758 2047 idem
778 2009 872 2047 illud
892 2009 1025 2047 odium

369 2069 631 2105 abstinuerunt
658 2074 788 2118 postea
817 2067 916 2103 bello
947 2068 1025 2103 Pe-

366 2125 655 2175 loponnesiaco:
678 2122 1024 2177 quoLacedaemo-

368 2180 521 2217 uiorum
564 2182 654 2218 socii
700 2181 854 2217 fuerunt
891 2192 1024 2217 omnes

367 2237 648 2287 Peloponnesii,
679 2243 773 2273 teste
795 2234 1024 2286 Thucydide

368 2293 416 2338 ll,
429 2295 476 2332 9:
499 2289 603 2343 πλὴν
624 2288 808 2342 Ἀργείων
819 2290 884 2329 καὶ
895 2287 1023 2339 Ἀχαι-

370 2349 450 2385 ῶνε
480 2349 578 2384 solos
598 2348 758 2395 Argivos
781 2347 1023 2396 excipitDio—

370 2401 452 2440 dor.
473 2405 558 2449 XII,
577 2402 645 2442 42.
667 2401 744 2439 Sed
765 2401 908 2439 Achaei
922 2403 1022 2439 bollo

372 2472 525 2510 quoque
535 2459 686 2495 Persico
695 2459 925 2508 Argivorum
936 2472 1022 2495 sen-

369 2517 526 2553 tentiam
550 2515 665 2552 secuti
686 2514 861 2552 videntur
879 2516 1023 2551 Pausa-

370 2573 456 2609 niae
485 2573 564 2619 vll,
597 2573 622 2611 6
652 2572 689 2616 ξ.
721 2574 767 2618 3,
798 2578 838 2608 ut
854 2573 1022 2622 suspica-

369 2630 497 2676 batur,
547 2628 634 2680 quia
679 2628 1022 2678 Λακεδαιμονίους

372 2687 538 2737 Δωριεῖς
583 2678 779 2733 ἀπηξίουν
815 2684 951 2734 σφίσιν
973 2682 1023 2734 ἦ-

368 2745 540 2793 γεῖσθαι.
622 2739 863 2785 Quiescentes
923 2741 1021 2776 bello

369 2795 692 2849 Peloponnesiaco
740 2796 872 2847 Argivi
936 2797 1023 2833 lon-

374 2866 444 2904 gae
484 2854 584 2906 pacis
613 2853 779 2904 primum
806 2852 1021 2901 commoda,

811 498 1034 547 προειπεῖν
1085 508 1130 536 τε
1157 498 1270 536 τοῖσι
1308 491 1553 548 ἀγγέλοισι,·
1585 493 1671 545 πρὸ

1075 718 1204 762 postea
1224 719 1473 762 perceperunt
1486 712 1599 748 etiam
1609 712 1708 748 mala
1721 724 1731 758 ς

1076 769 1209 817 opibus
1230 770 1331 804 enim
1349 767 1453 804 ditati
1473 770 1511 804 in
1532 781 1600 805 sua
1620 771 1731 819 saepe

1074 825 1217 860 viscera
1237 827 1461 872 saevierunt,
1482 826 1668 861 intestinis
1687 837 1730 860 a—

1073 881 1181 930 gitati
1218 879 1483 917 seditionibus:
1542 880 1589 918 de
1629 882 1730 931 pacis

1074 936 1283 972 commodis
1305 936 1381 973 vid.
1395 936 1576 988 Thucyd.
1597 939 1642 984 11,
1663 940 1730 978 28.

1077 992 1234 1029 Diodor.
1255 994 1341 1040 XII,
1356 993 1431 1039 753
1453 993 1731 1030 ‹leincommo-

1078 1048 1133 1086 dis
1150 1049 1310 1085 Casaub.
1336 1050 1377 1084 in
1404 1050 1500 1085 Aen.
1529 1051 1729 1088 Poliorcet.

1077 1119 1138 1156 cp.
1158 1107 1215 1142 XI
1235 1113 1271 1142 et
1289 1106 1522 1155 Wesseling.
1551 1105 1600 1142 ad
1618 1105 1732 1143 Diod.

1076 1163 1163 1210 XII,
1185 1163 1279 1203 58.“
1317 1161 1533 1199 Valcken.
1565 1163 1623 1198 Ac
1642 1175 1731 1198 sane

1076 1219 1107 1255 si
1140 1219 1303 1268 cogites,
1338 1219 1500 1268 Argivos
1522 1219 1732 1255 maximam

1077 1274 1226 1312 cladem
1246 1288 1266 1311 a
1287 1275 1480 1325 Spartanis
1501 1273 1598 1312 duce
1618 1275 1732 1312 Cleo-

1076 1345 1192 1368 mene
1211 1344 1337 1382 passos
1360 1344 1459 1368 anno
1482 1330 1562 1372 514
1588 1345 1622 1368 a.
1644 1330 1732 1371 Chr.

1076 1402 1116 1425 n.
1139 1386 1298 1440 (Herod.
1319 1387 1383 1436 VI,
1405 1391 1456 1428 76
1472 1391 1583 1440 seq.),
1604 1387 1652 1424 ad
1671 1389 1733 1424 in-

1076 1446 1335 1482 ternecionem
1347 1443 1626 1495 propemodum
1638 1444 1734 1482 fuis-

1078 1514 1118 1538 se
1152 1501 1334 1549 redactos,
1356 1501 1460 1538 haud
1478 1502 1643 1548 mirum,
1671 1513 1734 1538 eos

1077 1571 1128 1594 ne
1147 1572 1251 1595 nuuc
1272 1557 1427 1609 quidem
1446 1559 1472 1595 i.
1493 1571 1526 1595 e.
1546 1570 1645 1595 anno
1654 1556 1734 1598 480

1079 1628 1113 1651 a.
1131 1614 1219 1651 Chr.
1230 1629 1267 1651 n.
1279 1614 1412 1651 foedus
1432 1616 1528 1651 inire
1544 1626 1735 1666 opemque

1078 1671 1176 1707 ferre
1197 1672 1359 1707 voluisse
1379 1671 1605 1719 Laconibus,
1639 1683 1734 1722 quos

1078 1728 1166 1778 ipsis
1199 1728 1476 1764 inimicissimos
1511 1734 1624 1779 atque
1671 1727 1735 1762 in-

1076 1784 1292 1821 festissimos
1325 1797 1403 1821 esse
1434 1785 1581 1835 experti
1614 1789 1733 1831 erant,

1081 1853 1291 1892 eorumque
1354 1842 1461 1877 sociis
1481 1854 1491 1888 ς
1563 1852 1735 1890 praeser—

1081 1898 1152 1934 tim
1188 1911 1277 1934 cum
1315 1896 1405 1934 inde
1447 1897 1493 1934 ab
1525 1897 1590 1932 illa
1628 1893 1735 1932 clade

1082 1954 1211 1991 omnia
1253 1954 1480 2004 Argivorum
1507 1953 1662 1990 consilia
1689 1964 1734 1988 eo

1080 2012 1320 2061 potissimum
1357 2017 1541 2061 spectasse
1576 2007 1712 2046 videau
1725 2027 1732 2035 ·

1080 2074 1154 2114 tur,
1175 2074 1217 2104 ut
1236 2068 1333 2104 vires
1354 2068 1506 2103 amissas
1532 2076 1734 2114 recupera—

1079 2130 1165 2160 rent
1197 2130 1413 2173 statmnque
1443 2122 1607 2172 priorem
1627 2120 1735 2156 resti-

1080 2185 1230 2216 tuerent
1246 2208 1255 2225 ,
1285 2191 1355 2214 nec
1375 2178 1458 2214 ullis
1478 2177 1584 2213 bellis
1602 2189 1642 2213 se
1661 2176 1734 2212 im-

1080 2236 1293 2281 miscerent,
1317 2234 1451 2284 quibus
1472 2232 1658 2270 damnum
1677 2245 1734 2268 re-

1080 2291 1249 2327 nascenti
1275 2291 1415 2326 civitati
1442 2290 1571 2325 inferri
1597 2295 1735 2339 potue-

1078 2347 1137 2383 rit.
1195 2347 1305 2383 Conf.
1338 2347 1381 2383 G.
1404 2347 1448 2383 0.
1468 2346 1618 2382 Miiller.
1637 2346 1728 2382 Dor.

1077 2403 1094 2438 I
1116 2416 1153 2453 p.
1179 2401 1270 2442 174.
1328 2403 1411 2447 Quo
1435 2401 1572 2439 eodem
1591 2407 1735 2452 spectat

1079 2459 1277 2495 oraculum
1294 2460 1376 2507 VII,
1395 2457 1470 2499 148
1492 2459 1666 2505 allatum3
1688 2469 1733 2494 eo

1079 2516 1203 2562 enim,
1234 2522 1277 2552 ut
1307 2517 1404 2552 bene
1436 2515 1607 2552 observat
1630 2513 1734 2551 idem

1079 2572 1229 2610 Mtiller.
1249 2585 1289 2622 p·
1305 2575 1397 2620 176,
1417 2572 1566 2622 Argivis
1586 2569 1734 2608 indica-

1079 2635 1152 2675 tur,
1175 2627 1368 2679 quomodo
1389 2641 1447 2664 res
1467 2628 1618 2678 publica
1647 2626 1734 2677 ipsis

1080 2683 1376 2721 administranda
1419 2684 1623 2734 civitasque
1672 2695 1734 2718 re-

1079 2739 1210 2791 gunda
1238 2743 1297 2778 sit.
1331 2763 1380 2768 -—-
1429 2742 1473 2776 In
1501 2752 1606 2790 seqq.
1644 2751 1733 2777 ver-

1079 2798 1173 2833 bum
1202 2796 1466 2848 περιέψεσθαι
1495 2797 1640 2846 passive
1672 2806 1733 2831 ac-

1079 2853 1153 2904 cipi
1169 2854 1249 2892 vult
1268 2851 1401 2891 Matth.
1425 2854 1492 2890 Gr.
1513 2852 1579 2891 Gr.
1600 2864 1640 2903 p.
1651 2849 1732 2892 458
