1897 3340
0 3016 14 3080 ς...
7 3005 10 3009 .

0 29 21 63 ’1,

425 267 508 308 47⁰
820 261 1279 301 HERODOTI

429 387 584 430 ,μενος
612 373 672 424 ὥς
700 371 839 417 κακὸν
867 375 933 430 εἴη
961 372 1010 418 τὸ
1040 373 1213 416 πολλῶν
1232 368 1495 427 ἐπιθυμέειν,
1524 384 1686 426 μεμνη-

427 440 583 497 ,,με’νος
612 441 690 496 μὲν
730 440 809 484 τόν
836 440 906 485 ἐπὶ
935 439 1224 495 Μασσαγέτας
1254 436 1409 491 Κύρου
1440 436 1599 482 στόλον
1628 436 1687 488 ὦς

429 508 632 563 ,,ὲ’πρηξε,
689 509 958 565 μεμνημένος
988 508 1034 552 δὲ
1061 509 1134 552 καὶ
1162 506 1241 551 τόν
1269 504 1331 550 ἐπ’
1362 506 1583 557 Αἰθίοπας
1610 506 1688 549 τὸν

426 575 722 631 ,,Καμβύσεω,
771 573 1167 632 συστρατευόμενος
1203 574 1249 618 δὲ
1295 574 1367 618 καὶ
1399 574 1572 633 Δαρείῳ
1617 573 1686 617 ἐπὶ
1699 579 1745 613 70

429 642 663 696 ,,Σκυ’θας·
696 642 977 698 ἐπιστάμενος
1003 646 1154 694 ταῦτα,
1183 640 1361 698 γνώμην
1392 640 1526 697 εἶχον,
1569 639 1690 696 ἀτρε-

431 709 634 768 ,,μι’ζοντοέ
663 720 709 753 σε
738 708 1010 765 μακαριστὸν
1039 708 1152 753 εἶναι
1179 710 1290 766 πρὸς
1318 700 1494 754 πάντων
1515 708 1690 764 ἀνθρώ-

404 787 570 829 5,,πων.
634 776 748 821 Ἐπεὶ
787 778 833 822 δὲ
879 779 1082 834 δαιμονίη
1124 794 1189 828 τις
1227 779 1391 834 γίνεται
1431 775 1566 833 ὁρμὴ,
1618 776 1693 820 καὶ

431 845 681 901 ,ζἘλληνας,
715 843 774 896 ὥς
804 846 927 896 ἔοικε,
960 843 1111 901 φθορή
1140 861 1204 896 τις
1232 845 1556 901 καταλαμβάνει
1583 841 1709 900 θεή-’

433 917 605 965 ,,λατος,
638 911 720 967 ἐγώ
751 912 830 968 μὲν
858 914 932 957 καὶ
961 911 1097 964 αὐτὸς
1125 910 1358 967 τράπομαι,
1386 912 1460 956 καὶ
1479 912 1559 968 τὴν
1585 911 1748 968 γνῶ-75

402 989 546 1036 6,,μην
574 982 861 1038 μετατίθεμαι.
907 980 976 1024 Σύ
1009 981 1055 1024 δὲ
1085 979 1282 1037 σήμηνον
1308 979 1387 1035 μὲν
1419 979 1614 1037 Πέρσῃσι
1641 978 1693 1022 τὰ

376 1178 454 1202 nuo
476 1166 656 1216 leguntur
672 1163 774 1217 apud
785 1164 1037 1215 Herodotum,

375 1236 445 1260 uos
477 1221 736 1260 Gaissordium
770 1224 889 1260 secuti
919 1223 1039 1259 maio-

340 1327 343 1331 .
376 1292 459 1315 rem
496 1277 776 1316 distinctionem
803 1287 888 1330 post
918 1279 1038 1319 εἴκειν

376 1336 599 1381 retinuimus
615 1349 637 1372 a
651 1334 832 1373 Matthiae
851 1343 1039 1374 mutatam

376 1394 416 1429 in
445 1393 649 1431 minorem.

434 1479 501 1522 τὸν
519 1481 581 1522 ἐπὶ
603 1481 872 1535 Μασσαγέτας
898 1478 1038 1534 Κύρου

380 1536 523 1578 στόλον
544 1538 597 1585 ὥς
614 1538 782 1591 ἔπρηξε]
805 1539 892 1577 Vid.
912 1539 1037 1587 I‚214

379 1594 428 1632 de
446 1596 612 1644 fprmula
642 1594 698 1643 ὥς
726 1594 868 1647 ἔπρηξε
895 1597 1038 1632 malam

379 1653 419 1688 in
450 1659 597 1702 partem
626 1650 688 1688 hic
722 1652 954 1703 accipienda,
974 1654 1040 1699 ΙΙΙ,

381 1707 446 1748 25.
478 1709 523 1757 V,
554 1710 620 1749 78.
650 1710 714 1754 VI,
744 1707 797 1749 44
826 1710 912 1746 coll.
940 1710 1040 1757 VIII,

384 1766 476 1804 129.
529 1766 573 1800 In
595 1766 770 1814 proxime
790 1779 897 1817 seqq.
923 1779 942 1801 e
957 1767 1042 1802 Flo-

382 1822 530 1857 reatino
559 1821 716 1873 aliisque
747 1821 834 1858 dedi
864 1835 953 1858 cum
982 1835 1045 1858 re-

383 1884 498 1914 ceutt.
530 1876 616 1914 edd.
654 1874 725 1917 τόν
754 1873 814 1917 ἐπ’
841 1874 1046 1925 Αἰθιόπας

383 1929 469 1972 τὸν
509 1930 756 1985 Καμβύσεω,
815 1935 881 1971 ubi
928 1936 1045 1985 vulgo

383 1991 478 2028 τοῦ
518 1986 760 2042 Καμβύσεω.
819 1991 921 2036 Quos
961 2005 1046 2029 eos-

385 2045 474 2082 dem
490 2055 639 2084 secutus
663 2048 777 2097 paulo
802 2048 956 2085 inferius
977 2048 1048 2085 de-

386 2103 457 2140 levi
481 2097 538 2141 ὦν
557 2111 640 2154 post
659 2099 918 2154 ἐπιστάμενος
929 2104 1042 2142 codd.

386 2160 512 2195 invitis
551 2161 667 2210 vulgo
714 2162 911 2197 insertum.
988 2163 1046 2197 De

388 2215 584 2266 Cambysis
605 2216 846 2266 expeditione
868 2216 1046 2254 adversus

388 2270 594 2322 Aethiopes
637 2272 715 2310 vid.
748 2275 814 2320 111,
847 2274 899 2313 25
929 2280 964 2309 et
999 2273 1047 2309 de

388 2329 493 2364 Darii
522 2330 560 2365 iu
588 2328 749 2380 Scythas
771 2331 904 2366 itinere
932 2330 995 2377 IV,
1012 2332 1046 2369 1.

389 2386 442 2424 83
464 2398 571 2437 seqq.

412 2458 703 2521 ’ἀτρεμίζοντά
734 2476 776 2503 σε
807 2461 1049 2515 μακαριστόν

392 2521 521 2568 εἰναι]
551 2522 685 2567 Anigit
722 2520 896 2558 Eustuth.
926 2519 974 2556 nd
1006 2521 1050 2557 ll.

390 2587 476 2626 pag.
499 2578 595 2623 201,
620 2580 668 2616 16
680 2591 707 2615 S.
729 2579 818 2623 152,
841 2581 908 2617 31.
932 2579 1051 2614 VVes-

391 2633 571 2681 selingius
594 2634 860 2684 interpretatur
878 2634 1051 2670 Herodo-

394 2695 477 2725 tea:
502 2689 600 2726 bullis
620 2691 891 2740 sulwrsedentcm
905 2721 912 2735 ‚
936 2692 1053 2727 citans

395 2744 575 2785 Herodot.
606 2747 634 2792 l,
671 2749 759 2793 190,
790 2748 854 2783 ubi
883 2754 1054 2784 narratur

395 2801 514 2853 Cyrus
537 2796 611 2841 οὐκ
641 2798 856 2854 ἅτρεμίζων
887 2805 983 2840 bella
1006 2817 1054 2839 ex

394 2859 500 2896 bellis
516 2859 612 2896 ciere
630 2887 641 2906 ,
674 2866 710 2896 et
730 2858 882 2897 Philon.
913 2859 959 2896 de
981 2859 1054 2897 Se-

1093 1169 1198 1215 pten.
1219 1175 1308 1214 pag.
1331 1164 1438 1204 1186
1458 1164 1568 1201 A.-
1589 1163 1633 1199 In
1647 1174 1754 1215 seqq.

1095 1220 1282 1270 δαιμονίη
1304 1216 1409 1271 ὁρμή
1431 1227 1486 1257 est
1507 1220 1648 1258 divinus
1677 1221 1765 1269 qui--

1095 1277 1178 1314 dam
1196 1279 1382 1315 instinctus
1406 1289 1434 1313 s.
1454 1279 1599 1328 impetus
1621 1277 1751 1313 divini—

1093 1337 1151 1371 tus
1180 1336 1284 1384 quasi
1312 1335 1497 1370 immissus.
1573 1333 1753 1369 Aelianus

1094 1392 1140 1430 N.
1169 1391 1216 1429 A.
1246 1391 1332 1438 XII,
1364 1392 1389 1430 7
1429 1388 1520 1427 dicit
1550 1391 1624 1428 τοῦ
1651 1390 1755 1427 θεοῦ

1094 1444 1168 1498 τη“ν
1208 1443 1357 1498 ὁρμήν,
1407 1447 1474 1483 ubi
1513 1447 1754 1497 nuperi-imus

1095 1503 1217 1542 editor
1244 1505 1342 1541 bene
1371 1516 1521 1541 memor
1547 1503 1618 1540 fuit
1637 1504 1757 1539 Hero-

1097 1560 1199 1598 dotei
1218 1561 1306 1597 loci.
1376 1562 1476 1596 Nam
1504 1560 1596 1596 olim
1621 1571 1760 1611 perpe-

1096 1630 1180 1654 ram
1196 1617 1463 1667 ibi—legebatur
1482 1612 1617 1668 ὀργήν.

1155 1669 1296 1723 φθορή
1311 1687 1369 1720 τις
1384 1668 1679 1723 καταλαμβάνει
1690 1675 1758 1710 θε-

1098 1725 1276 1780 ήλατος]
1308 1730 1333 1765 i.
1365 1742 1398 1765 e.
1433 1731 1521 1779 cepit
1552 1741 1626 1766 eum
1643 1729 1760 1777 perni-

1101 1788 1169 1823 cies
1189 1785 1362 1836 quaedam
1383 1785 1555 1822 divinitus
1582 1786 1713 1822 iniecta
1732 1797 1760 1821 s.

1100 1845 1267 1890 immissa,
1299 1854 1397 1893 quae
1419 1842 1538 1893 qualis
1558 1842 1682 1887 fuerit,
1693 1839 1762 1877 de-

1101 1899 1276 1937 scribitur
1307 1899 1353 1935 ab
1382 1896 1573 1950 Aeschylo
1598 1899 1637 1933 in
1657 1898 1764 1933 Pers.

1106 1959 1199 1996 102.
1253 1955 1339 1992 Vox
1366 1951 1564 2004 θεήλατος
1601 1953 1764 1991 occurrit

1103 2011 1207 2063 apud
1225 2010 1404 2063 Aeschyl.
1414 2012 1644 2061 Agamemn.
1659 2010 1765 2050 1268

1105 2067 1230 2119 (1183
1252 2067 1405 2120 Both),
1448 2068 1515 2103 ubi
1544 2064 1764 2103 Blomfield.

1104 2126 1202 2162 bene
1255 2125 1333 2160 eius
1383 2137 1536 2160 sensum
1577 2123 1763 2173 exposuit.

1103 2178 1219 2231 Apud
1239 2179 1422 2216 Herodot.
1439 2181 1468 2227 Ι,
1493 2181 1570 2220 127
1592 2179 1764 2229 θεοβλα-

1105 2235 1193 2288 βής.
1254 2238 1353 2273 Sunt
1382 2243 1510 2272 antem
1542 2234 1634 2272 haec
1665 2235 1764 2271 dicta

1105 2307 1153 2330 ex
1172 2305 1228 2341 ea,
1265 2306 1361 2344 quae
1382 2291 1565 2329 Herodoti
1587 2292 1669 2338 snit,
1691 2303 1766 2327 no-

1103 2352 1208 2386 tione
1233 2348 1279 2386 de
1300 2350 1376 2385 suto
1394 2350 1522 2386 omnia
1543 2347 1767 2385 moderante

1107 2413 1144 2443 et
1166 2408 1215 2443 ita
1238 2407 1284 2442 nb
1306 2407 1411 2441 initio
1434 2406 1705 2451 constituente,
1725 2409 1767 2440 ut

1106 2464 1244 2500 mutari
1287 2463 1526 2499 retractarive
1562 2466 1777 2513 nequeant.-

1106 2522 1282 2570 Namque
1317 2519 1374 2556 dei
1400 2532 1543 2556 nomen
1573 2520 1611 2554 in
1632 2517 1767 2554 talibus

1109 2590 1177 2627 pro
1193 2576 1277 2626 sato
1298 2574 1573 2626 accipiendum.
1632 2575 1696 2610 Tu
1718 2572 1768 2612 cf.

1110 2633 1368 2669 lloss'meister.
1390 2633 1415 2668 l.
1438 2633 1462 2668 l.
1492 2645 1530 2681 p.
1556 2633 1618 2670 13.
1639 2650 1694 2656 --
1723 2630 1766 2664 In

1109 2703 1215 2742 seqq.
1238 2702 1326 2725 cnm
1348 2685 1567 2737 Schweigh.
1590 2693 1625 2722 et
1651 2684 1766 2723 Gaisf.

1110 2747 1285 2782 revocavi
1315 2744 1357 2784 ἐκ
1388 2743 1487 2790 σεό,
1509 2757 1529 2779 a
1559 2740 1768 2787 Schaefer„
1822 2773 1824 2775 ,
1858 2771 1859 2776 ,

1110 2801 1244 2840 Manli.
1259 2809 1294 2838 et
1316 2799 1442 2837 Bekk.
1464 2805 1653 2835 mutatmn
1674 2799 1713 2833 in
1727 2795 1769 2836 ἐκ

1113 2861 1194 2907 σεῦ,
1215 2858 1379 2896 duorum
1401 2855 1512 2894 codd.
1534 2855 1765 2892 auctoritate.
