1897 3340
497 165 974 208 POLYMNIA.
1031 163 1127 202 Vll.

1351 171 1433 211 71¹1

180 279 289 337 πρὸς
325 277 515 335 ἑσπέρης,
554 277 658 333 ὅρος
686 273 851 332 ἄβατόν
876 289 921 316 τε
958 272 1032 316 καὶ
1061 270 1355 327 ἀπόκρημνον,
1388 276 1436 319 ὖ-

180 346 351 404 ψηλὸν,
393 344 620 390 ἀνατεῖνον
662 344 704 394 ἐς
738 343 817 398 τὴν
854 342 1009 396 Οἴτην·
1055 339 1106 383 τό
1139 339 1184 382 δὲ
1222 340 1329 394 πρὸς
1357 342 1435 397 τὴν

152 415 250 472 5ἠῶ
268 418 344 471 τῆς
366 412 489 465 ὁδοῦ,
519 413 717 457 θάλασσα
735 408 992 452 ὑποδέκεται
1021 407 1093 451 καὶ
1105 405 1294 462 τενάγεα.
1314 407 1489 452 Ἔστι3ο

179 483 226 526 δὲ
264 482 311 526 ἐν
343 486 397 539 τῇ
426 481 562 539 ἐσόδῳ
591 477 727 535 ταύτῃ
756 477 899 532 θερμοὶ
929 474 1110 530 λουτρὰ,
1143 474 1195 518 τὰ
1234 473 1437 528 Χύτρους

178 550 383 594 καλέουσι
403 551 447 594 οἱ
463 545 706 604 ἐπιχώριοι·
736 545 809 589 καὶ
839 543 986 601 βωμὸς
1015 545 1185 599 ἵδρυται
1200 541 1438 598 Ἡρακλέος

140 754 186 797 τό
199 754 343 807 δὲπρὸς
354 753 429 808 τὴν
440 751 501 807 ἠῶ
511 757 581 806 τῆς
591 753 691 795 ὁδοῦ
702 752 779 794 θοὶ-

121 816 246 853 λασσα
259 811 492 852 ὗποδέκεται
503 812 570 851 καὶ
594 809 776 864 τενάγεα]

122 870 148 909 ἰ.
167 883 200 906 e.
221 869 266 906 ab
282 872 409 908 oriente
425 872 518 906 viam
535 870 665 919 excipit
684 881 779 906 mare

123 939 168 964 ac
182 925 334 977 paludes
364 940 393 964 s.
419 930 565 974 stagna.
615 921 778 976 τενάγεα

122 981 197 1019 hoc
239 996 352 1019 sensu
380 984 595 1019 invenimus
632 983 661 1029 Ι,
697 984 779 1022 202

123 1038 191 1076 fin.
231 1039 330 1087 VIII,
367 1041 459 1080 129.
532 1039 631 1075 Cum
660 1039 781 1074 Hero-

123 1094 215 1132 doto
241 1096 429 1132 consentit
458 1095 656 1146 Appianus
680 1095 706 1132 l.
728 1095 778 1131 l.:

122 1153 175 1218 τῇ
209 1149 282 1202 μὲν
310 1147 498 1190 θάλασσα
530 1154 688 1202 τραχεῖα
711 1149 780 1189 καὶ

121 1203 328 1258 ἀλίμενος,
367 1209 419 1260 τῇ
447 1205 489 1245 δὲ
522 1206 608 1254 ἕλος
630 1202 779 1257 α’βατόν

119 1278 161 1303 τε
178 1262 247 1302 καὶ
281 1264 565 1315 βαραθρῶδες,
609 1264 779 1314 itemque

118 1320 263 1368 Livius,
298 1319 402 1371 apud
441 1333 559 1372 quem
596 1321 778 1368 XXXVI,

126 1378 178 1418 18
198 1375 293 1413 haec
307 1378 506 1426 leguntur:
528 1378 637 1425 „loca
657 1390 778 1429 usque

123 1432 173 1469 ad
194 1446 299 1470 mare
318 1434 422 1470 invia
440 1434 596 1484 palustri
627 1435 719 1470 limo
742 1441 779 1470 et

123 1490 408 1540 voraginibus.“
447 1491 546 1535 Quin
568 1491 776 1527 etiamnum

123 1552 258 1596 stagna
276 1547 379 1583 viam
400 1547 446 1583 ab
478 1548 622 1583 oriente
651 1548 778 1583 inclu-

124 1601 227 1651 dere,
249 1602 298 1639 ad
317 1616 423 1640 mare
449 1616 570 1655 usque
590 1610 781 1654 porrecta,

123 1666 290 1707 narrant,
306 1672 542 1712 quamquam
551 1660 664 1697 arensi
676 1661 781 1697 mul-

123 1721 162 1752 ta
183 1729 203 1752 e
223 1717 416 1754 montibus
436 1716 780 1768 advectalterraique

122 1772 205 1822 ipsa
248 1771 403 1823 adgesta
442 1774 616 1810 locorum
666 1774 781 1810 situm

123 1827 300 1866 nonnihil
328 1836 520 1866 mutatum
545 1837 658 1882 atque
678 1831 781 1866 viam

125 1884 301 1921 latiorem
341 1886 482 1923 factam
518 1900 597 1923 esse
621 1885 778 1926 addunt.

124 1941 213 1978 Uno
245 1948 374 1978 tamen
404 1943 489 1979 loco
518 1941 643 1980 adhuc
678 1944 782 1980 tiam

124 2003 205 2034 tam
218 2005 418 2048 angustam
431 2012 510 2036 esse
530 2006 710 2046 asserunt,
720 2012 783 2036 sa-

124 2054 183 2091 xis
195 2056 406 2106 praeruptis
416 2056 462 2092 ab
475 2069 562 2104 una,
582 2055 784 2107 paludibus

126 2110 324 2149 inaccessis
353 2113 400 2148 ab
421 2113 539 2149 altera
564 2120 670 2163 parte
700 2114 784 2149 cin-

127 2173 240 2214 ctam,
261 2175 303 2205 ut
321 2169 388 2205 vix
409 2168 485 2206 duo
505 2170 650 2222 equites
670 2169 785 2206 simul

127 2223 286 2259 transire
323 2226 480 2274 possint.
546 2225 632 2264 vid.
662 2227 784 2262 Kruse

128 2278 258 2316 Hellas
277 2280 324 2326 Π,
356 2282 382 2320 2
401 2294 440 2331 p.
466 2284 542 2322 129
567 2295 648 2334 seq.
676 2283 786 2320 Vau-

129 2333 331 2372 doncourt.
351 2335 377 2372 l.
391 2336 417 2372 l.
438 2350 476 2387 p.
487 2340 568 2378 280
589 2351 670 2390 seq.
694 2339 786 2376 Mil-

130 2391 223 2428 liare
256 2404 378 2428 unum
408 2405 511 2428 nunc
532 2406 637 2430 mare
657 2406 679 2430 a
698 2395 785 2431 fau-

131 2448 238 2485 cibus
276 2447 413 2485 distare
442 2449 569 2486 scribit
595 2448 784 2488 Dodwell.

131 2504 158 2541 l.
178 2505 204 2542 l.
224 2518 263 2556 p
289 2506 381 2545 139.

188 2558 323 2612 θερμοὶ
340 2557 497 2612 λουτρα,
532 2559 578 2599 τοὶ
604 2555 787 2612 Χύτρους

133 2616 319 2657 καλέουσι
354 2616 396 2656 οἷ
422 2613 655 2667 ἐπιχώριοι]
706 2618 789 2653 Eu-

134 2672 248 2713 stath.
262 2672 311 2711 ad
330 2674 487 2725 Dionys·
504 2672 586 2714 437
613 2671 708 2709 haec
735 2673 791 2710 ci-

135 2736 220 2768 tans
246 2730 356 2767 affert
400 2725 580 2780 Χύτρας;
628 2730 791 2767 Pausan.

133 2786 198 2834 IV,
221 2787 274 2828 35
295 2788 334 2834 §.
365 2788 405 2827 6.
432 2782 615 2838 Χύτρους
634 2786 659 2824 i.
680 2799 715 2822 e.
740 2786 793 2824 le-

835 755 945 802 betes,
1000 753 1111 801 ollas,
1165 751 1300 791 Kessel.
1360 753 1491 805 Aquas

835 810 949 848 hasce
978 809 1117 847 calidas
1163 817 1312 860 praeter
1355 810 1492 848 Catuli.

834 869 970 915 LXVI,
1002 867 1055 908 54
1099 873 1136 903 et
1172 866 1354 917 Sophocl.
1391 868 1494 904 Tra-

835 923 937 961 chin.
965 925 1046 964 602
1071 921 1184 960 Both.
1206 922 1375 960 indicant
1395 936 1494 974 quo-

837 994 911 1033 que
930 981 1060 1017 Livius
1087 987 1124 1016 et
1145 980 1282 1017 Strabo
1302 981 1328 1018 I.
1350 981 1374 1016 l.
1395 982 1494 1017 Pro-

837 1039 966 1074 siliunt
1005 1038 1066 1074 isti
1104 1037 1227 1074 fontes
1257 1038 1416 1088 paulum
1445 1036 1493 1074 ad

836 1095 1027 1131 sinistram
1065 1095 1203 1130 remoti
1241 1095 1288 1131 ab
1319 1107 1364 1131 eo
1392 1095 1491 1141 Ioco,

835 1151 900 1187 ubi
923 1152 1142 1188 Turcorum
1163 1151 1377 1202 portorium
1392 1180 1402 1198 ,
1431 1151 1494 1187 oui

835 1220 938 1244 nunc
964 1220 1109 1243 nomen
1129 1208 1294 1244 Derveni
1311 1237 1320 1254 ,
1355 1207 1493 1245 admo-

836 1263 930 1300 dum
950 1265 1041 1300 clari
1063 1271 1099 1301 et
1129 1263 1346 1315 sulphurei,
1380 1263 1493 1302 calidi

835 1333 956 1372 usque
977 1319 1025 1357 ad
1046 1327 1201 1357 centum
1217 1328 1391 1373 quatuor,
1407 1335 1436 1358 s.
1448 1328 1492 1358 ut

836 1378 899 1413 alii
918 1376 1093 1424 tradunt,
1114 1391 1234 1429 usque
1259 1376 1308 1414 ad
1337 1386 1493 1415 centum

834 1433 1017 1470 undecim
1062 1433 1202 1484 gradus
1250 1432 1493 1472 Fahrenheit.

835 1491 952 1527 Plura
983 1492 1104 1527 Kruse
1134 1492 1160 1528 l.
1191 1491 1215 1528 l.
1243 1504 1330 1542 pag.
1355 1494 1435 1531 130
1456 1498 1493 1529 et

836 1546 1110 1584 Vaudoncourt
1138 1548 1164 1584 l.
1185 1548 1209 1585 l.
1235 1561 1275 1598 p.
1305 1550 1383 1588 281
1411 1561 1493 1600 seq.

836 1605 908 1640 Hic
947 1605 1039 1640 olim
1068 1604 1108 1640 iu
1146 1602 1422 1641 Thessalorum
1457 1611 1494 1642 et

835 1661 1078 1697 Meliensium
1097 1661 1260 1711 gratiam
1281 1661 1393 1698 cellas
1427 1673 1494 1697 ae-

836 1717 1073 1767 grotantibus
1123 1716 1347 1754 commodas
1397 1730 1494 1754 con-

835 1774 928 1810 strui
948 1786 1095 1811 curasse
1109 1772 1303 1810 Herodem
1322 1774 1494 1810 Atticum

838 1843 859 1866 e
878 1828 1054 1868 Philostr.
1085 1830 1160 1866 Vit.
1191 1828 1333 1868 Herod.
1351 1843 1389 1880 p.
1411 1827 1501 1871 551ι

836 1887 981 1936 colligit
1009 1884 1258 1925 Valckenaer.
1317 1887 1396 1922 Hos
1423 1898 1495 1922 au-

838 1949 919 1979 tem
938 1943 1061 1979 fontes
1082 1949 1186 1979 tanta
1219 1955 1406 1994 aquarum
1427 1955 1496 1979 co-

839 1998 901 2049 pia
921 2000 1122 2049 provenire
1150 2000 1277 2036 scribit
1303 1998 1494 2037 Dodwell.

840 2056 867 2092 1.
888 2056 913 2093 l.
935 2069 973 2106 p.
999 2058 1098 2101 139,
1129 2062 1171 2092 ut
1201 2056 1382 2092 contiuuo
1403 2055 1493 2092 inde

839 2112 966 2162 plures
987 2112 1198 2148 efficiantur
1223 2112 1334 2149 rivuli
1365 2125 1395 2149 s.
1413 2119 1496 2149 tor-

840 2175 978 2216 rentes,
1011 2169 1076 2220 qui
1107 2167 1155 2204 ad
1183 2181 1290 2205 mare
1313 2168 1496 2206 defluant.

897 2223 964 2263 καὶ
964 2221 1110 2291 βωμὸς
1122 2224 1291 2276 ι’δρυται
1293 2223 1496 2276 Homul-3¹05·

841 2276 900 2321 ἐπ’
924 2275 1107 2329 αὐτοῖσι]
1150 2281 1249 2318 Satis
1269 2289 1406 2319 notum
1427 2288 1494 2329 est,

842 2350 974 2374 omnes
1012 2337 1136 2375 fontes
1169 2337 1310 2376 calidos
1341 2338 1497 2376 Herculi

842 2401 1081 2431 consecratos
1113 2407 1192 2432 esse
1226 2395 1275 2431 ob
1326 2395 1494 2446 igneam,

841 2451 988 2500 opinor,
1005 2463 1048 2487 ac
1068 2451 1231 2488 solarem
1239 2450 1352 2488 huius
1366 2452 1498 2488 numi-

841 2507 900 2542 nis
914 2507 995 2543 vim
1013 2505 1231 2545 hominibus
1251 2508 1496 2545 saluberrima

843 2574 1018 2614 quaeque
1039 2562 1377 2601 administrantem.
1407 2560 1494 2600 vid.

847 2617 976 2656 Schol.
988 2621 1026 2655 in
1037 2619 1229 2671 Aristoph.
1249 2622 1283 2657 N
1285 2620 1375 2655 ubb.
1388 2617 1496 2657 1050

846 2675 939 2726 ibiq.
959 2682 1055 2713 nott.
1087 2676 1245 2713 Diodor.
1267 2676 1328 2721 IV,
1351 2675 1404 2714 23
1420 2673 1496 2709 ibi-

848 2743 924 2783 que
943 2733 1173 2782 Wesseling.
1195 2731 1279 2768 coll.
1301 2730 1429 2767 Walz.
1452 2727 1500 2765 ad

849 2788 983 2826 Arsen.
1010 2789 1149 2825 violet.
1176 2799 1263 2837 pag.
1294 2788 1376 2827 278
1396 2798 1503 2838 seqq.
