1897 3340
414 245 499 284 28⁰

819 240 1276 279 HERODOTI

417 350 623 406 ,,παρέχει
648 347 860 402 σώζεσθαι
889 347 958 393 ἐπὶ
986 348 1066 405 τήν
1095 346 1308 403 ὑμετέρην
1348 347 1505 392 αὐτῶν.
1558 347 1679 402 μέχρι

416 418 522 474 ,μὲν
551 415 800 471 θαλάσσης,
854 415 1026 459 αὐτοῖσι
1061 416 1192 471 ὑμῖν,
1232 415 1281 459 τὸ
1323 416 1368 458 δὲ
1400 414 1485 458 ἀπὸ
1517 413 1680 458 τούτου

387 490 410 525 4
422 484 552 541 „vjprv
579 482 663 540 ἤδη
693 482 905 540 μελήσει.“

957 487 1103 526 Ταῦτα
1124 483 1170 526 δὲ
1194 481 1457 534 ἀκούσαντες
1480 484 1523 525 οῖ
1545 483 1682 526 Παίο-

415 566 505 603 νες,
534 549 673 604 κάρτα
700 565 746 593 τε
774 549 997 593 ἀσπαστὸν
1026 549 1307 606 ἐποιήσαντο,
1336 552 1408 594 καὶ
1439 548 1680 605 ἀναλαβόν-
1694 555 1735 590 15

417 634 486 671 τες
512 617 673 668 παῖδάς
701 633 745 660 τε
774 618 848 660 καὶ
875 621 1110 672 γυναῖκας,
1153 617 1473 674 ἀπεδίόρησκον
1504 616 1571 660 ἐπὶ
1599 615 1683 660 θά-

416 692 602 731 λασσαν·
640 685 685 727 οἱ
713 684 760 727 δέ
788 700 900 734 τινες
929 683 1076 727 αὐτῶν
1103 684 1176 727 καὶ
1205 686 1458 741 κατέμειναν
1488 682 1684 740 ἆῤῥωδῆ-

388 763 409 797 5
420 766 570 804 σαντες
600 750 751 794 αὐτοῦ.

809 750 903 793 ἐπεί
931 767 974 794 τε
1006 751 1051 795 δὲ
1090 753 1133 794 οῖ
1164 754 1350 803 Παίονες
1380 752 1586 796 ἀπικέατο
1615 751 1685 795 ἐπὶ

416 818 667 866 θάλασσαν,
706 817 912 861 ἐνθεῦτεν
940 819 983 870 ἐς
1013 821 1124 863 Χίον
1166 817 1384 874 διέβησαν.
1435 819 1598 863 ἐόντων
1639 819 1686 863 δὲ

416 888 501 944 ἤδη
532 887 580 930 ἐν
610 886 726 942 Χίῳ,
765 885 876 929 κατὰ
906 887 1045 938 πόδας
1086 884 1289 943 ἐληλύθεε
1320 886 1523 940 Περσέων
1553 890 1685 938 ἵππος
1698 894 1744 928 20

390 953 579 1009 6πολλή,
610 951 835 996 διώκουσα
863 954 967 1005 τούς
997 957 1206 1005 Παίονας.
1257 952 1317 1003 ὥς
1347 953 1392 996 δὲ
1422 952 1476 996 οὐ
1505 955 1710 998 κατέλα-’

421 1024 527 1078 βον,
560 1020 872 1076 ἐπηγγέλλοντο
902 1022 943 1072 ἐς
974 1021 1054 1078 τὴν
1076 1024 1186 1065 Χίον
1214 1026 1327 1064 τοῖσι
1355 1023 1540 1072 Παίοσι,
1572 1020 1687 1072 ’ὅκως

419 1087 475 1131 ἄν
512 1087 652 1131 ὀπίσω
691 1086 936 1132 ἀπέλθοιεν.
989 1090 1032 1132 οἱ
1069 1089 1114 1132 δὲ
1156 1090 1343 1138 Παίονες
1384 1087 1490 1140 τοὺς
1527 1089 1688 1143 λόγους

421 1154 505 1199 οὐκ
541 1155 813 1199 ἐνεδέκοντο·
853 1154 949 1199 ἀλλ’
984 1155 1030 1199 ἐκ
1075 1158 1184 1199 Χίου
1228 1156 1308 1211 μὲν
1336 1158 1439 1200 Χῖοί
1470 1168 1606 1210 σφεας
1643 1156 1687 1208 ἐς

420 1226 592 1279 Λέσβον
620 1222 809 1279 ἤγαγον,
851 1224 1032 1279 Λέσβιοι
1062 1225 1108 1267 δὲ
1138 1224 1180 1275 ἐς
1209 1225 1430 1278 Δορίσκον
1459 1224 1688 1277 ἐκόμισαν·

421 1290 626 1335 ἐνθεῦτεν
649 1290 696 1334 δὲ
723 1293 827 1346 πεζῇ
849 1291 1128 1348 κομιζόμενοι
1157 1290 1362 1336 ἀπικέατο
1392 1290 1435 1343 ἐς
1454 1293 1683 1348 Παιονίην,
1699 1297 1744 1332 25

366 1497 526 1550 παρέχει
544 1505 641 1537 nott.
659 1498 709 1536 ad
723 1499 769 1546 V,
789 1497 856 1538 49.
879 1522 929 1528 -—
952 1500 1027 1551 βα·-

366 1555 494 1602 σιλέος
515 1556 601 1606 (pro
623 1556 831 1607 βασιλῆος)
845 1569 938 1592 mox
957 1557 1028 1592 de-

367 1611 408 1650 di
427 1614 598 1664 itemque
619 1608 752 1651 αὕτῶν
773 1625 841 1662 pro
863 1607 1028 1651 αὐτέων.

422 1697 551 1753 κάρτα
584 1715 625 1740 τε
657 1696 859 1740 οἷσπαστόν
890 1697 1028 1752 ἐποιή-

367 1759 506 1806 σαντο]
538 1758 564 1795 i.
586 1771 620 1795 e.
638 1757 743 1795 valde
761 1761 939 1808 acceptum
949 1758 1030 1809 suit

369 1813 581 1861 Paeonibus,
609 1826 779 1864 perquam
805 1818 950 1862 gratum
969 1828 1030 1852 ac·-

369 1871 472 1907 cidit.
529 1869 679 1907 Eadem
708 1872 850 1908 locutio
878 1872 918 1919 Ι,
962 1874 1029 1912 62.

368 1925 481 1973 Quod
507 1928 679 1979 sequitur
722 1923 869 1973 παῖδας
900 1941 940 1966 τε
962 1926 1031 1966 καὶ

367 1987 583 2036 γυναῖκας,
620 1984 856 2035 frequentius
875 1985 927 2021 sic
957 1984 1032 2021 dici

369 2052 489 2092 quam
524 2043 710 2093 γυναῖκες
737 2039 805 2079 καὶ
835 2041 975 2088 παῖδες
1003 2054 1033 2080 S.

369 2094 486 2135 τέκνα
506 2097 669 2144 monuit,
679 2098 808 2134 multiS
828 2097 919 2134 locis
940 2098 1035 2134 alla-

368 2153 427 2199 tis,
457 2151 732 2191 Wachsmuth.
771 2154 921 2191 Hellen.
961 2155 1034 2190 Al—

371 2207 602 2246 terthumsk.
623 2210 671 2257 11,
701 2211 718 2246 I
739 2223 826 2261 pag.
852 2213 945 2251 171.
974 2212 1032 2247 Ita

370 2277 484 2315 supra
516 2265 561 2312 V,
595 2267 660 2307 14.
695 2268 740 2302 Iu
773 2280 848 2318 qua
867 2268 1033 2304 formula

372 2322 577 2358 articulum
624 2323 852 2375 plerumque
891 2324 1032 2371 abesse,

371 2378 544 2414 observat
574 2379 740 2415 Sintenis
770 2379 818 2416 ad
839 2379 1034 2417 Plutarch.

371 2432 622 2473 Themistocl.
665 2448 753 2486 pag.
792 2439 859 2477 68.
888 2458 945 2464 —-
989 2438 1033 2472 Iu

371 2503 479 2542 seqq.
501 2486 628 2529 αὐτοῦ
658 2493 757 2528 valet
778 2493 840 2540 ibi,
883 2494 907 2529 i.
938 2507 972 2529 e.
994 2494 1033 2528 in

372 2548 471 2597 agris
507 2547 581 2584 suis
614 2548 798 2585 Asiaticis.
856 2549 918 2585 Ad
954 2550 1034 2586 for-

374 2616 480 2640 mam
503 2599 689 2642 ἀπικέατο
721 2605 822 2641 conf.
844 2607 873 2652 Ι,
898 2604 977 2645 152
997 2612 1033 2641 et

373 2658 422 2696 ad
452 2660 686 2696 locutionem
713 2656 813 2698 κατοῖ
840 2657 968 2707 πόδας
997 2660 1035 2712 (e

374 2717 539 2766 vestigio)
561 2716 744 2754 Herodot.
767 2719 834 2763 lx,
866 2719 931 2764 89,
962 2719 1034 2754 alia

375 2785 473 2824 quae
495 2773 618 2809 attulit
646 2772 811 2810 Fischer.
840 2773 887 2809 ad
919 2775 1034 2810 wel—

377 2830 444 2866 ier.
464 2830 529 2876 ΠΙ,
551 2842 638 2880 pag.
664 2832 756 2871 189.

1141 1497 1193 1546 ὥς
1215 1498 1257 1539 δὲ
1279 1493 1327 1539 ου’
1346 1496 1563 1550 κατέλαβον
1577 1514 1613 1538 κ.
1636 1514 1669 1538 τ.
1690 1498 1745 1548 λ.]
1812 1535 1815 1538 ,

1082 1557 1109 1593 i.
1138 1569 1172 1592 e.
1208 1556 1279 1593 Ubi
1305 1568 1384 1592 vero
1413 1556 1493 1593 illos
1534 1554 1746 1606 (fugientes)

1083 1625 1150 1649 non
1173 1616 1253 1649 sunt
1279 1614 1448 1656 assecuti,
1473 1625 1639 1661 praecone
1665 1615 1747 1649 mis-

1085 1682 1123 1705 so
1149 1669 1197 1706 ad
1228 1669 1352 1706 Chium
1382 1668 1568 1705 edixerunt
1597 1667 1749 1706 Paeoni-

1087 1726 1172 1774 bus,
1202 1730 1242 1762 ut
1269 1725 1438 1762 redirent.
1496 1724 1558 1761 Ad
1587 1726 1749 1762 verbum

1086 1777 1408 1832 καταλαμβάνειν
1445 1781 1546 1818 conf.
1584 1782 1656 1829 VI,
1694 1782 1749 1821 29

1088 1845 1125 1874 et
1141 1837 1189 1875 ad
1216 1836 1497 1888 ἐπηγγέλλοντο
1527 1836 1680 1874 laudata
1701 1836 1750 1874 ad

1087 1894 1150 1941 IV,
1175 1896 1252 1934 119
1275 1901 1311 1930 et
1324 1893 1371 1930 ad
1393 1890 1496 1940 ὅκως
1515 1891 1564 1932 ἂν
1583 1907 1752 1946 sequen-

1089 1957 1128 1987 te
1168 1951 1336 2000 optativo
1374 1951 1405 1997 Ι,
1445 1950 1499 1991 75
1525 1951 1610 1998 alia,
1651 1963 1750 2003 quae

1091 2005 1275 2043 Matthiae
1306 2007 1430 2044 attulit
1461 2008 1527 2045 Gr.
1558 2008 1625 2044 Gr.
1656 2020 1747 2059 pag.

1095 2066 1215 2103 1002.
1291 2062 1354 2099 Ad
1393 2059 1520 2102 ὀπίσω
1558 2058 1752 2103 οἷπελθεῐν

1091 2119 1193 2157 conf.
1215 2125 1310 2156 nott.
1332 2118 1380 2156 ad
1400 2121 1466 2168 ΙΙΙ,
1490 2122 1554 2160 16.
1585 2121 1630 2169 V,
1654 2123 1723 2162 27.

1145 2207 1184 2255 ἐς
1212 2208 1440 2258 Δορίσκον]
1478 2211 1535 2247 Ita
1564 2210 1752 2248 vocabant

1091 2277 1197 2301 oram
1246 2263 1434 2302 Thraciae
1489 2267 1645 2316 planam
1702 2266 1750 2305 ad

1090 2327 1294 2372 utramque
1308 2323 1437 2368 Hebri,
1463 2324 1529 2373 qui
1550 2336 1652 2359 nuuc
1665 2325 1751 2360 Ma-

1090 2379 1182 2414 ritza
1206 2385 1384 2425 vocatur,
1414 2380 1453 2414 in
1475 2391 1579 2415 mare
1603 2393 1752 2416 exeun-

1089 2435 1135 2471 tis
1172 2435 1314 2484 ripam,
1353 2434 1591 2472 occidentem
1622 2449 1751 2473 versus

1090 2493 1334 2540 praesertim3
1378 2493 1416 2527 in
1445 2505 1521 2544 qua
1562 2499 1691 2543 postea
1728 2505 1752 2530 a

1091 2548 1205 2583 Dario
1245 2549 1442 2584 castellum
1490 2549 1560 2585 fuit
1600 2556 1752 2586 exstru-

1091 2610 1208 2651 ctum,
1230 2606 1291 2640 cui
1310 2603 1413 2642 idom
1433 2605 1576 2642 Dorisci
1595 2618 1753 2643 nomeu.

1090 2659 1175 2696 Vid.
1198 2659 1341 2697 Herod.
1356 2662 1437 2706 Vll,
1459 2662 1524 2709 59,
1547 2675 1594 2698 ex
1615 2675 1691 2714 quo
1714 2669 1754 2700 et

1091 2717 1236 2754 Plinius
1263 2719 1311 2754 H.
1343 2720 1389 2755 N.
1413 2718 1486 2765 lv,
1522 2722 1567 2759 11
1593 2725 1629 2755 et
1652 2719 1754 2756 Mela

1091 2774 1138 2815 ΙΙ,
1160 2775 1186 2812 2
1207 2775 1243 2819 §.
1276 2776 1301 2815 8
1339 2774 1422 2822 (ubi
1445 2774 1494 2811 cs.
1524 2773 1754 2812 Tzschucke

1091 2835 1188 2866 nott.
1211 2842 1347 2880 exegg.
1368 2831 1451 2868 Vol.
1473 2832 1524 2868 111
1544 2832 1591 2869 Ρ.
1610 2833 1646 2868 Π
1665 2843 1753 2883 pag.
