<?xml version="1.0" encoding="UTF-8"?>
<!DOCTYPE html PUBLIC "-//W3C//DTD XHTML 1.0 Transitional//EN"
    "http://www.w3.org/TR/xhtml1/DTD/xhtml1-transitional.dtd">
<html xmlns="http://www.w3.org/1999/xhtml" xml:lang="en" lang="en">
 <head>
  <title>
</title>
<meta http-equiv="Content-Type" content="text/html;charset=utf-8" />
  <meta name='ocr-system' content='tesseract 3.04.00' />
  <meta name='ocr-capabilities' content='ocr_page ocr_carea ocr_par ocr_line ocrx_word'/>
</head>
<body>
  <div class='ocr_page' id='page_1' title='image "./musaeher03hero/musaeher03hero_0823.png"; bbox 0 0 1897 3340; ppageno 0'>
   <div class='ocr_carea' id='block_1_1' title="bbox 0 2998 15 3340">
    <p class='ocr_par' dir='ltr' id='par_1_1' title="bbox 0 2998 15 3340">
     <span class='ocr_line' id='line_1_1' title="bbox 0 2998 15 3340; baseline 0 0"><span class='ocrx_word' id='word_1_1' title='bbox 0 2998 15 3340; x_wconf 95' lang='lat' dir='ltr'><strong> </strong></span> 
     </span>
    </p>
   </div>
   <div class='ocr_carea' id='block_1_2' title="bbox 60 199 1560 250">
    <p class='ocr_par' dir='ltr' id='par_1_2' title="bbox 60 199 1560 250">
     <span class='ocr_line' id='line_1_2' title="bbox 60 199 1560 250; baseline 0.005 -17"><span class='ocrx_word' id='word_1_2' title='bbox 60 205 78 222; x_wconf 82' lang='lat'><strong>·</strong></span> <span class='ocrx_word' id='word_1_3' title='bbox 396 200 485 237; x_wconf 92' lang='lat' dir='ltr'><strong>AD</strong></span> <span class='ocrx_word' id='word_1_4' title='bbox 534 199 1002 239; x_wconf 85' lang='lat' dir='ltr'><strong>HERODOTUM</strong></span> <span class='ocrx_word' id='word_1_5' title='bbox 1048 200 1130 250; x_wconf 87' lang='lat' dir='ltr'><strong>VI,</strong></span> <span class='ocrx_word' id='word_1_6' title='bbox 1183 207 1256 245; x_wconf 76' lang='lat'><strong>69,</strong></span> <span class='ocrx_word' id='word_1_7' title='bbox 1477 212 1560 250; x_wconf 73' lang='lat'><strong>809</strong></span> 
     </span>
    </p>
   </div>
   <div class='ocr_carea' id='block_1_3' title="bbox 70 310 1564 1042">
    <p class='ocr_par' dir='ltr' id='par_1_3' title="bbox 71 310 1557 432">
     <span class='ocr_line' id='line_1_3' title="bbox 72 310 1557 369; baseline 0.005 -21"><span class='ocrx_word' id='word_1_8' title='bbox 72 312 222 349; x_wconf 77' lang='lat' dir='ltr'>asinarii</span> <span class='ocrx_word' id='word_1_9' title='bbox 245 312 405 350; x_wconf 79' lang='lat' dir='ltr'><strong>infames</strong></span> <span class='ocrx_word' id='word_1_10' title='bbox 427 313 624 351; x_wconf 89' lang='lat' dir='ltr'><strong>dicuntur:</strong></span> <span class='ocrx_word' id='word_1_11' title='bbox 655 314 866 351; x_wconf 78' lang='lat' dir='ltr'>Pausaniae</span> <span class='ocrx_word' id='word_1_12' title='bbox 882 311 1053 349; x_wconf 84' lang='lat' dir='ltr'><strong>doctrina</strong></span> <span class='ocrx_word' id='word_1_13' title='bbox 1069 310 1292 352; x_wconf 83' lang='lat' dir='ltr'><strong>huncnobis</strong></span> <span class='ocrx_word' id='word_1_14' title='bbox 1313 329 1423 354; x_wconf 89' lang='lat' dir='ltr'><strong>usum</strong></span> <span class='ocrx_word' id='word_1_15' title='bbox 1445 333 1557 369; x_wconf 85' lang='lat' dir='ltr'><strong>prae-</strong></span> 
     </span>
     <span class='ocr_line' id='line_1_4' title="bbox 71 379 1557 432; baseline 0.005 -15"><span class='ocrx_word' id='word_1_16' title='bbox 71 387 154 429; x_wconf 83' lang='lat' dir='ltr'>stat,</span> <span class='ocrx_word' id='word_1_17' title='bbox 176 388 216 417; x_wconf 90' lang='lat' dir='ltr'><strong>ut</strong></span> <span class='ocrx_word' id='word_1_18' title='bbox 236 381 425 432; x_wconf 90' lang='lat' dir='ltr'><strong>Alopecus</strong></span> <span class='ocrx_word' id='word_1_19' title='bbox 446 379 556 418; x_wconf 85' lang='lat' dir='ltr'><strong>heros</strong></span> <span class='ocrx_word' id='word_1_20' title='bbox 578 381 659 432; x_wconf 78' lang='lat' dir='ltr'><strong>rusi</strong></span> <span class='ocrx_word' id='word_1_21' title='bbox 675 383 771 418; x_wconf 78' lang='lat' dir='ltr'><strong>asini</strong></span> <span class='ocrx_word' id='word_1_22' title='bbox 786 380 1102 430; x_wconf 85' lang='lat' dir='ltr'><strong>significationem</strong></span> <span class='ocrx_word' id='word_1_23' title='bbox 1114 394 1336 419; x_wconf 82' lang='lat' dir='ltr'><strong>conservare</strong></span> <span class='ocrx_word' id='word_1_24' title='bbox 1349 385 1557 425; x_wconf 76' lang='lat' dir='ltr'><strong>videatur.“</strong></span> 
     </span>
    </p>

    <p class='ocr_par' dir='ltr' id='par_1_4' title="bbox 70 445 1564 1042">
     <span class='ocr_line' id='line_1_5' title="bbox 184 445 1557 500; baseline 0.004 -15"><span class='ocrx_word' id='word_1_25' title='bbox 184 447 289 495; x_wconf 83' lang='lat' dir='ltr'><strong>„Sed</strong></span> <span class='ocrx_word' id='word_1_26' title='bbox 310 445 434 500; x_wconf 80' lang='lat' dir='ltr'><strong>quid?</strong></span> <span class='ocrx_word' id='word_1_27' title='bbox 465 456 621 500; x_wconf 83' lang='lat' dir='ltr'><strong>quaerat</strong></span> <span class='ocrx_word' id='word_1_28' title='bbox 641 449 840 500; x_wconf 85' lang='lat' dir='ltr'><strong>quispiam,</strong></span> <span class='ocrx_word' id='word_1_29' title='bbox 899 448 1122 485; x_wconf 87' lang='lat' dir='ltr'><strong>Contemtus</strong></span> <span class='ocrx_word' id='word_1_30' title='bbox 1152 450 1332 487; x_wconf 71' lang='lat' dir='ltr'><strong>asinarius</strong></span> <span class='ocrx_word' id='word_1_31' title='bbox 1365 459 1400 487; x_wconf 81' lang='lat' dir='ltr'><strong>et</strong></span> <span class='ocrx_word' id='word_1_32' title='bbox 1430 460 1557 490; x_wconf 81' lang='lat' dir='ltr'><strong>tamen</strong></span> 
     </span>
     <span class='ocr_line' id='line_1_6' title="bbox 72 513 1563 569; baseline 0.003 -18"><span class='ocrx_word' id='word_1_33' title='bbox 72 513 248 553; x_wconf 76' lang='lat' dir='ltr'><strong>heroibus</strong></span> <span class='ocrx_word' id='word_1_34' title='bbox 268 517 507 567; x_wconf 88' lang='lat' dir='ltr'><strong>interpositus</strong></span> <span class='ocrx_word' id='word_1_35' title='bbox 528 523 640 568; x_wconf 87' lang='lat' dir='ltr'><strong>atque</strong></span> <span class='ocrx_word' id='word_1_36' title='bbox 660 514 756 552; x_wconf 84' lang='lat' dir='ltr'><strong>adeo</strong></span> <span class='ocrx_word' id='word_1_37' title='bbox 777 515 1067 553; x_wconf 86' lang='lat' dir='ltr'><strong>Heraclidarum</strong></span> <span class='ocrx_word' id='word_1_38' title='bbox 1089 518 1195 569; x_wconf 82' lang='lat' dir='ltr'>quasi</span> <span class='ocrx_word' id='word_1_39' title='bbox 1217 519 1446 568; x_wconf 86' lang='lat' dir='ltr'><strong>imaginibus</strong></span> <span class='ocrx_word' id='word_1_40' title='bbox 1479 522 1563 557; x_wconf 82' lang='lat' dir='ltr'><strong>illa-</strong></span> 
     </span>
     <span class='ocr_line' id='line_1_7' title="bbox 70 580 1562 637; baseline 0.003 -18"><span class='ocrx_word' id='word_1_41' title='bbox 70 580 162 620; x_wconf 77' lang='lat' dir='ltr'><strong>tus?</strong></span> <span class='ocrx_word' id='word_1_42' title='bbox 190 606 246 610; x_wconf 83' lang='lat'><strong>—</strong></span> <span class='ocrx_word' id='word_1_43' title='bbox 276 585 444 637; x_wconf 82' lang='lat' dir='ltr'>Uterque</span> <span class='ocrx_word' id='word_1_44' title='bbox 472 596 605 635; x_wconf 84' lang='lat' dir='ltr'><strong>porro,</strong></span> <span class='ocrx_word' id='word_1_45' title='bbox 641 585 809 632; x_wconf 82' lang='lat' dir='ltr'><strong>cumis,</strong></span> <span class='ocrx_word' id='word_1_46' title='bbox 841 586 906 636; x_wconf 89' lang='lat' dir='ltr'><strong>qui</strong></span> <span class='ocrx_word' id='word_1_47' title='bbox 929 585 976 621; x_wconf 89' lang='lat' dir='ltr'><strong>ab</strong></span> <span class='ocrx_word' id='word_1_48' title='bbox 998 586 1110 622; x_wconf 89' lang='lat' dir='ltr'><strong>asinis</strong></span> <span class='ocrx_word' id='word_1_49' title='bbox 1135 598 1280 622; x_wconf 86' lang='lat' dir='ltr'><strong>nomen</strong></span> <span class='ocrx_word' id='word_1_50' title='bbox 1310 584 1449 631; x_wconf 79' lang='lat' dir='ltr'><strong>habet,</strong></span> <span class='ocrx_word' id='word_1_51' title='bbox 1481 594 1562 624; x_wconf 87' lang='lat' dir='ltr'><strong>tum</strong></span> 
     </span>
     <span class='ocr_line' id='line_1_8' title="bbox 71 651 1563 705; baseline 0.002 -18"><span class='ocrx_word' id='word_1_52' title='bbox 71 652 138 703; x_wconf 90' lang='lat' dir='ltr'><strong>qui</strong></span> <span class='ocrx_word' id='word_1_53' title='bbox 157 664 179 688; x_wconf 84' lang='lat' dir='ltr'>a</span> <span class='ocrx_word' id='word_1_54' title='bbox 198 653 312 703; x_wconf 82' lang='lat' dir='ltr'>vulpe</span> <span class='ocrx_word' id='word_1_55' title='bbox 326 683 335 700; x_wconf 81' lang='lat'>‚</span> <span class='ocrx_word' id='word_1_56' title='bbox 352 665 544 689; x_wconf 89' lang='lat' dir='ltr'><strong>sacrorum</strong></span> <span class='ocrx_word' id='word_1_57' title='bbox 560 652 674 688; x_wconf 86' lang='lat' dir='ltr'><strong>etiam</strong></span> <span class='ocrx_word' id='word_1_58' title='bbox 695 653 867 688; x_wconf 85' lang='lat' dir='ltr'><strong>minister</strong></span> <span class='ocrx_word' id='word_1_59' title='bbox 886 651 1172 705; x_wconf 76' lang='lat' dir='ltr'><strong>inventorque?</strong></span> <span class='ocrx_word' id='word_1_60' title='bbox 1193 653 1332 690; x_wconf 88' lang='lat' dir='ltr'><strong>Audio.</strong></span> <span class='ocrx_word' id='word_1_61' title='bbox 1366 656 1486 704; x_wconf 72' lang='lat' dir='ltr'><strong>Igitur</strong></span> <span class='ocrx_word' id='word_1_62' title='bbox 1506 656 1563 690; x_wconf 90' lang='lat' dir='ltr'><strong>al-</strong></span> 
     </span>
     <span class='ocr_line' id='line_1_9' title="bbox 70 719 1562 773; baseline 0.003 -18"><span class='ocrx_word' id='word_1_63' title='bbox 70 719 145 756; x_wconf 89' lang='lat' dir='ltr'><strong>tius</strong></span> <span class='ocrx_word' id='word_1_64' title='bbox 179 719 450 772; x_wconf 82' lang='lat' dir='ltr'><strong>inquirendum</strong></span> <span class='ocrx_word' id='word_1_65' title='bbox 481 727 518 756; x_wconf 85' lang='lat' dir='ltr'><strong>et</strong></span> <span class='ocrx_word' id='word_1_66' title='bbox 548 719 868 757; x_wconf 83' lang='lat' dir='ltr'><strong>considerandum</strong></span> <span class='ocrx_word' id='word_1_67' title='bbox 899 721 1008 757; x_wconf 84' lang='lat' dir='ltr'><strong>nobis</strong></span> <span class='ocrx_word' id='word_1_68' title='bbox 1039 728 1118 768; x_wconf 86' lang='lat' dir='ltr'><strong>est,</strong></span> <span class='ocrx_word' id='word_1_69' title='bbox 1150 721 1346 773; x_wconf 79' lang='lat' dir='ltr'><strong>quomodo</strong></span> <span class='ocrx_word' id='word_1_70' title='bbox 1368 721 1462 759; x_wconf 83' lang='lat' dir='ltr'><strong>haec</strong></span> <span class='ocrx_word' id='word_1_71' title='bbox 1483 730 1562 759; x_wconf 79' lang='lat' dir='ltr'><strong>tam</strong></span> 
     </span>
     <span class='ocr_line' id='line_1_10' title="bbox 71 787 1563 841; baseline 0.003 -17"><span class='ocrx_word' id='word_1_72' title='bbox 71 787 233 824; x_wconf 88' lang='lat' dir='ltr'><strong>absurda</strong></span> <span class='ocrx_word' id='word_1_73' title='bbox 259 787 377 838; x_wconf 82' lang='lat' dir='ltr'><strong>digeri</strong></span> <span class='ocrx_word' id='word_1_74' title='bbox 407 789 550 838; x_wconf 82' lang='lat' dir='ltr'>possint</span> <span class='ocrx_word' id='word_1_75' title='bbox 582 795 619 825; x_wconf 86' lang='lat' dir='ltr'><strong>et</strong></span> <span class='ocrx_word' id='word_1_76' title='bbox 646 790 835 840; x_wconf 85' lang='lat' dir='ltr'><strong>concoqui</strong></span> <span class='ocrx_word' id='word_1_77' title='bbox 861 788 1164 841; x_wconf 86' lang='lat' dir='ltr'><strong>quodammodo.</strong></span> <span class='ocrx_word' id='word_1_78' title='bbox 1222 790 1306 835; x_wconf 78' lang='lat' dir='ltr'><strong>Qua</strong></span> <span class='ocrx_word' id='word_1_79' title='bbox 1335 792 1374 826; x_wconf 88' lang='lat' dir='ltr'><strong>in</strong></span> <span class='ocrx_word' id='word_1_80' title='bbox 1407 805 1446 827; x_wconf 87' lang='lat' dir='ltr'><strong>re</strong></span> <span class='ocrx_word' id='word_1_81' title='bbox 1475 798 1563 828; x_wconf 82' lang='lat' dir='ltr'><strong>ante</strong></span> 
     </span>
     <span class='ocr_line' id='line_1_11' title="bbox 72 855 1562 910; baseline 0.003 -18"><span class='ocrx_word' id='word_1_82' title='bbox 72 858 200 892; x_wconf 91' lang='lat' dir='ltr'><strong>omnia</strong></span> <span class='ocrx_word' id='word_1_83' title='bbox 217 855 311 892; x_wconf 87' lang='lat' dir='ltr'><strong>illud</strong></span> <span class='ocrx_word' id='word_1_84' title='bbox 332 855 571 904; x_wconf 81' lang='lat' dir='ltr'><strong>cavendum,</strong></span> <span class='ocrx_word' id='word_1_85' title='bbox 601 870 651 893; x_wconf 87' lang='lat' dir='ltr'><strong>ne</strong></span> <span class='ocrx_word' id='word_1_86' title='bbox 674 856 722 893; x_wconf 92' lang='lat' dir='ltr'><strong>ad</strong></span> <span class='ocrx_word' id='word_1_87' title='bbox 753 857 872 893; x_wconf 87' lang='lat' dir='ltr'><strong>nostri</strong></span> <span class='ocrx_word' id='word_1_88' title='bbox 899 857 1045 907; x_wconf 84' lang='lat' dir='ltr'><strong>ingenii</strong></span> <span class='ocrx_word' id='word_1_89' title='bbox 1074 870 1307 910; x_wconf 86' lang='lat' dir='ltr'><strong>morumque</strong></span> <span class='ocrx_word' id='word_1_90' title='bbox 1344 866 1562 896; x_wconf 86' lang='lat' dir='ltr'><strong>nostrorum</strong></span> 
     </span>
     <span class='ocr_line' id='line_1_12' title="bbox 70 923 1563 977; baseline 0.001 -16"><span class='ocrx_word' id='word_1_91' title='bbox 70 923 241 961; x_wconf 81' lang='lat' dir='ltr'><strong>indolem</strong></span> <span class='ocrx_word' id='word_1_92' title='bbox 261 925 468 961; x_wconf 82' lang='lat' dir='ltr'>reseramus</span> <span class='ocrx_word' id='word_1_93' title='bbox 489 926 628 975; x_wconf 86' lang='lat' dir='ltr'><strong>priscas</strong></span> <span class='ocrx_word' id='word_1_94' title='bbox 648 925 849 974; x_wconf 77' lang='lat' dir='ltr'><strong>religiones</strong></span> <span class='ocrx_word' id='word_1_95' title='bbox 868 925 1176 977; x_wconf 78' lang='lat' dir='ltr'><strong>religionumque</strong></span> <span class='ocrx_word' id='word_1_96' title='bbox 1195 934 1350 963; x_wconf 84' lang='lat' dir='ltr'><strong>tesseras</strong></span> <span class='ocrx_word' id='word_1_97' title='bbox 1372 940 1414 963; x_wconf 94' lang='lat' dir='ltr'><strong>ac</strong></span> <span class='ocrx_word' id='word_1_98' title='bbox 1452 928 1563 964; x_wconf 77' lang='lat' dir='ltr'><strong>fabu-</strong></span> 
     </span>
     <span class='ocr_line' id='line_1_13' title="bbox 70 990 1564 1042; baseline 0.003 -14"><span class='ocrx_word' id='word_1_99' title='bbox 70 992 139 1030; x_wconf 89' lang='lat' dir='ltr'><strong>las.</strong></span> <span class='ocrx_word' id='word_1_100' title='bbox 195 994 246 1029; x_wconf 85' lang='lat' dir='ltr'><strong>Et</strong></span> <span class='ocrx_word' id='word_1_101' title='bbox 265 1005 395 1029; x_wconf 90' lang='lat' dir='ltr'><strong>nonne</strong></span> <span class='ocrx_word' id='word_1_102' title='bbox 415 994 455 1028; x_wconf 89' lang='lat' dir='ltr'><strong>in</strong></span> <span class='ocrx_word' id='word_1_103' title='bbox 485 993 696 1030; x_wconf 81' lang='lat' dir='ltr'><strong>vernaculis</strong></span> <span class='ocrx_word' id='word_1_104' title='bbox 725 995 841 1029; x_wconf 87' lang='lat' dir='ltr'><strong>etiam</strong></span> <span class='ocrx_word' id='word_1_105' title='bbox 870 990 1057 1030; x_wconf 82' lang='lat' dir='ltr'><strong>chronicis</strong></span> <span class='ocrx_word' id='word_1_106' title='bbox 1078 995 1248 1042; x_wconf 86' lang='lat' dir='ltr'><strong>nomina,</strong></span> <span class='ocrx_word' id='word_1_107' title='bbox 1270 995 1316 1031; x_wconf 87' lang='lat' dir='ltr'><strong>ab</strong></span> <span class='ocrx_word' id='word_1_108' title='bbox 1338 996 1564 1034; x_wconf 80' lang='lat' dir='ltr'><strong>animalibus</strong></span> 
     </span>
    </p>
   </div>
   <div class='ocr_carea' id='block_1_4' title="bbox 72 1059 1565 1114">
    <p class='ocr_par' dir='ltr' id='par_1_5' title="bbox 72 1059 1565 1114">
     <span class='ocr_line' id='line_1_14' title="bbox 72 1059 1565 1114; baseline 0.004 -18"><span class='ocrx_word' id='word_1_109' title='bbox 72 1059 266 1108; x_wconf 87' lang='lat' dir='ltr'><strong>desumta‚</strong></span> <span class='ocrx_word' id='word_1_110' title='bbox 321 1061 496 1112; x_wconf 85' lang='lat' dir='ltr'><strong>imposita</strong></span> <span class='ocrx_word' id='word_1_111' title='bbox 535 1061 775 1112; x_wconf 86' lang='lat' dir='ltr'><strong>reperiuntur</strong></span> <span class='ocrx_word' id='word_1_112' title='bbox 802 1061 892 1100; x_wconf 88' lang='lat' dir='ltr'><strong>viris</strong></span> <span class='ocrx_word' id='word_1_113' title='bbox 928 1062 1162 1114; x_wconf 86' lang='lat' dir='ltr'><strong>principibus</strong></span> <span class='ocrx_word' id='word_1_114' title='bbox 1194 1076 1238 1100; x_wconf 90' lang='lat' dir='ltr'><strong>ac</strong></span> <span class='ocrx_word' id='word_1_115' title='bbox 1275 1061 1470 1102; x_wconf 77' lang='lat' dir='ltr'><strong>honoratis</strong></span> <span class='ocrx_word' id='word_1_116' title='bbox 1502 1066 1565 1102; x_wconf 87' lang='lat' dir='ltr'><strong>in-</strong></span> 
     </span>
    </p>
   </div>
   <div class='ocr_carea' id='block_1_5' title="bbox 72 1125 277 1180">
    <p class='ocr_par' dir='ltr' id='par_1_6' title="bbox 72 1125 277 1180">
     <span class='ocr_line' id='line_1_15' title="bbox 72 1125 277 1180; baseline 0.005 -15"><span class='ocrx_word' id='word_1_117' title='bbox 72 1129 202 1180; x_wconf 84' lang='lat' dir='ltr'><strong>primis</strong></span> <span class='ocrx_word' id='word_1_118' title='bbox 219 1125 238 1166; x_wconf 76' lang='lat'>?</span> <span class='ocrx_word' id='word_1_119' title='bbox 253 1129 277 1148; x_wconf 72' lang='lat'><strong>‘⁶</strong></span> 
     </span>
    </p>
   </div>
   <div class='ocr_carea' id='block_1_6' title="bbox 72 1197 1574 1867">
    <p class='ocr_par' dir='ltr' id='par_1_7' title="bbox 72 1197 1574 1867">
     <span class='ocr_line' id='line_1_16' title="bbox 186 1197 1564 1254; baseline 0.004 -21"><span class='ocrx_word' id='word_1_120' title='bbox 186 1198 292 1243; x_wconf 81' lang='lat' dir='ltr'><strong>Quae</strong></span> <span class='ocrx_word' id='word_1_121' title='bbox 307 1197 384 1234; x_wconf 89' lang='lat' dir='ltr'><strong>iam</strong></span> <span class='ocrx_word' id='word_1_122' title='bbox 400 1211 422 1235; x_wconf 88' lang='lat' dir='ltr'>a</span> <span class='ocrx_word' id='word_1_123' title='bbox 445 1198 476 1236; x_wconf 88' lang='lat' dir='ltr'>C</span> <span class='ocrx_word' id='word_1_124' title='bbox 484 1211 514 1235; x_wconf 88' lang='lat' dir='ltr'><strong>r.</strong></span> <span class='ocrx_word' id='word_1_125' title='bbox 538 1199 745 1237; x_wconf 85' lang='lat' dir='ltr'><strong>instituitur</strong></span> <span class='ocrx_word' id='word_1_126' title='bbox 766 1199 966 1252; x_wconf 89' lang='lat' dir='ltr'><strong>disputatio</strong></span> <span class='ocrx_word' id='word_1_127' title='bbox 980 1231 990 1250; x_wconf 86' lang='lat'>‚</span> <span class='ocrx_word' id='word_1_128' title='bbox 1020 1201 1171 1253; x_wconf 79' lang='lat' dir='ltr'><strong>longior</strong></span> <span class='ocrx_word' id='word_1_129' title='bbox 1198 1214 1314 1254; x_wconf 83' lang='lat' dir='ltr'><strong>quam</strong></span> <span class='ocrx_word' id='word_1_130' title='bbox 1336 1215 1431 1254; x_wconf 84' lang='lat' dir='ltr'><strong>quae</strong></span> <span class='ocrx_word' id='word_1_131' title='bbox 1462 1201 1564 1238; x_wconf 87' lang='lat' dir='ltr'><strong>inte-</strong></span> 
     </span>
     <span class='ocr_line' id='line_1_17' title="bbox 72 1263 1563 1322; baseline 0.003 -20"><span class='ocrx_word' id='word_1_132' title='bbox 72 1279 141 1317; x_wconf 85' lang='lat' dir='ltr'><strong>gra</strong></span> <span class='ocrx_word' id='word_1_133' title='bbox 160 1263 236 1303; x_wconf 90' lang='lat' dir='ltr'><strong>huc</strong></span> <span class='ocrx_word' id='word_1_134' title='bbox 250 1273 474 1317; x_wconf 82' lang='lat' dir='ltr'><strong>apponatur,</strong></span> <span class='ocrx_word' id='word_1_135' title='bbox 496 1267 543 1304; x_wconf 93' lang='lat' dir='ltr'><strong>ab</strong></span> <span class='ocrx_word' id='word_1_136' title='bbox 563 1269 761 1320; x_wconf 81' lang='lat' dir='ltr'><strong>Aegyptiis</strong></span> <span class='ocrx_word' id='word_1_137' title='bbox 781 1269 927 1308; x_wconf 89' lang='lat' dir='ltr'><strong>orditur</strong></span> <span class='ocrx_word' id='word_1_138' title='bbox 947 1271 1108 1317; x_wconf 86' lang='lat' dir='ltr'><strong>asinum,</strong></span> <span class='ocrx_word' id='word_1_139' title='bbox 1130 1268 1378 1322; x_wconf 87' lang='lat' dir='ltr'><strong>Typhoniam</strong></span> <span class='ocrx_word' id='word_1_140' title='bbox 1390 1272 1563 1318; x_wconf 84' lang='lat' dir='ltr'><strong>bestiam,</strong></span> 
     </span>
     <span class='ocr_line' id='line_1_18' title="bbox 72 1336 1565 1382; baseline 0.003 -11"><span class='ocrx_word' id='word_1_141' title='bbox 72 1336 407 1372; x_wconf 82' lang='lat' dir='ltr'><strong>contemnentibus</strong></span> <span class='ocrx_word' id='word_1_142' title='bbox 425 1365 434 1382; x_wconf 89' lang='lat'>‚</span> <span class='ocrx_word' id='word_1_143' title='bbox 454 1337 710 1373; x_wconf 89' lang='lat' dir='ltr'><strong>mulcantibus</strong></span> <span class='ocrx_word' id='word_1_144' title='bbox 731 1344 767 1374; x_wconf 89' lang='lat' dir='ltr'><strong>et</strong></span> <span class='ocrx_word' id='word_1_145' title='bbox 786 1344 918 1375; x_wconf 88' lang='lat' dir='ltr'><strong>tamen</strong></span> <span class='ocrx_word' id='word_1_146' title='bbox 938 1341 993 1375; x_wconf 88' lang='lat' dir='ltr'><strong>rei</strong></span> <span class='ocrx_word' id='word_1_147' title='bbox 1013 1352 1140 1376; x_wconf 87' lang='lat' dir='ltr'><strong>sacrae</strong></span> <span class='ocrx_word' id='word_1_148' title='bbox 1163 1338 1330 1375; x_wconf 89' lang='lat' dir='ltr'><strong>eundem</strong></span> <span class='ocrx_word' id='word_1_149' title='bbox 1347 1338 1565 1376; x_wconf 79' lang='lat' dir='ltr'><strong>adhibenti-</strong></span> 
     </span>
     <span class='ocr_line' id='line_1_19' title="bbox 75 1404 1564 1459; baseline 0.003 -20"><span class='ocrx_word' id='word_1_150' title='bbox 75 1404 170 1448; x_wconf 84' lang='lat' dir='ltr'><strong>bus,</strong></span> <span class='ocrx_word' id='word_1_151' title='bbox 198 1404 382 1439; x_wconf 88' lang='lat' dir='ltr'><strong>nimirum</strong></span> <span class='ocrx_word' id='word_1_152' title='bbox 402 1404 555 1451; x_wconf 81' lang='lat' dir='ltr'><strong>Isiacae,</strong></span> <span class='ocrx_word' id='word_1_153' title='bbox 577 1418 622 1441; x_wconf 89' lang='lat' dir='ltr'><strong>eo</strong></span> <span class='ocrx_word' id='word_1_154' title='bbox 642 1406 722 1442; x_wconf 90' lang='lat' dir='ltr'><strong>scil.</strong></span> <span class='ocrx_word' id='word_1_155' title='bbox 742 1419 868 1455; x_wconf 84' lang='lat' dir='ltr'><strong>sensu,</strong></span> <span class='ocrx_word' id='word_1_156' title='bbox 899 1414 941 1444; x_wconf 90' lang='lat' dir='ltr'><strong>ut</strong></span> <span class='ocrx_word' id='word_1_157' title='bbox 961 1415 1146 1459; x_wconf 85' lang='lat' dir='ltr'><strong>tanquam</strong></span> <span class='ocrx_word' id='word_1_158' title='bbox 1165 1409 1284 1457; x_wconf 83' lang='lat' dir='ltr'><strong>turpis</strong></span> <span class='ocrx_word' id='word_1_159' title='bbox 1304 1408 1422 1444; x_wconf 79' lang='lat' dir='ltr'><strong>bestia</strong></span> <span class='ocrx_word' id='word_1_160' title='bbox 1443 1420 1564 1458; x_wconf 88' lang='lat' dir='ltr'><strong>oppo-</strong></span> 
     </span>
     <span class='ocr_line' id='line_1_20' title="bbox 74 1472 1567 1528; baseline 0.002 -21"><span class='ocrx_word' id='word_1_161' title='bbox 74 1478 227 1508; x_wconf 87' lang='lat' dir='ltr'><strong>neretur</strong></span> <span class='ocrx_word' id='word_1_162' title='bbox 256 1472 503 1509; x_wconf 84' lang='lat' dir='ltr'><strong>nobilioribus</strong></span> <span class='ocrx_word' id='word_1_163' title='bbox 529 1485 572 1509; x_wconf 91' lang='lat' dir='ltr'><strong>ac</strong></span> <span class='ocrx_word' id='word_1_164' title='bbox 602 1474 728 1524; x_wconf 88' lang='lat' dir='ltr'><strong>specie</strong></span> <span class='ocrx_word' id='word_1_165' title='bbox 753 1473 821 1510; x_wconf 64' lang='lat' dir='ltr'><strong>sust</strong></span> <span class='ocrx_word' id='word_1_166' title='bbox 850 1476 1098 1528; x_wconf 89' lang='lat' dir='ltr'><strong>moribusque</strong></span> <span class='ocrx_word' id='word_1_167' title='bbox 1118 1474 1354 1527; x_wconf 80' lang='lat' dir='ltr'><strong>Typhonem</strong></span> <span class='ocrx_word' id='word_1_168' title='bbox 1375 1474 1567 1527; x_wconf 89' lang='lat' dir='ltr'><strong>quodam-</strong></span> 
     </span>
     <span class='ocr_line' id='line_1_21' title="bbox 73 1539 1568 1591; baseline 0.002 -14"><span class='ocrx_word' id='word_1_169' title='bbox 73 1539 190 1578; x_wconf 88' lang='lat' dir='ltr'><strong>modo</strong></span> <span class='ocrx_word' id='word_1_170' title='bbox 212 1541 366 1577; x_wconf 87' lang='lat' dir='ltr'><strong>referret</strong></span> <span class='ocrx_word' id='word_1_171' title='bbox 387 1554 474 1577; x_wconf 92' lang='lat' dir='ltr'><strong>cum</strong></span> <span class='ocrx_word' id='word_1_172' title='bbox 496 1548 627 1578; x_wconf 85' lang='lat' dir='ltr'><strong>contra</strong></span> <span class='ocrx_word' id='word_1_173' title='bbox 648 1543 757 1589; x_wconf 72' lang='lat' dir='ltr'><strong>canis,</strong></span> <span class='ocrx_word' id='word_1_174' title='bbox 788 1543 866 1591; x_wconf 83' lang='lat' dir='ltr'><strong>bos,</strong></span> <span class='ocrx_word' id='word_1_175' title='bbox 888 1544 984 1580; x_wconf 88' lang='lat' dir='ltr'><strong>aliae</strong></span> <span class='ocrx_word' id='word_1_176' title='bbox 1004 1545 1146 1581; x_wconf 85' lang='lat' dir='ltr'><strong>bestiae</strong></span> <span class='ocrx_word' id='word_1_177' title='bbox 1167 1546 1207 1580; x_wconf 90' lang='lat' dir='ltr'><strong>in</strong></span> <span class='ocrx_word' id='word_1_178' title='bbox 1227 1542 1382 1580; x_wconf 87' lang='lat' dir='ltr'><strong>historia</strong></span> <span class='ocrx_word' id='word_1_179' title='bbox 1413 1542 1568 1580; x_wconf 88' lang='lat' dir='ltr'><strong>Osiridis</strong></span> 
     </span>
     <span class='ocr_line' id='line_1_22' title="bbox 73 1607 1567 1665; baseline 0.001 -19"><span class='ocrx_word' id='word_1_180' title='bbox 73 1608 179 1646; x_wconf 56' lang='lat' dir='ltr'><strong>sacra</strong></span> <span class='ocrx_word' id='word_1_181' title='bbox 205 1621 357 1646; x_wconf 90' lang='lat' dir='ltr'><strong>summo</strong></span> <span class='ocrx_word' id='word_1_182' title='bbox 386 1607 533 1646; x_wconf 88' lang='lat' dir='ltr'><strong>honore</strong></span> <span class='ocrx_word' id='word_1_183' title='bbox 559 1611 857 1660; x_wconf 83' lang='lat' dir='ltr'><strong>impertirentur.</strong></span> <span class='ocrx_word' id='word_1_184' title='bbox 916 1612 1027 1649; x_wconf 87' lang='lat' dir='ltr'><strong>Unde</strong></span> <span class='ocrx_word' id='word_1_185' title='bbox 1056 1613 1284 1665; x_wconf 86' lang='lat' dir='ltr'><strong>antiquitus,</strong></span> <span class='ocrx_word' id='word_1_186' title='bbox 1320 1611 1444 1662; x_wconf 83' lang='lat' dir='ltr'><strong>pergit</strong></span> <span class='ocrx_word' id='word_1_187' title='bbox 1476 1610 1506 1648; x_wconf 90' lang='lat' dir='ltr'>C</span> <span class='ocrx_word' id='word_1_188' title='bbox 1519 1624 1567 1658; x_wconf 65' lang='lat' dir='ltr'><strong>r„</strong></span> 
     </span>
     <span class='ocr_line' id='line_1_23' title="bbox 75 1678 1569 1731; baseline 0 -17"><span class='ocrx_word' id='word_1_189' title='bbox 75 1678 224 1715; x_wconf 88' lang='lat' dir='ltr'><strong>asinarii</strong></span> <span class='ocrx_word' id='word_1_190' title='bbox 246 1684 282 1714; x_wconf 88' lang='lat' dir='ltr'><strong>et</strong></span> <span class='ocrx_word' id='word_1_191' title='bbox 300 1678 372 1728; x_wconf 90' lang='lat' dir='ltr'><strong>ipsi</strong></span> <span class='ocrx_word' id='word_1_192' title='bbox 390 1678 431 1714; x_wconf 90' lang='lat' dir='ltr'><strong>in</strong></span> <span class='ocrx_word' id='word_1_193' title='bbox 452 1684 667 1715; x_wconf 87' lang='lat' dir='ltr'><strong>contemtus</strong></span> <span class='ocrx_word' id='word_1_194' title='bbox 686 1680 906 1716; x_wconf 87' lang='lat' dir='ltr'><strong>societatem</strong></span> <span class='ocrx_word' id='word_1_195' title='bbox 926 1688 1125 1718; x_wconf 79' lang='lat' dir='ltr'><strong>venerunt.</strong></span> <span class='ocrx_word' id='word_1_196' title='bbox 1185 1681 1256 1718; x_wconf 84' lang='lat' dir='ltr'><strong>Cui</strong></span> <span class='ocrx_word' id='word_1_197' title='bbox 1283 1681 1414 1731; x_wconf 85' lang='lat' dir='ltr'><strong>generi</strong></span> <span class='ocrx_word' id='word_1_198' title='bbox 1439 1678 1569 1716; x_wconf 89' lang='lat' dir='ltr'><strong>homi-</strong></span> 
     </span>
     <span class='ocr_line' id='line_1_24' title="bbox 75 1745 1572 1800; baseline 0.001 -18"><span class='ocrx_word' id='word_1_199' title='bbox 75 1759 171 1783; x_wconf 91' lang='lat' dir='ltr'><strong>num</strong></span> <span class='ocrx_word' id='word_1_200' title='bbox 186 1745 474 1798; x_wconf 88' lang='lat' dir='ltr'><strong>quodammodo</strong></span> <span class='ocrx_word' id='word_1_201' title='bbox 496 1748 687 1783; x_wconf 85' lang='lat' dir='ltr'><strong>accenseri</strong></span> <span class='ocrx_word' id='word_1_202' title='bbox 701 1755 858 1798; x_wconf 89' lang='lat' dir='ltr'><strong>possunt</strong></span> <span class='ocrx_word' id='word_1_203' title='bbox 880 1750 994 1785; x_wconf 87' lang='lat' dir='ltr'><strong>etiam</strong></span> <span class='ocrx_word' id='word_1_204' title='bbox 1014 1750 1075 1786; x_wconf 90' lang='lat' dir='ltr'><strong>isti</strong></span> <span class='ocrx_word' id='word_1_205' title='bbox 1094 1753 1270 1800; x_wconf 75' lang='lat' dir='ltr'><strong>agyrtae‚</strong></span> <span class='ocrx_word' id='word_1_206' title='bbox 1288 1746 1368 1800; x_wconf 69' lang='lat' dir='ltr'><strong>iqui</strong></span> <span class='ocrx_word' id='word_1_207' title='bbox 1389 1746 1458 1784; x_wconf 87' lang='lat' dir='ltr'><strong>diis</strong></span> <span class='ocrx_word' id='word_1_208' title='bbox 1480 1746 1572 1783; x_wconf 87' lang='lat' dir='ltr'><strong>dea-</strong></span> 
     </span>
     <span class='ocr_line' id='line_1_25' title="bbox 76 1814 1574 1867; baseline 0 -16"><span class='ocrx_word' id='word_1_209' title='bbox 76 1816 224 1867; x_wconf 88' lang='lat' dir='ltr'><strong>busque</strong></span> <span class='ocrx_word' id='word_1_210' title='bbox 253 1816 391 1865; x_wconf 88' lang='lat' dir='ltr'><strong>stipem</strong></span> <span class='ocrx_word' id='word_1_211' title='bbox 420 1815 674 1865; x_wconf 84' lang='lat' dir='ltr'><strong>corrogabant</strong></span> <span class='ocrx_word' id='word_1_212' title='bbox 700 1822 737 1852; x_wconf 91' lang='lat' dir='ltr'><strong>et</strong></span> <span class='ocrx_word' id='word_1_213' title='bbox 768 1817 882 1853; x_wconf 92' lang='lat' dir='ltr'><strong>asello</strong></span> <span class='ocrx_word' id='word_1_214' title='bbox 903 1815 1142 1854; x_wconf 79' lang='lat' dir='ltr'><strong>vehebantur</strong></span> <span class='ocrx_word' id='word_1_215' title='bbox 1177 1816 1270 1865; x_wconf 81' lang='lat' dir='ltr'><strong>(vid.</strong></span> <span class='ocrx_word' id='word_1_216' title='bbox 1296 1814 1505 1852; x_wconf 82' lang='lat' dir='ltr'><strong>Ruhnken.</strong></span> <span class='ocrx_word' id='word_1_217' title='bbox 1526 1814 1574 1852; x_wconf 90' lang='lat' dir='ltr'><strong>ad</strong></span> 
     </span>
    </p>
   </div>
   <div class='ocr_carea' id='block_1_7' title="bbox 35 1882 1577 2821">
    <p class='ocr_par' dir='ltr' id='par_1_8' title="bbox 76 1882 1576 2481">
     <span class='ocr_line' id='line_1_26' title="bbox 76 1882 1574 1935; baseline -0.001 -15"><span class='ocrx_word' id='word_1_218' title='bbox 76 1884 230 1920; x_wconf 90' lang='lat' dir='ltr'><strong>Timaei</strong></span> <span class='ocrx_word' id='word_1_219' title='bbox 249 1885 344 1919; x_wconf 87' lang='lat' dir='ltr'><strong>Lex.</strong></span> <span class='ocrx_word' id='word_1_220' title='bbox 366 1883 461 1922; x_wconf 85' lang='lat' dir='ltr'><strong>Plat.</strong></span> <span class='ocrx_word' id='word_1_221' title='bbox 482 1896 520 1933; x_wconf 89' lang='lat' dir='ltr'><strong>p.</strong></span> <span class='ocrx_word' id='word_1_222' title='bbox 545 1883 630 1931; x_wconf 82' lang='lat'><strong>10).</strong></span> <span class='ocrx_word' id='word_1_223' title='bbox 689 1882 835 1920; x_wconf 86' lang='lat' dir='ltr'><strong>Verum</strong></span> <span class='ocrx_word' id='word_1_224' title='bbox 855 1885 978 1935; x_wconf 86' lang='lat' dir='ltr'><strong>prisco</strong></span> <span class='ocrx_word' id='word_1_225' title='bbox 999 1898 1092 1923; x_wconf 77' lang='lat' dir='ltr'><strong>aevo</strong></span> <span class='ocrx_word' id='word_1_226' title='bbox 1108 1884 1212 1922; x_wconf 87' lang='lat' dir='ltr'><strong>haud</strong></span> <span class='ocrx_word' id='word_1_227' title='bbox 1234 1884 1348 1922; x_wconf 89' lang='lat' dir='ltr'><strong>dubie</strong></span> <span class='ocrx_word' id='word_1_228' title='bbox 1370 1882 1574 1920; x_wconf 85' lang='lat' dir='ltr'><strong>honestum</strong></span> 
     </span>
     <span class='ocr_line' id='line_1_27' title="bbox 76 1949 1574 2007; baseline 0 -20"><span class='ocrx_word' id='word_1_229' title='bbox 76 1952 147 1988; x_wconf 86' lang='lat' dir='ltr'><strong>fuit</strong></span> <span class='ocrx_word' id='word_1_230' title='bbox 177 1949 251 1987; x_wconf 88' lang='lat' dir='ltr'><strong>hoc</strong></span> <span class='ocrx_word' id='word_1_231' title='bbox 281 1963 476 1987; x_wconf 84' lang='lat' dir='ltr'><strong>sacrorum</strong></span> <span class='ocrx_word' id='word_1_232' title='bbox 505 1949 764 1987; x_wconf 81' lang='lat' dir='ltr'><strong>curandorum</strong></span> <span class='ocrx_word' id='word_1_233' title='bbox 785 1952 978 2000; x_wconf 85' lang='lat' dir='ltr'><strong>officium,</strong></span> <span class='ocrx_word' id='word_1_234' title='bbox 1017 1955 1047 1991; x_wconf 90' lang='lat' dir='ltr'><strong>si</strong></span> <span class='ocrx_word' id='word_1_235' title='bbox 1078 1953 1233 2007; x_wconf 88' lang='lat' dir='ltr'><strong>quidem</strong></span> <span class='ocrx_word' id='word_1_236' title='bbox 1254 1955 1333 2004; x_wconf 86' lang='lat' dir='ltr'><strong>ipse</strong></span> <span class='ocrx_word' id='word_1_237' title='bbox 1354 1952 1416 1988; x_wconf 82' lang='lat' dir='ltr'><strong>ille</strong></span> <span class='ocrx_word' id='word_1_238' title='bbox 1438 1952 1574 1988; x_wconf 90' lang='lat' dir='ltr'><strong>Abaris</strong></span> 
     </span>
     <span class='ocr_line' id='line_1_28' title="bbox 76 2017 1572 2071; baseline 0.001 -16"><span class='ocrx_word' id='word_1_239' title='bbox 76 2021 114 2055; x_wconf 87' lang='lat' dir='ltr'><strong>in</strong></span> <span class='ocrx_word' id='word_1_240' title='bbox 136 2025 357 2071; x_wconf 79' lang='lat' dir='ltr'><strong>agyrtarum</strong></span> <span class='ocrx_word' id='word_1_241' title='bbox 379 2031 541 2054; x_wconf 86' lang='lat' dir='ltr'><strong>numero</strong></span> <span class='ocrx_word' id='word_1_242' title='bbox 566 2017 800 2067; x_wconf 84' lang='lat' dir='ltr'><strong>censendus,</strong></span> <span class='ocrx_word' id='word_1_243' title='bbox 831 2027 925 2058; x_wconf 88' lang='lat' dir='ltr'><strong>teste</strong></span> <span class='ocrx_word' id='word_1_244' title='bbox 953 2021 1164 2059; x_wconf 86' lang='lat' dir='ltr'><strong>Iamblicho</strong></span> <span class='ocrx_word' id='word_1_245' title='bbox 1185 2023 1243 2058; x_wconf 86' lang='lat' dir='ltr'><strong>De</strong></span> <span class='ocrx_word' id='word_1_246' title='bbox 1273 2023 1340 2058; x_wconf 80' lang='lat' dir='ltr'><strong>vit.</strong></span> <span class='ocrx_word' id='word_1_247' title='bbox 1366 2018 1480 2071; x_wconf 84' lang='lat' dir='ltr'><strong>Pyth.</strong></span> <span class='ocrx_word' id='word_1_248' title='bbox 1510 2033 1572 2071; x_wconf 87' lang='lat' dir='ltr'><strong>cp.</strong></span> 
     </span>
     <span class='ocr_line' id='line_1_29' title="bbox 82 2076 1573 2139; baseline 0 -15"><span class='ocrx_word' id='word_1_249' title='bbox 82 2090 130 2128; x_wconf 83' lang='lat'><strong>19</strong></span> <span class='ocrx_word' id='word_1_250' title='bbox 152 2101 192 2138; x_wconf 90' lang='lat' dir='ltr'><strong>p.</strong></span> <span class='ocrx_word' id='word_1_251' title='bbox 220 2090 289 2128; x_wconf 83' lang='lat'><strong>76.</strong></span> <span class='ocrx_word' id='word_1_252' title='bbox 346 2088 475 2138; x_wconf 85' lang='lat' dir='ltr'><strong>Atque</strong></span> <span class='ocrx_word' id='word_1_253' title='bbox 506 2088 632 2136; x_wconf 70' lang='lat' dir='ltr'><strong>ipsum</strong></span> <span class='ocrx_word' id='word_1_254' title='bbox 660 2076 902 2125; x_wconf 82' lang='lat' dir='ltr'><strong>Herodotum</strong></span> <span class='ocrx_word' id='word_1_255' title='bbox 930 2097 1104 2127; x_wconf 90' lang='lat' dir='ltr'><strong>nostrum</strong></span> <span class='ocrx_word' id='word_1_256' title='bbox 1124 2097 1260 2127; x_wconf 84' lang='lat' dir='ltr'><strong>testem</strong></span> <span class='ocrx_word' id='word_1_257' title='bbox 1280 2087 1461 2126; x_wconf 89' lang='lat' dir='ltr'><strong>adhibere</strong></span> <span class='ocrx_word' id='word_1_258' title='bbox 1481 2101 1573 2139; x_wconf 88' lang='lat' dir='ltr'><strong>pos-</strong></span> 
     </span>
     <span class='ocr_line' id='line_1_30' title="bbox 76 2153 1573 2209; baseline -0.001 -16"><span class='ocrx_word' id='word_1_259' title='bbox 76 2167 207 2193; x_wconf 82' lang='lat' dir='ltr'><strong>sumus</strong></span> <span class='ocrx_word' id='word_1_260' title='bbox 230 2155 366 2192; x_wconf 80' lang='lat' dir='ltr'><strong>veteris</strong></span> <span class='ocrx_word' id='word_1_261' title='bbox 386 2153 687 2207; x_wconf 74' lang='lat' dir='ltr'><strong>honestior-isque</strong></span> <span class='ocrx_word' id='word_1_262' title='bbox 706 2157 823 2194; x_wconf 87' lang='lat' dir='ltr'><strong>moris</strong></span> <span class='ocrx_word' id='word_1_263' title='bbox 843 2164 879 2194; x_wconf 91' lang='lat' dir='ltr'><strong>et</strong></span> <span class='ocrx_word' id='word_1_264' title='bbox 899 2157 1056 2209; x_wconf 88' lang='lat' dir='ltr'><strong>quidem</strong></span> <span class='ocrx_word' id='word_1_265' title='bbox 1071 2160 1110 2194; x_wconf 89' lang='lat' dir='ltr'><strong>in</strong></span> <span class='ocrx_word' id='word_1_266' title='bbox 1130 2159 1246 2209; x_wconf 90' lang='lat' dir='ltr'><strong>ipsius</strong></span> <span class='ocrx_word' id='word_1_267' title='bbox 1261 2159 1405 2193; x_wconf 85' lang='lat' dir='ltr'><strong>Dianae</strong></span> <span class='ocrx_word' id='word_1_268' title='bbox 1419 2156 1573 2206; x_wconf 77' lang='lat' dir='ltr'><strong>religio-</strong></span> 
     </span>
     <span class='ocr_line' id='line_1_31' title="bbox 78 2222 1573 2274; baseline 0.002 -16"><span class='ocrx_word' id='word_1_269' title='bbox 78 2223 212 2270; x_wconf 81' lang='lat' dir='ltr'><strong>nibus;</strong></span> <span class='ocrx_word' id='word_1_270' title='bbox 241 2222 305 2269; x_wconf 88' lang='lat' dir='ltr'><strong>IV,</strong></span> <span class='ocrx_word' id='word_1_271' title='bbox 323 2223 374 2263; x_wconf 82' lang='lat'><strong>35</strong></span> <span class='ocrx_word' id='word_1_272' title='bbox 398 2224 482 2271; x_wconf 88' lang='lat' dir='ltr'><strong>[ubi</strong></span> <span class='ocrx_word' id='word_1_273' title='bbox 502 2222 580 2260; x_wconf 81' lang='lat' dir='ltr'><strong>vid.</strong></span> <span class='ocrx_word' id='word_1_274' title='bbox 613 2224 747 2272; x_wconf 88' lang='lat' dir='ltr'><strong>nott.].</strong></span> <span class='ocrx_word' id='word_1_275' title='bbox 805 2226 911 2270; x_wconf 78' lang='lat' dir='ltr'><strong>Quae</strong></span> <span class='ocrx_word' id='word_1_276' title='bbox 933 2239 1023 2262; x_wconf 92' lang='lat' dir='ltr'><strong>cum</strong></span> <span class='ocrx_word' id='word_1_277' title='bbox 1042 2227 1094 2262; x_wconf 89' lang='lat' dir='ltr'><strong>ita</strong></span> <span class='ocrx_word' id='word_1_278' title='bbox 1119 2227 1212 2274; x_wconf 83' lang='lat' dir='ltr'><strong>sint,</strong></span> <span class='ocrx_word' id='word_1_279' title='bbox 1234 2239 1314 2262; x_wconf 90' lang='lat' dir='ltr'><strong>non</strong></span> <span class='ocrx_word' id='word_1_280' title='bbox 1338 2223 1573 2272; x_wconf 86' lang='lat' dir='ltr'><strong>mirandum,</strong></span> 
     </span>
     <span class='ocr_line' id='line_1_32' title="bbox 76 2290 1575 2344; baseline 0.001 -17"><span class='ocrx_word' id='word_1_281' title='bbox 76 2292 206 2342; x_wconf 73' lang='lat' dir='ltr'><strong>priscis</strong></span> <span class='ocrx_word' id='word_1_282' title='bbox 232 2290 442 2338; x_wconf 82' lang='lat' dir='ltr'><strong>temporibus</strong></span> <span class='ocrx_word' id='word_1_283' title='bbox 471 2291 641 2329; x_wconf 73' lang='lat' dir='ltr'><strong>eiusmodi</strong></span> <span class='ocrx_word' id='word_1_284' title='bbox 674 2293 892 2343; x_wconf 72' lang='lat' dir='ltr'><strong>sacrificulos</strong></span> <span class='ocrx_word' id='word_1_285' title='bbox 925 2297 1032 2344; x_wconf 81' lang='lat' dir='ltr'><strong>atque</strong></span> <span class='ocrx_word' id='word_1_286' title='bbox 1066 2298 1240 2344; x_wconf 76' lang='lat' dir='ltr'><strong>agyrtas,</strong></span> <span class='ocrx_word' id='word_1_287' title='bbox 1285 2293 1424 2330; x_wconf 77' lang='lat' dir='ltr'><strong>heroum</strong></span> <span class='ocrx_word' id='word_1_288' title='bbox 1443 2305 1575 2343; x_wconf 82' lang='lat' dir='ltr'><strong>quoque</strong></span> 
     </span>
     <span class='ocr_line' id='line_1_33' title="bbox 80 2356 1576 2413; baseline 0.001 -19"><span class='ocrx_word' id='word_1_289' title='bbox 80 2358 267 2395; x_wconf 79' lang='lat' dir='ltr'><strong>honoribus</strong></span> <span class='ocrx_word' id='word_1_290' title='bbox 283 2360 423 2394; x_wconf 78' lang='lat' dir='ltr'><strong>ornatos</strong></span> <span class='ocrx_word' id='word_1_291' title='bbox 440 2356 649 2406; x_wconf 79' lang='lat' dir='ltr'><strong>heroicisque</strong></span> <span class='ocrx_word' id='word_1_292' title='bbox 672 2362 835 2407; x_wconf 79' lang='lat' dir='ltr'><strong>gentibus</strong></span> <span class='ocrx_word' id='word_1_293' title='bbox 859 2364 1080 2412; x_wconf 79' lang='lat' dir='ltr'><strong>interpositos</strong></span> <span class='ocrx_word' id='word_1_294' title='bbox 1111 2376 1193 2400; x_wconf 73' lang='lat' dir='ltr'><strong>esse.</strong></span> <span class='ocrx_word' id='word_1_295' title='bbox 1251 2363 1386 2413; x_wconf 82' lang='lat' dir='ltr'><strong>Neque</strong></span> <span class='ocrx_word' id='word_1_296' title='bbox 1405 2361 1483 2397; x_wconf 77' lang='lat' dir='ltr'><strong>iam</strong></span> <span class='ocrx_word' id='word_1_297' title='bbox 1504 2360 1576 2396; x_wconf 90' lang='lat' dir='ltr'><strong>ob-</strong></span> 
     </span>
     <span class='ocr_line' id='line_1_34' title="bbox 80 2427 1574 2481; baseline -0.001 -18"><span class='ocrx_word' id='word_1_298' title='bbox 80 2439 237 2464; x_wconf 85' lang='lat' dir='ltr'><strong>scurum</strong></span> <span class='ocrx_word' id='word_1_299' title='bbox 258 2432 335 2474; x_wconf 81' lang='lat' dir='ltr'><strong>est,</strong></span> <span class='ocrx_word' id='word_1_300' title='bbox 374 2438 441 2461; x_wconf 90' lang='lat' dir='ltr'><strong>cur</strong></span> <span class='ocrx_word' id='word_1_301' title='bbox 471 2437 665 2461; x_wconf 85' lang='lat' dir='ltr'><strong>sacrorum</strong></span> <span class='ocrx_word' id='word_1_302' title='bbox 689 2427 864 2464; x_wconf 86' lang='lat' dir='ltr'><strong>inventor</strong></span> <span class='ocrx_word' id='word_1_303' title='bbox 883 2429 1065 2481; x_wconf 86' lang='lat' dir='ltr'><strong>idemque</strong></span> <span class='ocrx_word' id='word_1_304' title='bbox 1094 2431 1326 2468; x_wconf 88' lang='lat' dir='ltr'><strong>sacrificulus</strong></span> <span class='ocrx_word' id='word_1_305' title='bbox 1346 2429 1574 2466; x_wconf 86' lang='lat' dir='ltr'><strong>Astrabacus</strong></span> 
     </span>
    </p>

    <p class='ocr_par' dir='ltr' id='par_1_9' title="bbox 35 2492 1577 2821">
     <span class='ocr_line' id='line_1_35' title="bbox 82 2492 1576 2551; baseline -0.002 -20"><span class='ocrx_word' id='word_1_306' title='bbox 82 2494 247 2545; x_wconf 90' lang='lat' dir='ltr'><strong>potuerit</strong></span> <span class='ocrx_word' id='word_1_307' title='bbox 275 2492 485 2530; x_wconf 86' lang='lat' dir='ltr'><strong>Heraclidis</strong></span> <span class='ocrx_word' id='word_1_308' title='bbox 514 2494 705 2530; x_wconf 85' lang='lat' dir='ltr'><strong>accenseri</strong></span> <span class='ocrx_word' id='word_1_309' title='bbox 731 2501 846 2545; x_wconf 88' lang='lat' dir='ltr'><strong>atque</strong></span> <span class='ocrx_word' id='word_1_310' title='bbox 865 2497 1003 2533; x_wconf 79' lang='lat' dir='ltr'><strong>sacello</strong></span> <span class='ocrx_word' id='word_1_311' title='bbox 1024 2499 1250 2551; x_wconf 83' lang='lat' dir='ltr'><strong>coronisque</strong></span> <span class='ocrx_word' id='word_1_312' title='bbox 1278 2497 1435 2533; x_wconf 80' lang='lat' dir='ltr'><strong>mactari</strong></span> <span class='ocrx_word' id='word_1_313' title='bbox 1455 2497 1576 2530; x_wconf 87' lang='lat' dir='ltr'><strong>Lace-</strong></span> 
     </span>
     <span class='ocr_line' id='line_1_36' title="bbox 35 2550 1577 2618; baseline -0.001 -20"><span class='ocrx_word' id='word_1_314' title='bbox 35 2550 38 2552; x_wconf 16' lang='lat'><em>*</em></span> <span class='ocrx_word' id='word_1_315' title='bbox 82 2561 289 2599; x_wconf 85' lang='lat' dir='ltr'><strong>daemone:</strong></span> <span class='ocrx_word' id='word_1_316' title='bbox 323 2568 359 2598; x_wconf 89' lang='lat' dir='ltr'><strong>et</strong></span> <span class='ocrx_word' id='word_1_317' title='bbox 388 2560 491 2597; x_wconf 83' lang='lat' dir='ltr'><strong>idem</strong></span> <span class='ocrx_word' id='word_1_318' title='bbox 520 2568 650 2598; x_wconf 81' lang='lat' dir='ltr'><strong>tamen</strong></span> <span class='ocrx_word' id='word_1_319' title='bbox 671 2563 843 2599; x_wconf 81' lang='lat' dir='ltr'><strong>iocomm</strong></span> <span class='ocrx_word' id='word_1_320' title='bbox 863 2565 1186 2618; x_wconf 81' lang='lat' dir='ltr'><strong>cavillationisque</strong></span> <span class='ocrx_word' id='word_1_321' title='bbox 1215 2571 1486 2616; x_wconf 74' lang='lat' dir='ltr'><strong>argumentum</strong></span> <span class='ocrx_word' id='word_1_322' title='bbox 1506 2575 1577 2598; x_wconf 90' lang='lat' dir='ltr'><strong>ex-</strong></span> 
     </span>
     <span class='ocr_line' id='line_1_37' title="bbox 83 2629 1576 2682; baseline 0.001 -16"><span class='ocrx_word' id='word_1_323' title='bbox 83 2629 224 2669; x_wconf 87' lang='lat' dir='ltr'><strong>hibere.</strong></span> <span class='ocrx_word' id='word_1_324' title='bbox 281 2631 381 2666; x_wconf 84' lang='lat' dir='ltr'><strong>Nam</strong></span> <span class='ocrx_word' id='word_1_325' title='bbox 407 2631 632 2667; x_wconf 80' lang='lat' dir='ltr'><strong>Demaratus</strong></span> <span class='ocrx_word' id='word_1_326' title='bbox 662 2637 699 2667; x_wconf 85' lang='lat' dir='ltr'><strong>et</strong></span> <span class='ocrx_word' id='word_1_327' title='bbox 719 2632 785 2682; x_wconf 87' lang='lat' dir='ltr'><strong>qui</strong></span> <span class='ocrx_word' id='word_1_328' title='bbox 813 2633 860 2668; x_wconf 90' lang='lat' dir='ltr'><strong>ab</strong></span> <span class='ocrx_word' id='word_1_329' title='bbox 882 2633 1043 2669; x_wconf 85' lang='lat' dir='ltr'><strong>asinario</strong></span> <span class='ocrx_word' id='word_1_330' title='bbox 1064 2636 1222 2670; x_wconf 87' lang='lat' dir='ltr'><strong>nomine</strong></span> <span class='ocrx_word' id='word_1_331' title='bbox 1252 2632 1405 2669; x_wconf 80' lang='lat' dir='ltr'><strong>dicteria</strong></span> <span class='ocrx_word' id='word_1_332' title='bbox 1426 2631 1463 2665; x_wconf 86' lang='lat' dir='ltr'><strong>in</strong></span> <span class='ocrx_word' id='word_1_333' title='bbox 1486 2642 1576 2664; x_wconf 84' lang='lat' dir='ltr'><strong>eum</strong></span> 
     </span>
     <span class='ocr_line' id='line_1_38' title="bbox 85 2697 1576 2750; baseline -0.001 -16"><span class='ocrx_word' id='word_1_334' title='bbox 85 2699 284 2735; x_wconf 87' lang='lat' dir='ltr'><strong>eliciebant</strong></span> <span class='ocrx_word' id='word_1_335' title='bbox 305 2697 520 2746; x_wconf 79' lang='lat' dir='ltr'><strong>adversarii,</strong></span> <span class='ocrx_word' id='word_1_336' title='bbox 541 2699 782 2735; x_wconf 86' lang='lat' dir='ltr'><strong>Persicorum</strong></span> <span class='ocrx_word' id='word_1_337' title='bbox 803 2706 926 2737; x_wconf 87' lang='lat' dir='ltr'><strong>aetate</strong></span> <span class='ocrx_word' id='word_1_338' title='bbox 945 2701 1134 2738; x_wconf 88' lang='lat' dir='ltr'><strong>bellorum</strong></span> <span class='ocrx_word' id='word_1_339' title='bbox 1155 2703 1352 2748; x_wconf 76' lang='lat' dir='ltr'><strong>vixerunt3</strong></span> <span class='ocrx_word' id='word_1_340' title='bbox 1383 2711 1461 2750; x_wconf 89' lang='lat' dir='ltr'><strong>quo</strong></span> <span class='ocrx_word' id='word_1_341' title='bbox 1474 2704 1576 2734; x_wconf 79' lang='lat' dir='ltr'><strong>tem-</strong></span> 
     </span>
     <span class='ocr_line' id='line_1_39' title="bbox 86 2766 1575 2821; baseline -0.001 -19"><span class='ocrx_word' id='word_1_342' title='bbox 86 2779 176 2816; x_wconf 87' lang='lat' dir='ltr'><strong>pore</strong></span> <span class='ocrx_word' id='word_1_343' title='bbox 194 2767 347 2803; x_wconf 89' lang='lat' dir='ltr'><strong>licentia</strong></span> <span class='ocrx_word' id='word_1_344' title='bbox 368 2766 596 2816; x_wconf 87' lang='lat' dir='ltr'><strong>optimatum</strong></span> <span class='ocrx_word' id='word_1_345' title='bbox 614 2767 894 2804; x_wconf 78' lang='lat' dir='ltr'><strong>Laconicorum</strong></span> <span class='ocrx_word' id='word_1_346' title='bbox 914 2781 1040 2821; x_wconf 84' lang='lat' dir='ltr'><strong>neque</strong></span> <span class='ocrx_word' id='word_1_347' title='bbox 1061 2783 1182 2821; x_wconf 83' lang='lat' dir='ltr'><strong>usque</strong></span> <span class='ocrx_word' id='word_1_348' title='bbox 1203 2780 1355 2819; x_wconf 84' lang='lat' dir='ltr'><strong>quaque</strong></span> <span class='ocrx_word' id='word_1_349' title='bbox 1377 2766 1575 2816; x_wconf 81' lang='lat' dir='ltr'><strong>religioni-</strong></span> 
     </span>
    </p>
   </div>
   <div class='ocr_carea' id='block_1_8' title="bbox 87 2833 1575 2886">
    <p class='ocr_par' dir='ltr' id='par_1_10' title="bbox 87 2833 1575 2886">
     <span class='ocr_line' id='line_1_40' title="bbox 87 2833 1575 2886; baseline -0.001 -17"><span class='ocrx_word' id='word_1_350' title='bbox 87 2834 155 2870; x_wconf 90' lang='lat' dir='ltr'><strong>bus</strong></span> <span class='ocrx_word' id='word_1_351' title='bbox 171 2835 352 2885; x_wconf 88' lang='lat' dir='ltr'><strong>pepercit.</strong></span> <span class='ocrx_word' id='word_1_352' title='bbox 411 2833 489 2871; x_wconf 78' lang='lat' dir='ltr'><strong>sed</strong></span> <span class='ocrx_word' id='word_1_353' title='bbox 512 2840 638 2870; x_wconf 85' lang='lat' dir='ltr'><strong>tamen</strong></span> <span class='ocrx_word' id='word_1_354' title='bbox 661 2835 775 2870; x_wconf 84' lang='lat' dir='ltr'><strong>etiam</strong></span> <span class='ocrx_word' id='word_1_355' title='bbox 796 2841 879 2871; x_wconf 88' lang='lat' dir='ltr'><strong>tum</strong></span> <span class='ocrx_word' id='word_1_356' title='bbox 900 2838 1026 2886; x_wconf 84' lang='lat' dir='ltr'><strong>patriis</strong></span> <span class='ocrx_word' id='word_1_357' title='bbox 1054 2835 1298 2885; x_wconf 64' lang='lat' dir='ltr'><strong>religionibus</strong></span> <span class='ocrx_word' id='word_1_358' title='bbox 1325 2834 1477 2884; x_wconf 87' lang='lat' dir='ltr'><strong>publice</strong></span> <span class='ocrx_word' id='word_1_359' title='bbox 1498 2833 1575 2884; x_wconf 83' lang='lat' dir='ltr'><strong>pri—</strong></span> 
     </span>
    </p>
   </div>
  </div>
 </body>
</html>
