1897 3340
635 201 935 241 ERATO.
995 202 1069 240 VI.
1398 207 1481 245 321

225 315 470 370 ,,κυέουσα’ν
507 326 553 357 σε
588 313 635 356 ἐκ
673 315 755 355 τοῦ
791 308 1010 364 προτέρου
1047 307 1229 363 ἀνδρὸς,
1269 309 1386 353 οὕτω
1423 311 1541 355 ἐλ-4ο

227 389 349 436 ,,θεῖν
382 382 499 436 παρὰ
526 381 778 433 Ἀρίστωνα·
827 379 870 422 οἱ
900 378 945 421 δὲ
983 377 1055 420 καὶ
1084 376 1162 420 τόν
1197 376 1486 433 ματαιότερον

227 451 383 506 ,,λόγον
413 449 627 504 λέγοντες,
674 449 783 502 φασί
821 458 867 488 σε
907 445 1051 489 ἐλθεῖν
1089 445 1208 499 παρα
1246 449 1334 488 τῶν
1364 448 1484 489 οἰκε-

225 517 358 568 ,,τε’ων
386 516 461 559 τὸν
490 514 765 571 ὀνοφορβόν,
795 513 868 557 καὶ
899 512 969 569 ἐμὲ
999 511 1110 556 εἶναι
1138 513 1307 556 ἐκείνου
1336 516 1483 557 παῖδα.

197 583 364 639 3,,Ἐγώ
395 578 458 626 ὦν
488 594 534 626 σε
564 585 819 639 μετέρχομαι
851 585 938 624 τῶν
966 585 1085 624 θεῶν
1124 583 1258 624 εἰπεῖν
1297 580 1345 624 τὸ
1385 580 1484 638 ἅλη-

225 652 338 703 ,,θε’ς.
384 649 482 694 οὕτε
510 650 617 706 γάρ,
663 653 704 694 εἴ
739 666 818 704 περ
844 648 1081 705 πεποίηκάς
1119 666 1160 691 τι
1199 653 1286 692 τῶν
1314 650 1540 706 Myous-45

223 736 362 772 ‚,vmv,
402 718 545 776 μούνη
586 719 638 775 δή
677 719 936 773 πεποίηκας,
979 716 1084 772 μετοὶ
1122 718 1317 760 πολλέων
1348 718 1413 761 ὁέ·
1458 718 1484 762 ὅ

223 803 293 838 ,,τε
326 786 453 842 λόγος
473 786 631 837 πολλὸς
662 786 709 830 ἐν
738 783 948 841 Σπάρτῃ,
978 783 1037 836 ὦς
1065 783 1284 838 Ἀρίστωνι
1314 786 1485 842 σπέρμα

166 948 246 999 ipso
267 949 384 985 inse-lo
405 959 623 1001 pepererat,
658 950 706 987 ad
725 951 824 988 Iovis

165 1006 302 1042 Hercei
317 1018 420 1042 aram
432 1006 640 1044 adduxerat
652 1015 687 1044 et
699 1009 737 1044 in
752 1021 824 1044 ne-

164 1063 261 1112 potis
283 1069 408 1099 ortum
430 1065 649 1115 inquisierat
673 1063 823 1112 (Schol.

165 1119 343 1169 Apollou.
370 1121 433 1169 IV,
457 1123 577 1161 1091.
609 1122 657 1159 cf.
678 1120 826 1157 Phere-

167 1175 253 1226 cyd.
275 1176 452 1226 sragmm.
474 1179 504 1226 Ι,
527 1181 554 1218 2
580 1192 618 1228 p.
640 1180 694 1218 77
716 1180 824 1219 -80

167 1232 295 1284 ibique
317 1234 478 1283 Sturz.).
536 1237 636 1272 Hinc
658 1236 696 1270 in
718 1236 825 1271 exci-

169 1288 231 1325 dio
263 1290 320 1325 Ilii
350 1291 616 1341 paterfamilias
644 1290 826 1343 idemque

169 1359 238 1382 rex
265 1347 440 1385 Priamus
461 1347 509 1384 ad
530 1350 608 1385 eius
641 1347 702 1384 dei
723 1361 826 1385 aram

170 1402 413 1454 confugerat,
453 1403 519 1441 sed
549 1418 626 1457 quo
660 1405 828 1442 facinore

169 1461 330 1497 atrocius
348 1462 498 1498 nullum
520 1475 567 1498 ex
593 1464 828 1499 Graecorum

171 1516 416 1566 religionibus
459 1520 617 1568 cogitari
666 1526 826 1569 poterat,

169 1571 218 1609 ad
234 1586 319 1609 eam
332 1574 452 1624 ipsam
472 1575 594 1612 fuerat
614 1588 636 1611 a
655 1577 828 1626 Neopto-

168 1629 270 1666 lemo
301 1631 468 1679 occisus;
507 1632 698 1684 ipsiusque
725 1633 825 1669 Iovis

168 1687 305 1723 Hercei
323 1688 476 1738 siguum
495 1690 535 1725 in
546 1689 686 1740 praeda
700 1688 825 1726 abdu-

170 1749 287 1781 ctum.
318 1745 417 1781 Rem
435 1745 641 1782 tradiderat
659 1741 824 1786 ἐνἸλίου

167 1797 305 1851 πέρσει
325 1802 515 1839 Arctinus.
573 1802 658 1839 vid.
686 1802 826 1854 Heynii

168 1857 328 1895 Excurs.
359 1859 411 1895 VI
439 1858 487 1894 ad
507 1859 638 1909 virgil.
659 1860 757 1895 Aen.
778 1860 827 1906 II,

171 1912 252 1953 512
279 1926 357 1965 seq.
390 1921 426 1950 et
457 1916 589 1954 Tzetz.
624 1915 672 1952 ad
699 1917 828 1967 Lyco-

170 1967 307 2020 phron.
330 1973 408 2011 338
430 1984 519 2022 pag.
541 1971 621 2013 544
643 1971 703 2009 ed.
724 1973 828 2008 Mn]-

170 2026 237 2062 ler.
294 2028 327 2062 E
356 2029 492 2078 quibus
523 2030 706 2079 exemplis
749 2030 827 2065 iam

173 2083 258 2120 satis
278 2084 523 2135 intelligitur,
555 2099 622 2122 cur
640 2088 828 2123 Demara—

170 2146 250 2187 tus,
280 2153 401 2192 quum
435 2141 482 2178 de
502 2149 587 2179 ortu
615 2156 683 2180 suo
715 2141 829 2179 dubi-

174 2202 289 2244 taret,
328 2205 365 2235 et
409 2205 510 2236 certo
534 2201 629 2236 scire
660 2206 827 2251 cuperet,

175 2260 304 2290 utrum
324 2255 403 2305 ipse
425 2255 473 2292 ad
497 2255 829 2294 Proclzdarumno-

174 2309 249 2345 bile
278 2323 397 2360 genus
425 2314 652 2363 pertineret,
689 2327 739 2350 an
761 2326 828 2364 pro

176 2365 298 2402 alieno
327 2366 498 2420 adeoque
526 2371 653 2420 spurio
682 2369 831 2407 haben-

180 2420 250 2458 dus
271 2430 377 2470 esset,
399 2437 465 2460 cur
484 2426 580 2462 ille
550 2440 741 2479 „mquam
757 2440 830 2478 po-

176 2478 363 2515 tissimum
382 2478 497 2518 Iovem
507 2481 678 2520 Herceum
698 2485 751 2520 rei
770 2490 831 2520 te—

176 2540 272 2571 stem
300 2536 477 2573 faceretf‘
532 2537 639 2574 Idem
676 2539 743 2577 Cn
772 2538 830 2576 his

180 2589 268 2627 addi
294 2592 376 2629 vult
402 2600 497 2630 nott.
518 2594 557 2630 in
586 2595 727 2634 Stuart.
747 2597 833 2631 Au-

178 2646 272 2698 tiqq.
302 2647 580 2688 Athen11.V.ol
600 2652 720 2700 Ipag.
739 2650 834 2691 472.

183 2700 278 2742 481.
299 2702 377 2744 498
406 2719 501 2742 vers.
523 2718 693 2756 german.

242 2753 344 2797 οὕτω
368 2759 499 2800 ἐλθεῖν
519 2760 625 2813 παρὰ
645 2758 836 2813 Ἀρίστω-

880 961 929 985 ne
942 950 1116 1000 „quaII
1140 952 1233 990 115
1262 946 1448 986 Valcken.
1469 948 1540 986 ad-

881 1005 934 1042 dit
957 1005 1087 1045 Schol.
1111 1005 1158 1042 ad
1175 1004 1355 1057 Sophocl.
1375 1007 1436 1042 Ai.
1462 1007 1536 1045 191

882 1059 966 1114 (ubi
996 1058 1102 1102 Ἀλλ’
1136 1058 1382 1109 Ἀντικλείας
1415 1063 1541 1101 ἆσσον

880 1115 984 1169 ’ἦλθε
1015 1120 1198 1169 Σίσυφος
1230 1121 1315 1156 coll.
1345 1117 1541 1170 Aristoph.

879 1177 979 1228 qu.
1014 1178 1154 1225 1303.)
1193 1178 1326 1228 Itaque
1360 1178 1474 1213 etiam
1502 1177 1543 1211 in

881 1234 1055 1284 proxime
1076 1246 1181 1285 seqq.
1212 1235 1352 1270 retinui
1387 1232 1539 1279 ἐλθεῖν,

882 1290 986 1326 libris
1007 1291 1059 1325 ita
1087 1291 1304 1326 iubentibus
1333 1303 1402 1341 pro
1436 1289 1543 1328 ε’σελ-

883 1350 988 1393 θεῖν,
1027 1345 1130 1383 unde
1164 1348 1329 1397 Hoeger.
1370 1348 1408 1382 in
1439 1347 1542 1386 Actt.

882 1401 991 1454 phill.
1014 1403 1264 1449 Monacc.IlI,
1288 1402 1314 1442 4
1333 1417 1371 1454 p.
1395 1402 1543 1443 497-

884 1460 965 1500 5ΟΟ
994 1461 1176 1511 scriptum
1212 1460 1324 1496 fuisse
1359 1460 1541 1496 coniecit:

884 1515 983 1563 φασὶ
1008 1515 1057 1563 ἐς
1087 1514 1138 1555 σὲ
1164 1516 1300 1556 ἐλθεῖν
1317 1531 1353 1554 κ.
1374 1531 1406 1553 τ.
1430 1519 1464 1554 λ.
1484 1536 1542 1542 -—-

881 1571 944 1609 Ad
974 1569 1230 1624 ματαιότερον
1256 1573 1358 1610 conf.
1379 1574 1427 1620 H,
1448 1574 1542 1612 118.

879 1630 1036 1673 111,56.
1106 1678 1122 1685 -

942 1681 1040 1737 Ἐγώ
1089 1686 1146 1724 ὠν
1198 1697 1240 1724 σε
1284 1683 1541 1735 μετέρχομαι]

880 1741 1014 1790 „Idem
1045 1741 1232 1792 siguificat
1269 1741 1544 1793 Sophocleum,

884 1796 926 1837 σὲ
945 1796 1041 1850 πρὸς
1062 1800 1175 1837 θεῶν
1205 1798 1396 1848 ἱκνοῦμαι
1426 1802 1459 1834 te
1479 1810 1543 1846 per

885 1855 964 1892 deos
984 1856 1141 1902 obsecro,
1170 1856 1210 1890 in
1238 1856 1300 1891 Ai.
1329 1856 1422 1896 589.
1479 1855 1544 1890 Ex

884 1913 1067 1948 similibus
1086 1912 1226 1963 liquet,
1258 1910 1452 1964 quomodo
1473 1923 1544 1947 ve·-

885 1970 983 2006 nerit
1013 1970 1052 2005 in
1069 1970 1180 2005 istam
1195 1967 1433 2018 significandi
1465 1968 1544 2004 vim

884 2024 1152 2076 μετέρχεσθαι.
1200 2023 1242 2064 σὲ
1270 2024 1398 2075 ἱκέτης
1430 2024 1545 2063 ἷκοῦ-

884 2097 955 2133 μαι
983 2084 1024 2118 in
1056 2080 1176 2133 Soph.
1207 2080 1308 2120 Phil.
1328 2081 1405 2122 471
1440 2080 1545 2117 idem

886 2146 941 2176 est
973 2152 1016 2176 ac
1053 2136 1096 2178 σὲ
1138 2141 1268 2192 λιτῇσι
1313 2137 1546 2189 μετέρχομαι

887 2196 967 2244 (VI,
989 2197 1076 2246 69).
1119 2194 1251 2246 [Apud
1272 2195 1544 2242 Pausau.VIlI,

886 2252 940 2293 50
978 2253 1014 2298 ᾗ.
1047 2252 1074 2293 4
1107 2260 1161 2289 est
1196 2248 1329 2307 ἀπάτῃ
1367 2250 1546 2302 μετέρχε-

887 2313 1006 2356 σθαι,
1055 2308 1160 2361 quod
1200 2322 1289 2345 cum
1317 2308 1544 2346 Herodoteis

886 2373 1083 2417 comparat
1105 2366 1276 2404 Siebelis.
1333 2364 1550 2415 Alloquendi

885 2436 997 2460 sensu
1023 2422 1127 2459 idem
1146 2423 1308 2459 verbum
1339 2422 1440 2473 apud
1467 2423 1548 2457 He·-

889 2479 972 2516 rod.
993 2480 1056 2526 VI,
1079 2482 1132 2521 86
1155 2481 1190 2525 ξ,
1214 2480 1271 2528 3.]
1331 2480 1375 2515 In
1396 2478 1549 2516 hocnu-

886 2545 966 2574 tem
1003 2536 1179 2572 familiari
1217 2537 1410 2572 Demarati
1459 2547 1549 2571 cum

887 2600 1009 2630 matre
1028 2594 1218 2644 colloquio
1229 2594 1448 2629 suavissima
1468 2593 1549 2627 He-

890 2649 1014 2686 rodoti
1053 2650 1176 2685 elucet
1207 2645 1394 2697 α’φέλειατ
1434 2647 1544 2713 quale

889 2705 984 2742 illud
1013 2712 1067 2742 est
1093 2706 1315 2755 proximum
1345 2701 1435 2743 οὕτε
1459 2717 1544 2754 γαρ,

893 2762 928 2800 εἰ
943 2757 1164 2812 πεποίηκάς
1183 2777 1295 2807 τι-,
1327 2775 1403 2810 ιιοι
1410 2775 1456 2809 νη
1477 2772 1546 2796 πε-

186 2814 264 2861 να]
298 2813 429 2853 ἐλθεῖν
450 2816 584 2855 eadem
602 2819 681 2854 fere
709 2818 838 2854 uotio-
893 2819 1088 2868 ποίηκας,
1139 2815 1234 2868 μετςέ
1276 2815 1452 2855 πολλέων
1492 2812 1548 2853 δέ.

242 2872 461 2909 Ηειωοοτ.
490 2875 556 2910 111.

1221 2875 1270 2912 21
