1897 3340
17 2210 22 2427 -...-.-,-,,..
16 2048 21 2200 ,...-.-,.-
17 2019 20 2038 ..
7 1723 21 2010 —‚„---...-„-.'wv
2 1526 28 1708 .„--„-4„'‚.-
3 1411 21 1502 ..ψ-,ἱ

598 190 898 230 ERATO.
957 189 1034 226 VI.

1377 191 1457 230 261

63 310 130 355 30
188 301 279 354 τὸν,
311 300 371 352 ὦς
403 303 468 358 εἴη
500 301 698 349 Ἱστιαῖος
739 298 763 342 ὁ
803 295 1037 353 Μιλήσιος.
1088 296 1146 338 ΕΖ
1175 296 1256 351 μέν
1285 289 1369 340 νυν
1401 297 1461 349 ὥς

183 369 428 425 ἐζωγρήθη,
477 367 591 422 ἄχθη
631 365 844 422 ἀγόμενος
883 364 1002 418 παρὰ
1041 364 1220 419 βασιλέα
1255 370 1462 418 Δαρεῖον,

183 436 211 480 ὁ
252 436 298 479 δὲ
336 434 430 479 οὔτ’
470 435 527 478 ἄν
568 435 703 478 ἔπαθε
753 432 893 476 κακὸν
940 431 1094 483 ου’ὁὲν,
1147 432 1314 476 δοκέειν
1349 433 1455 488 ἐμοὶ,

152 502 324 561 Ξᾶπῆκέ
353 500 393 544 τ’
424 501 480 544 ἄν
510 499 630 559 αὐτῷ
659 499 741 558 τήν
773 502 924 557 αἰτίην.
975 503 1060 544 νῦν
1091 499 1137 543 δέ
1167 517 1266 556 μιν,
1308 499 1458 544 αὐτῶν

180 587 225 614 τε
256 568 426 614 τούτων
456 569 626 621 εἵνεκα,
665 569 737 612 καὶ
767 570 842 612 ἵνα
870 567 929 625 μή
963 567 1198 624 διαφυγών
1227 563 1351 620 αὖτις
1380 568 1452 626 μέ·-
1466 577 1511 611 85

332 765 423 815 Cap.
446 765 578 801 XXX.

176 819 286 872 ἄχθη
333 816 532 874 οἷγόμενος
553 821 572 870 ]
631 821 783 859 Similia

118 877 309 931 quaedam
329 878 453 915 attulit
471 878 706 930 Wesseling.
719 880 783 928 VI,

118 934 195 977 34:
227 930 352 982 ἰόντες
369 931 507 984 ἤϊσαν.
537 935 583 982 V,
604 934 657 976 95
680 931 782 986 φεύ-

116 1006 199 1045 γων
222 987 420 1044 ἐκφεύγει.
451 992 534 1041 VII,
565 993 648 1032 220
679 992 782 1044 οἴχε-

116 1052 215 1088 σθαι
247 1047 493 1101 οἰχομένους.
543 1048 655 1086 Conf.
683 1057 780 1088 nott.

116 1104 165 1142 ad
183 1106 247 1154 IV,
269 1108 338 1147 23.
382 1107 462 1142 Nec
484 1104 665 1142 dissimile
685 1106 781 1143 illud

116 1159 352 1214 αἱρεόμενον
380 1160 540 1201 ἑλέσθαι
562 1163 644 1210 VII,
670 1166 720 1203 10
742 1165 780 1209 §.

116 1223 135 1259 1
162 1226 198 1256 et
217 1220 299 1268 VII,
332 1221 406 1260 18:
451 1219 638 1269 διεξῆλθε
677 1215 781 1271 α’πη-

112 1273 313 1327 γεόμενοςκ
351 1277 443 1324 V11,
481 1277 581 1316 109:
625 1273 700 1316 ι’ω“ν
723 1297 779 1305 -

113 1329 278 1384 παρήϊε.

170 1387 194 1429 ό
224 1386 267 1428 δὲ
298 1383 380 1428 οὔτ’
404 1384 455 1428 ἄν
479 1387 607 1428 ἔπαθε
645 1385 772 1428 κακόν

113 1440 234 1485 ου’ὄὲν
257 1461 293 1485 κ.
315 1460 349 1484 τ.
369 1446 432 1494 λ.]
463 1444 526 1481 Ad
554 1444 579 1485 ό
605 1442 648 1484 δὲ
671 1447 774 1484 conf.

111 1503 210 1549 V1,3
235 1509 271 1539 et
292 1501 340 1539 ad
359 1502 561 1552 particulas
583 1499 775 1542 οὕτε-τε

111 1559 222 1596 allata
254 1558 303 1596 ad
332 1559 394 1605 VI,
430 1562 466 1598 1.
516 1559 690 1595 Celerem
711 1558 773 1597 hic

110 1615 264 1653 adverte
294 1615 474 1652 orationis
502 1617 706 1652 transitum
727 1617 773 1653 ab

108 1685 186 1710 uno
207 1673 390 1720 subiecto,
416 1671 520 1724 quod
549 1680 702 1721 vocant,
725 1672 774 1710 ad

107 1730 292 1776 alterum,
323 1743 413 1767 cum
438 1727 487 1766 ad
515 1730 677 1766 verbum
699 1725 774 1769 οἷπ-

107 1789 182 1837 ῆκε
195 1788 354 1823 minime
365 1785 468 1822 idem
480 1787 669 1836 pertineat
679 1787 773 1823 sub-

106 1844 250 1881 iectum
271 1841 294 1882 ὁ“
315 1840 369 1892 δὲ,
391 1841 457 1880 sed
478 1849 609 1879 mente
631 1857 679 1880 ex
700 1856 772 1879 an-

107 1899 368 1940 tecedentibus
382 1899 635 1950 repetendum
656 1898 680 1939 ὅ
689 1903 771 1938 Δα-

106 1961 231 2010 ρεῖος,
273 1958 380 1994 nullo
419 1963 551 1993 tamen
593 1970 770 2007 expresse

105 2015 227 2066 posito
255 2014 498 2066 pronomine.
558 2013 671 2058 Quod
707 2027 771 2052 se-

107 2072 236 2123 quitur
246 2073 322 2110 νῦν
339 2069 382 2110 δέ
403 2085 483 2122 μιν,
498 2068 537 2107 id
547 2071 658 2119 infra,
680 2071 771 2122 plu-

105 2128 207 2165 ribus
226 2128 442 2176 interiectis,
466 2128 650 2178 repetitur
671 2141 772 2180 quo-

107 2182 315 2222 dammodo
336 2183 395 2222 his
422 2184 571 2223 verbis:
621 2181 664 2224 τὸ
697 2182 771 2236 μὲν

106 2236 235 2281 αὐτοῦ
267 2244 391 2292 σῶμα.
460 2242 590 2293 Atque
634 2235 771 2281 αὐτῶν

103 2293 256 2338 τούτων
270 2299 310 2335 in
331 2297 388 2336 his
410 2296 585 2336 dedimus
605 2311 674 2349 pro
697 2294 766 2337 αὖ-

104 2353 204 2394 τέων
224 2353 410 2395 τουτέων.
467 2357 525 2392 De
552 2356 628 2392 loci
648 2368 767 2406 argu-

105 2419 238 2449 mento
258 2413 310 2448 ita
344 2411 586 2449 Valckenaer:
656 2414 767 2460 „Ista

103 2469 237 2505 nititur
265 2469 444 2505 Historici
471 2469 633 2519 suspicio
653 2469 766 2520 inge-

104 2525 170 2562 nio
190 2526 369 2562 clementi
388 2526 493 2561 Darii
513 2526 623 2574 regis,
644 2526 765 2562 bene-

106 2581 281 2618 ficiorum
320 2594 472 2632 semper
509 2582 690 2618 memoris
730 2589 768 2619 et

110 2637 193 2686 lege
239 2639 442 2675 Persarum
478 2635 795 2687 humanissimas

106 2694 212 2729 cuius
232 2694 295 2730 ille
323 2694 436 2732 fuisse
456 2693 607 2731 videtur
636 2695 768 2731 obser—-

105 2750 357 2787 vantissimus.
396 2752 521 2788 Grave
539 2751 683 2788 censeri
698 2764 766 2802 po-

106 2812 202 2843 terat
223 2806 379 2843 Histiaei
391 2806 585 2856 delictum,
606 2806 673 2844 sed
692 2806 766 2846 hoc

841 764 953 802 facile
973 764 1196 803 redemisset
1220 764 1369 815 ingenti
1389 765 1510 801 bene-

839 822 962 870 facto,
995 835 1071 875 quo
1092 835 1225 873 regem
1244 823 1339 858 olim
1360 828 1397 858 et
1413 822 1511 858 Per-

839 891 898 916 sas
920 892 941 915 e
961 878 1122 931 Scythia
1142 879 1327 931 profugos
1359 885 1510 915 macta-

838 943 966 974 verat:
996 949 1106 974 more
1127 949 1195 974 suo
1223 942 1351 986 gratus
1373 937 1509 973 Darius

838 993 884 1042 V,
920 995 967 1032 11
1001 992 1179 1031 beneficii
1208 994 1439 1029 meminerat
1468 993 1510 1029 in

837 1062 878 1087 se
905 1050 1051 1099 collati3
1089 1049 1326 1102 tandemque
1365 1050 1510 1086 mortui

837 1104 1094 1144 honorificam
1116 1120 1270 1160 quoque
1291 1107 1508 1143 fecitmen-

838 1164 1007 1212 tionem,
1063 1163 1118 1212 ὥς
1155 1160 1302 1216 ἀνδρὸς
1328 1160 1507 1214 μεγάλως

836 1218 975 1276 ἑωυτῷ
994 1234 1035 1260 τε
1055 1220 1126 1260 καὶ
1150 1220 1330 1274 Πέρσῃσι
1348 1216 1504 1273 εὐεργέ-

835 1291 921 1318 τεω.
979 1279 1191 1329 Egregiam
1220 1279 1426 1314 Persarum
1447 1278 1505 1314 le-

833 1346 926 1384 gem
945 1336 1084 1372 merito
1107 1333 1297 1372 collaudat
1318 1333 1505 1372 Herodot.

831 1392 862 1438 I,
893 1394 985 1438 137,
1020 1405 1191 1444 quocum
1221 1391 1323 1429 confi
1343 1390 1504 1429 Diodor-

833 1447 914 1484 Sic.
940 1449 1025 1495 XV,
1061 1452 1125 1489 11.
1158 1449 1207 1495 11,
1238 1451 1307 1489 28.
1337 1449 1504 1486 Pausan.

830 1505 900 1551 IX,
924 1507 978 1545 32
999 1504 1065 1543 fin.
1089 1512 1127 1542 et
1146 1503 1302 1542 Aristid.
1331 1505 1386 1540 III
1408 1518 1498 1555 pag.

834 1558 928 1600 419.
988 1561 1161 1599 Solitum
1191 1568 1322 1598 autem
1342 1562 1504 1598 Darium

831 1618 961 1653 animo
996 1625 1105 1669 grato
1128 1620 1365 1655 Graecorum
1387 1619 1504 1655 etiam

829 1674 870 1709 in
891 1687 931 1710 se
952 1676 1090 1712 collata
1100 1675 1287 1712 beneficia
1308 1674 1503 1712 recordari

832 1729 1066 1769 documento
1116 1740 1205 1769 sunt
1244 1731 1499 1781 Democedes‚

832 1787 1022 1839 Syloson,
1054 1789 1172 1837 Οοὸε,
1203 1790 1393 1826 Histiaeus
1414 1790 1502 1826 alii—

831 1857 906 1896 que
941 1845 1008 1894 [et
1042 1843 1257 1882 Metiochus
1271 1874 1281 1893 ‚
1319 1844 1501 1883 Miltiadis

829 1901 928 1938 filius
957 1902 1022 1950 VI,
1053 1900 1143 1951 41].
1201 1903 1248 1938 In
1267 1903 1400 1939 Asiam
1420 1909 1501 1939 tra-

829 1956 976 2006 ductos,
998 1959 1135 2010 quibus
1155 1958 1267 1996 valde
1279 1959 1404 1996 fuerat
1422 1960 1501 1997 ira-

827 2022 887 2052 tus
903 2044 914 2063 ‚
944 2016 1179 2053 Eretrienses
1200 2017 1498 2054 clementissime

826 2074 1001 2110 tractavit
1039 2079 1076 2109 et
1114 2073 1304 2110 Milesios:
1352 2072 1499 2112 Herod.

826 2129 892 2177 VI,
916 2130 1012 2169 119.
1030 2131 1123 2170 120.
1157 2129 1237 2167 Sed
1258 2132 1391 2180 magni
1412 2132 1498 2167 ani-

826 2187 882 2223 mi
903 2184 1181 2223 documentum
1201 2188 1359 2238 praebet
1384 2201 1497 2239 egre-

827 2244 949 2294 gium,
971 2241 1232 2296 undecunque
1252 2243 1412 2281 tandem
1424 2258 1497 2296 pe-

823 2301 940 2337 titum
970 2300 1124 2337 Aelian.
1153 2302 1198 2339 V.
1221 2303 1271 2339 H.
1300 2302 1365 2350 VI,
1400 2300 1493 2342 14.“

823 2356 925 2395 Add.
949 2357 1065 2394 etiam
1082 2358 1165 2404 VH,
1193 2357 1285 2398 194.

879 2412 948 2452 καὶ
968 2413 1036 2453 ἵνα
1057 2411 1112 2466 μὴ
1137 2411 1378 2466 διαφυγών]
1425 2427 1494 2462 „ne

1517 307 1629 335 Sardes
1649 312 1727 337 abdu

1519 346 1607 381 cumr
1628 344 1778 380 Artapher

1520 384 1585 408 nen,
1600 385 1694 403 lnscm
1717 378 1777 404 invi

1521 413 1614 443 toque
1636 410 1742 445 Dario,

1515 447 1616 469 necat.

1515 479 1595 520 451

823 2470 946 2507 salvus
969 2470 1170 2509 evaderet.“
1216 2473 1274 2508 Ita
1288 2470 1493 2523 Schweig-
1530 2502 1533 2507 .

822 2525 953 2564 haeus.
974 2526 1188 2565 Larcherus
1196 2528 1491 2579 interpretatur:

825 2584 892 2632 „de
929 2586 1087 2634 crainte,
1125 2586 1190 2635 «μ’
1231 2586 1429 2636 e'clmppant
1467 2587 1492 2622 ὰ

823 2640 862 2678 la
877 2643 1043 2690 punition
1056 2643 1081 2661 “
1112 2640 1186 2679 hoc
1207 2641 1351 2678 addens
1364 2671 1373 2689 ,
1394 2640 1490 2678 haec

822 2698 983 2733 minime
994 2696 1101 2735 reddi
1111 2711 1241 2749 posse:
1256 2698 1333 2746 „de
1341 2699 1488 2744 crainte,

823 2754 889 2803 (μ’
930 2758 1043 2804 ayant
1068 2757 1148 2805 pris
1178 2755 1215 2792 la
1229 2754 1366 2805 fuite“.
1429 2755 1487 2789 De

821 2808 1063 2861 Artapheme
1076 2807 1244 2864 ὑπάρχῳ
1264 2809 1341 2848 vid.
1352 2809 1397 2857 V,
1419 2809 1489 2851 25.
