1897 3340
355 209 435 249 152
746 201 1208 241 rinnono'rl

351 315 550 360 τούτοισι
591 315 635 358 οἱ
666 309 961 364 Ἐπιδαύριοι,
1008 312 1098 354 τῶν
1136 325 1180 353 τε
1220 308 1393 352 ἐδέοντο
1442 306 1608 361 ἔτυχον,

349 384 423 428 καὶ
453 380 679 438 ἀγάλματα
709 380 755 423 ἐκ
785 382 873 421 τῶν
902 375 1079 420 ἐλαιέων
1106 377 1296 420 τουτέων
1325 373 1610 428 ποιησάμενοι

353 450 609 506 ἱδρύσαντο·
641 449 713 491 καὶ
741 446 770 502 ἥ
802 461 846 488 τε
874 448 929 500 γῆ
955 456 1034 500 σφι
1066 445 1216 500 ἔφερε,
1248 444 1322 486 καὶ
1343 442 1666 498 Ἀθηναίοισι95

357 517 579 563 ἐπετέλεον
607 514 661 558 τοὶ
693 514 941 558 συνέθεντο.
1014 515 1181 555 Τοῦτον
1214 513 1258 555 δ’
1302 511 1361 554 ἔτι
1399 512 1476 554 τὸν
1515 507 1612 565 χρό-

355 602 460 636 νον,
490 584 563 627 καὶ
591 583 676 637 πρὸ
706 585 786 624 τοῦ
797 613 809 632 ,
846 580 1077 635 Αἰγινῆται
1099 577 1392 633 Ἐπιδαυρίων
1429 577 1614 634 ἤκουον,

351 652 404 696 τά
431 667 476 695 τε
508 648 638 700 ἄλλα,
659 648 730 692 καὶ
759 650 906 700 δίκας,
938 647 1237 704 διαβαίνοντες
1267 646 1310 697 ἐς
1338 648 1613 700 Ἐπίδαυρον,

231 517 298 562 83

20 583 109 617 Quae
132 581 299 610 simulacra

19 625 86 644 cum
97 616 267 651 Aeginetae

19 649 208 687 rapuissent,

299 821 365 875 ἱρὰ
387 821 454 861 καὶ
471 823 529 876 τῷ
542 816 742 872 Ἐρεχθὲϊ]
773 820 962 859 Voculam

297 895 357 927 τε,
391 890 509 930 quam
537 878 771 928 Wesseling.
806 876 961 915 Schaef.

300 943 337 973 et
378 933 513 971 Matth.
548 933 789 981 deleverant,
824 934 962 971 retinui

300 990 482 1043 equidem
524 1003 613 1027 cum
642 989 832 1028 Gaisford.
902 992 961 1026 De

299 1050 472 1085 Minerva
499 1046 659 1084 Poiiade
684 1061 713 1085 s.
735 1048 828 1084 arcis
848 1059 962 1098 prae-

301 1103 382 1142 side
402 1117 481 1141 non
500 1104 622 1154 magis
647 1116 741 1155 opus
761 1104 870 1155 plura
899 1116 963 1139 re-

301 1161 399 1198 ferre
421 1173 538 1212 quam
558 1159 605 1196 de
625 1158 856 1207 Erechtheo,
892 1172 963 1196 cu-

302 1219 361 1254 ius
380 1215 516 1253 fanum
545 1229 634 1253 cum
653 1217 848 1253 Minervae
868 1214 963 1252 aede

305 1274 553 1310 coniunctum
572 1273 685 1310 fuisse
705 1279 863 1309 constat.
903 1272 961 1309 cf.

304 1336 399 1369 nott.
422 1327 471 1366 ad
499 1330 564 1376 ΙΙΙ,
596 1329 649 1371 59
678 1329 764 1366 coll.
785 1329 893 1373 VIII,
912 1327 966 1369 55

307 1400 347 1422 er
368 1386 627 1423 C.O.Miiller.
648 1386 705 1421 De
715 1385 967 1422 Minerv.Po-

306 1441 396 1479 liad.
417 1454 505 1492 pag.
520 1444 573 1482 69
582 1454 675 1494 seq.,
696 1443 762 1493 qui
783 1455 850 1478 cur
870 1442 966 1477 eius-

309 1497 417 1535 modi
454 1499 566 1548 leges
587 1498 634 1535 ab
672 1497 968 1534 Atheniensibus

307 1555 469 1604 scriptae
484 1554 625 1590 fuerint
643 1560 685 1590 ut
698 1554 967 1603 intelligamus,

310 1611 410 1647 bene
430 1610 615 1657 observat,
629 1610 701 1647 illis
715 1611 827 1647 sacris
841 1609 970 1645 feren-

311 1665 367 1703 dis
388 1665 516 1703 durius
528 1666 677 1702 nullum
689 1667 873 1702 tributum
886 1666 969 1701 Do-

310 1723 495 1760 riensibus
514 1723 662 1772 imponi
682 1723 858 1772 potuisse,
880 1733 969 1758 cum

309 1779 391 1817 scil.
425 1780 564 1816 Ionum
595 1777 689 1815 deae
717 1778 901 1829 principi,
929 1778 970 1813 in

314 1836 420 1872 cuius
455 1833 593 1871 aedem
624 1836 798 1871 Doriensi
824 1833 971 1871 homini

314 1904 366 1928 ne
398 1890 548 1942 ingredi
569 1890 725 1943 quidem
757 1891 907 1928 licuisse
929 1902 977 1926 ex

315 1947 502 1985 Herodot.
533 1947 585 1992 V,
613 1949 667 1988 72
695 1948 838 2000 liquet,
873 1958 978 1984 sacra

317 2003 454 2041 afferre
503 2006 707 2056 quotannis
739 2010 978 2054 cogerentur.

318 2060 459 2109 „Quid,
488 2061 540 2098 ita
574 2061 698 2111 pergit
727 2061 878 2097 Miiller.
906 2060 978 2096 l.1.

319 2129 408 2168 pag.
429 2119 495 2163 70,
515 2117 545 2154 si
566 2118 689 2154 omnis
708 2118 766 2154 vir
788 2117 979 2153 Doriensis

321 2174 368 2210 ab
398 2172 502 2209 aditu
538 2171 650 2209 huius
670 2173 802 2224 templi
822 2173 980 2209 arceba-

319 2236 403 2277 tur,
450 2228 664 2280 Epidauriis
706 2230 983 2280 Aegineticisve

322 2286 445 2335 magis
474 2286 774 2335 ignominiosum
804 2298 882 2322 esse
910 2297 983 2336 po-

323 2348 439 2388 terat,
477 2355 594 2393 quam
633 2341 771 2379 hostias
806 2341 981 2378 advectas

323 2399 455 2434 alienis
476 2397 732 2436 sacerdotibus
753 2398 845 2436 deae
857 2397 981 2434 Athe-

325 2455 517 2491 niensium
529 2456 708 2505 peculiari
718 2456 787 2492 sibi
798 2455 979 2501 infensae,

327 2510 548 2547 mactandas
589 2508 806 2548 tradere?“
870 2509 982 2556 Quod

327 2579 418 2604 vero
439 2565 477 2603 h.
490 2567 515 2604 l.
534 2568 704 2604 Minerva
723 2568 848 2605 Polias
869 2574 982 2618 atque

326 2621 564 2660 Erechtheus
595 2625 829 2661 coniunctim
858 2624 986 2660 nomi-

328 2686 479 2726 nantur,
509 2679 718 2716 tenendum
740 2687 812 2723 est,
842 2681 879 2716 in
901 2693 987 2716 arce

330 2748 450 2772 unum
472 2734 650 2788 idemque
680 2735 894 2773 aedificium
918 2749 987 2773 va-

332 2793 394 2829 riis
423 2791 511 2828 inde
543 2793 833 2842 cognominibus
854 2793 987 2844 appel-

1016 820 1156 867 latum,
1188 821 1341 871 utrique
1368 821 1518 857 numiui
1538 821 1589 857 ita
1609 820 1674 856 fu-

1016 877 1088 914 isse
1109 884 1384 923 consecratum,
1414 884 1457 913 ut
1476 878 1674 914 interiecto

1016 934 1160 984 pariete
1191 932 1286 970 illud
1326 932 1601 970 discerneretur
1636 933 1677 968 in

1017 985 1208 1039 ἀνδρῶνα
1237 988 1442 1041 quendam,
1471 987 1679 1026 Erechthei

1016 1046 1152 1082 faumn
1182 1047 1368 1083 orientem
1398 1059 1548 1094 versus,
1580 1046 1678 1082 etin

1017 1104 1247 1155 γυναικῶνα
1267 1102 1506 1140 occidentem
1534 1115 1678 1150 versus,

1017 1159 1211 1195 Minervae
1240 1159 1375 1195 fanum
1390 1186 1406 1203 ,
1444 1160 1550 1197 cuius
1577 1160 1681 1195 inte-

1018 1216 1095 1251 rior
1113 1227 1198 1265 pars
1219 1216 1289 1266 ipsi
1308 1216 1503 1252 Minervae
1516 1245 1526 1262 ‚
1562 1216 1681 1252 altera

1017 1284 1104 1322 pars
1124 1283 1245 1323 eaque
1264 1271 1391 1308 minor
1409 1270 1605 1309 Pandroso
1621 1285 1683 1308 es-

1021 1334 1078 1364 set
1107 1334 1338 1365 consecrata.
1383 1328 1502 1364 Plura
1530 1329 1682 1364 Miiller.

1022 1384 1048 1420 l.
1071 1384 1094 1421 l.
1117 1396 1205 1434 pag.
1232 1386 1285 1424 23
1311 1384 1397 1421 coll.
1429 1397 1518 1435 pag.
1542 1387 1607 1426 18.
1626 1405 1684 1411 -—

1022 1442 1066 1476 In
1087 1453 1193 1492 seqq.
1215 1439 1264 1477 ad
1283 1437 1553 1492 ποιησάμενοι
1580 1440 1683 1478 conf.

1022 1497 1068 1543 v,
1084 1499 1153 1536 77.

1195 1586 1288 1635 Cap.
1307 1586 1526 1623 LXXXIII.

1087 1665 1239 1703 Τοῦτον
1261 1660 1296 1702 δ’
1315 1663 1368 1703 ἔτι
1388 1661 1459 1705 τόν
1484 1661 1630 1717 χρόνον
1649 1679 1684 1703 κ.

1026 1735 1059 1758 τ.
1089 1721 1148 1768 λ.]
1179 1721 1341 1772 Inquirit
1372 1721 1412 1757 in
1441 1719 1514 1758 hoc
1535 1729 1687 1772 tempus

1026 1777 1235 1814 accuratius
1259 1777 1566 1814 constituendum
1587 1778 1628 1816 C.
1643 1778 1689 1815 O.

1031 1833 1182 1870 Mtiller.
1237 1834 1430 1883 Aeginett.
1478 1847 1568 1885 pag.
1620 1836 1688 1882 73,

1032 1890 1099 1926 vix
1136 1890 1228 1926 certi
1267 1888 1360 1941 quid
1391 1888 1552 1927 indicari
1579 1903 1690 1941 posse

1034 1952 1161 1993 ratus;
1191 1946 1230 1982 in
1249 1946 1466 1998 Olympiad.
1487 1950 1540 1989 60
1568 1947 1691 1984 ferme

1033 2003 1103 2039 ista
1123 2001 1258 2039 cadere
1278 2004 1444 2041 coniicit.

1091 2057 1158 2097 καὶ
1184 2054 1694 2110 δίκας-ἔδίδοσαν-παρ’

1036 2109 1215 2164 ἀλλήλων
1255 2115 1296 2154 οἶ
1331 2115 1572 2167 Αἰγινῆται]
1616 2117 1694 2153 Pro

1037 2171 1197 2222 simplici
1218 2170 1285 2211 καὶ
1293 2171 1477 2211 Valcken.
1487 2173 1599 2211 scribi
1609 2185 1694 2210 ma-

1037 2228 1119 2264 vult
1148 2227 1216 2266 καὶ
1251 2225 1301 2279 δή
1322 2228 1411 2276 καὶ,
1442 2237 1484 2266 ut
1513 2242 1596 2266 mos
1622 2229 1695 2266 fert

1037 2284 1243 2333 Herodoti,
1305 2285 1555 2334 praecedente
1584 2286 1695 2323 locu-

1037 2341 1140 2377 tione
1159 2338 1207 2380 τά
1233 2355 1272 2380 τε
1294 2339 1406 2380 ἄλλα.
1464 2343 1606 2380 Sensus
1636 2343 1697 2378 lo-

1037 2398 1071 2433 ci
1093 2404 1165 2434 est:
1207 2398 1398 2446 Aeginetae
1425 2400 1482 2435 ius
1510 2397 1698 2448 Epidauri

1037 2455 1185 2491 invicem
1213 2454 1283 2490 sibi
1319 2456 1406 2504 ipsis
1438 2459 1470 2491 et
1497 2454 1632 2492 dabant
1662 2458 1696 2491 et

1038 2510 1254 2560 accipiebant
1273 2510 1351 2547 sive
1371 2511 1452 2547 lites
1472 2524 1558 2548 suas
1567 2523 1698 2547 coram

1039 2565 1165 2603 iudice
1184 2564 1392 2617 Epidaurio
1414 2566 1696 2618 disceptabant:

1043 2635 1119 2674 quo
1149 2624 1229 2674 ipso
1249 2636 1289 2659 se
1312 2622 1525 2674 Epidauriis
1545 2622 1699 2661 obedire

1043 2674 1238 2727 (οἷκούειν
1258 2675 1549 2732 Ἐπιδαυρίων)
1580 2693 1610 2718 s,
1631 2692 1700 2717 eo-

1042 2748 1129 2771 rum
1176 2736 1350 2786 potestati
1405 2735 1574 2773 subditos
1622 2749 1702 2774 esse

1044 2791 1285 2829 declarabant
1297 2793 1450 2845 quippe,
1472 2792 1702 2845 Epidaurio-
