1897 3340
613 208 917 247 ERATO.
976 207 1054 245 VI.
1385 213 1468 252 359

204 335 285 363 του
319 320 392 363 καὶ
421 324 495 375 τῆς
527 318 734 373 Θρηΐκης·
777 313 875 358 ἄλλ’
920 316 965 358 ἐκ
996 316 1154 370 Σάμου
1185 314 1467 370 ὁρμεώμενοι,

203 387 323 442 παρά
352 403 397 430 τε
422 385 608 440 Ἰκάριον
637 384 710 427 καὶ
730 383 801 427 διά
831 381 980 439 νήσων
1008 383 1087 427 τόν
1107 382 1247 427 πλόον
1277 384 1467 427 ἐποιεῦν-

203 469 274 498 το·
316 454 374 506 ὦς
413 454 492 509 μὲν
531 452 623 507 ἐμοὶ
663 452 851 506 δοκέειν,
905 453 1121 502 δείσαντες
1161 449 1348 506 μάλιστα
1388 451 1467 494 τὸν

203 525 440 577 περίπλοον
476 523 557 562 τοῦ
587 517 732 572 ’Ἁθω,
771 519 840 562 ὅτι
875 523 935 578 τῷ
978 520 1175 579 προτέρῳ
1207 520 1291 563 ἔτεϊ
1321 518 1466 562 ποιεύ-
1480 528 1525 560 80

201 606 326 646 μενοι
354 587 488 644 ταύτῃ
519 586 598 644 τὴν
627 586 839 644 κομιδήν,
880 587 1077 642 μεγάλως
1115 587 1465 643 προσέπταισαν·

200 657 312 713 πρὸς
343 656 414 708 δὲ,
460 655 534 699 καὶ
562 653 589 710 ἡ
622 655 771 708 Νάξος
812 656 947 711 σφέας
975 655 1211 712 ἠνάγκαζε,
1247 654 1466 709 πρότερον

76 716 140 760 93
198 723 280 768 οὐκ
323 721 507 767 ἁλοῦσα.
573 721 688 767 Ἐπεὶ
728 723 797 776 δὲ,
837 723 884 766 ἐκ
924 728 1004 767 τοῦ
1041 724 1228 779 Ἰκαρίου
1257 722 1465 779 πελάγεος
1521 730 1659 799 35¹1,qu
1676 731 1779 800 &12⁰⁸

195 786 573 847 προσφερόμενοι,
619 790 886 846 προσέμιξαν
915 794 967 848 τῇ
1002 791 1150 851 Νάξῳ,
1190 792 1276 845 (ἐπὶ
1303 791 1658 848 ταύτηνὸὁνῆεῑᾶῑαε
1685 799 1795 826 incola*

195 858 278 916 γὰρ
316 859 368 916 51)
405 860 582 916 πρώτην
622 859 791 915 ἐπεῖχον
836 858 1150 914 στρατεύεσθαι
1195 861 1239 903 οἱ
1280 859 1449 914 Πέρσαι

195 926 461 983 μεμνημένοι
489 932 578 970 τῶν
606 926 859 982 πρότερον,)
905 929 949 970 οἱ
977 926 1137 979 Νάξιοι
1166 927 1277 983 πρὸς
1306 928 1358 970 τὰ
1389 928 1465 971 οὔ-

132 1219 277 1265 pontum
296 1228 425 1252 versus.
491 1215 561 1250 Ubi
584 1210 687 1265 εἶχον
709 1228 798 1252 cum

140 1279 295 1308 recentt.
316 1273 458 1309 restitui
479 1284 546 1322 pro
569 1271 670 1321 ἕχον,
695 1271 798 1323 quod

138 1327 319 1365 Schaeser
340 1336 376 1365 et
395 1326 564 1365 Bekker.
577 1335 798 1366 tenuerunt.

138 1387 194 1421 De
225 1385 341 1423 verbo
372 1383 472 1436 ἔχειν
504 1385 604 1421 cons.
636 1385 698 1432 vl,
730 1387 796 1425 92.

142 1444 232 1482 lOl.
261 1443 508 1491 wesseling„
531 1444 596 1492 qui
614 1440 713 1491 ἔχειν
734 1440 796 1478 hic

137 1497 239 1534 idom
265 1512 344 1535 esse
374 1501 425 1535 ait
457 1505 571 1549 atque
600 1495 795 1546 ἐλαύνειν,

135 1562 332 1606 comparat
352 1557 510 1592 Homer.
531 1556 574 1592 Il.
596 1556 700 1602 XIII,
715 1557 793 1595 326

134 1613 225 1664 ibiq.
255 1611 428 1649 Eustath.
467 1613 587 1662 Magis
622 1610 698 1648 huc
733 1612 793 1648 fa-

134 1670 239 1705 ciunt
278 1667 518 1720 Thucydidis
553 1669 627 1706 loci
654 1668 702 1717 ΙΙ,
724 1668 792 1709 25.

134 1727 186 1766 33
210 1740 231 1761 a
250 1725 440 1762 Larchero
463 1726 578 1762 allati.
636 1725 680 1761 Iu
701 1738 793 1776 pro-

133 1783 238 1818 xime
278 1796 384 1834 seqq.
420 1795 488 1833 pro
527 1785 585 1835 τῷ
615 1780 792 1834 προτέρῳ

135 1836 214 1877 ἔτεϊ
230 1839 426 1876 Dobraeus
446 1839 558 1875 scribi
579 1838 684 1876 vult:
707 1839 792 1891 τρί-

133 1910 186 1948 τῳ
209 1891 418 1947 πρότερον.

188 1959 297 2014 παρά
320 1979 361 2003 τε
380 1959 571 2015 Ἰκάριον]
605 1962 709 1998 Infra
728 1962 793 2010 VI,

135 2022 189 2060 96
203 2019 538 2071 addidit'rts'kocyog.
549 2017 634 2056 Vid.
645 2017 793 2056 Sohae-

131 2076 199 2113 fer.
229 2076 278 2113 ad
305 2078 499 2114 Lambert.
535 2077 623 2113 Bos.
655 2077 713 2111 De
734 2076 790 2112 el-

131 2133 232 2183 lipss.
249 2146 337 2184 pag.
349 2136 441 2174 377.
473 2133 593 2171 Icario
612 2134 709 2168 mari
729 2145 791 2169 sa-

129 2190 174 2226 tis
195 2197 340 2227 constat
351 2189 538 2241 designari
550 2190 694 2239 Aegaei
705 2202 791 2225 ma—

132 2247 178 2283 ris
198 2254 345 2297 partem
357 2277 366 2295 ,
385 2249 484 2284 iutra
503 2248 664 2283 Icaziam
682 2248 791 2283 insu-

131 2303 230 2349 lam,
260 2303 363 2340 unde
391 2317 535 2341 nomeu
549 2333 558 2351 ,
580 2310 694 2356 atque
715 2304 790 2340 Sa-

131 2371 240 2395 mum
273 2361 384 2396 sitam
413 2360 462 2397 ad
490 2362 602 2397 Asiae
632 2362 790 2397 minoris

133 2415 232 2451 litus.
300 2415 387 2453 Vid.
427 2418 558 2454 Horat.
589 2417 659 2454 Od.
688 2419 717 2464 I,
752 2420 787 2464 1,

136 2472 184 2512 15
205 2472 334 2524 ibique
353 2471 619 2520 Mitscherlich,
639 2487 688 2510 ne
701 2474 789 2523 plu-

132 2541 186 2564 ra.
216 2525 365 2578 νήσους
381 2528 429 2566 ad
450 2529 631 2580 Cycladas
652 2531 788 2577 resero,

131 2591 173 2620 ut
204 2585 269 2631 Vl,
292 2587 358 2626 96.
389 2587 454 2626 99.
499 2584 584 2625 vid.
612 2593 707 2622 nott.
739 2585 788 2622 ad

131 2640 176 2687 V,
192 2643 260 2680 30·

189 2703 249 2746 ὅτι
265 2710 320 2761 τῷ
338 2707 514 2760 προτέρῳ
543 2706 621 2746 ἔτεϊ
642 2723 678 2746 κ.
690 2723 722 2745 τ.
733 2709 785 2756 λ.]

134 2763 243 2800 Couf.
253 2765 315 2811 Vl,
336 2764 388 2804 44
410 2772 446 2801 et
467 2764 514 2801 de
534 2765 649 2801 verbo
665 2777 788 2815 προσ-

133 2820 287 2858 πταίειν
306 2827 403 2858 nott.
432 2820 480 2857 ad
499 2821 529 2870 1,
549 2820 618 2861 65.

1063 1215 1313 1265 cap.xcv1.

912 1270 1154 1322 προσέμιξαν
1174 1273 1223 1326 τῇ
1244 1266 1394 1322 Λγάξῳ]
1427 1273 1451 1307 i.
1484 1286 1518 1309 e.

855 1329 904 1366 ad
933 1326 1081 1366 Naxum
1107 1330 1251 1378 pre-pius
1284 1333 1516 1377 accesserunt,

855 1386 1252 1435 appropz'nquarunt.De
1265 1385 1380 1421 verbo
1391 1398 1518 1435 προσ-

854 1441 1046 1493 guy-*tima
1076 1444 1176 1478 cons.
1208 1449 1302 1478 nott.
1333 1440 1381 1477 ad
1415 1443 1516 1479 Plut.

852 1495 1005 1549 P.·il‹›p.
1045 1511 1133 1548 pag.
1173 1496 1240 1538 24.
1301 1497 1402 1534 Add.
1436 1501 1516 1534 He—

851 1555 935 1592 rod.
960 1556 1037 1602 vn,
1064 1557 1158 1595 168.
1205 1555 1375 1591 Verbum
1395 1569 1516 1606 προσ-

851 1608 1070 1663 φερόμενοι
1110 1609 1330 1662 Schweigh.
1360 1613 1399 1647 iu
1420 1613 1515 1649 Lex.

850 1668 994 1706 Herod.
1034 1667 1082 1717 (S.
1112 1682 1149 1705 v.
1180 1667 1514 1720 προσφέρεσθαι)

849 1728 1117 1776 interpretatur
1140 1729 1363 1775 erumpentes,
1379 1728 1515 1762 irruen-

851 1787 912 1820 tes.
972 1781 1164 1833 Equidem
1193 1782 1328 1818 malim
1348 1783 1514 1819 acceden-

850 1843 913 1886 tes,
934 1839 1088 1875 advecti.
1119 1839 1173 1875 Cf.
1198 1839 1281 1885 VII,
1303 1840 1383 1878 209
1407 1845 1445 1874 et
1473 1839 1513 1874 in

850 1896 1025 1946 proxime
1043 1907 1149 1947 seqq.
1171 1893 1219 1932 ad
1240 1894 1396 1944 ἐπεῖχον
1415 1901 1511 1933 nott.

851 1951 899 1989 ad
934 1953 962 1999 I,
999 1954 1065 1992 80.
1100 1952 1192 1992 153.
1259 1952 1396 2001 Attigit
1429 1952 1512 1987 Eu-

849 2005 960 2046 stath.
1003 2007 1050 2045 ad
1092 2007 1225 2059 Odyss.
1267 2021 1355 2058 pag.
1390 2008 1509 2055 1856,

851 2068 901 2105 16
922 2079 951 2102 5.
984 2067 1077 2112 683,
1101 2068 1166 2112 22,
1197 2066 1390 2116 explicans
1419 2076 1511 2103 σκο-

847 2119 926 2161 πόν
968 2117 1073 2172 εἶχον
1113 2116 1214 2160 κατά
1251 2123 1321 2173 τῆς
1370 2117 1512 2169 Νάξου

848 2175 1146 2230 στρατεύεσθαι.

904 2256 1147 2308 μεμνημένοι
1174 2259 1255 2296 τῶν
1281 2253 1505 2307 πρότερον]

846 2316 950 2351 Libri
971 2316 1116 2366 aliquot
1155 2312 1380 2365 προτέρων,
1412 2326 1508 2349 con-

845 2372 992 2408 fusione
1012 2370 1116 2408 haud
1137 2383 1233 2407 rara.
1264 2370 1376 2407 Cous.
1393 2367 1508 2405 Thu-

845 2428 931 2479 cyd.
971 2430 1001 2476 1,
1036 2430 1076 2468 9.
1115 2429 1168 2468 23
1196 2427 1277 2464 init.
1313 2424 1506 2463 Plutarch.

844 2486 983 2522 Pericl.
1017 2487 1066 2525 18
1106 2486 1159 2520 in.
1190 2482 1256 2524 34.
1294 2497 1327 2520 c.
1358 2483 1424 2519 flu.
1470 2490 1507 2518 et

847 2555 945 2593 quae-
966 2542 1039 2578 alia
1060 2542 1169 2577 attuli
1191 2539 1240 2577 ad
1255 2538 1390 2591 Pyrrh.
1412 2551 1503 2589 pag.

845 2600 941 2639 251.
1000 2598 1100 2635 Sunt
1128 2604 1257 2634 autem
1276 2596 1370 2632 haec
1390 2595 1504 2632 verbu

846 2654 1085 2692 annectenda
1120 2652 1430 2690 antecedentibus
1466 2649 1507 2688 οἷ

848 2709 1000 2762 Πέρσαι
1037 2723 1163 2761 neque
1196 2723 1286 2747 cum
1316 2707 1506 2757 sequenti-

845 2767 914 2803 bus
966 2767 1008 2805 οἱ
1042 2764 1189 2813 Νάξιοι
1224 2760 1504 2811 coniungenda,

846 2821 951 2874 quod
970 2823 1031 2859 vel
1052 2835 1072 2858 e
1092 2823 1177 2858 loco
1192 2822 1237 2865 V,
1266 2818 1334 2864 34,
1356 2819 1421 2869 qui
1441 2815 1502 2852 hic.

1523 840 1651 868 rumque
1663 838 1750 868 quot-

1525 870 1598 901 quot
1622 866 1653 893 in
1682 869 1797 893 monta-

1451 896 1464 914 ’
1523 908 1563 926 na
1590 909 1648 939 ιιοιι
1668 900 1794 939 aufuge-

1523 938 1602 967 rant,
1632 942 1661 960 ιιι
1683 942 1779 961 δεῖνι-

1521 971 1616 995 tutem
1633 967 1762 995 abducti.

168 1002 276 1051 Ξρεα
306 997 478 1051 οἴχοντο
510 995 766 1053 φεύγοντες,
802 995 906 1040 οὐδὲ
923 993 1172 1052 ὑπέμειναν.
1204 998 1248 1041 οἱ
1277 997 1323 1041 δὲ
1350 996 1462 1052 Πέρ-
1519 1001 1728 1065 ξᾶᾱὲὲὲἓὲῐᾛὲ
