1897 3340
0 826 12 844 ‚v
78 813 157 840 truci
181 818 232 841 at:
252 817 337 842 vuius

0 847 11 855 ”
78 846 123 872 rei
140 847 204 874 alia
221 850 312 883 vulgo

0 936 12 949 ⁸
76 945 123 983 gis
149 947 258 975 fertur.
296 951 347 975 Ar-

10 991 11 998 ,
76 987 213 1013 givorum
231 981 314 1009 sama

2 3219 13 3340 ..φ-
0 2933 14 3183 Qvo-*v-
18 2907 21 2914 .

418 242 501 281 332
817 247 1273 286 HERODOTI

388 351 469 394 462:
497 349 629 406 ἄγκος
666 353 868 409 αἱμασιῆς
897 370 959 404 τις
987 355 1176 408 περιθέει
1208 355 1378 410 κύκλος.
1427 358 1454 416 ἦ
1495 360 1541 403 δὲ
1572 360 1672 404 Νώ-

413 435 594 473 νακρις,
627 419 674 462 ἐν
701 424 754 476 τῇ
791 420 818 476 ἡ
847 422 958 478 πηγή
994 423 1103 478 αὕτη
1131 425 1325 479 τυγχάνει
1358 426 1509 480 ἐοῦσα,
1549 426 1674 479 πόλις

289 482 355 530 75
413 485 500 530 ἐστὶ
527 490 600 541 τῆς
625 483 851 542 Ἀρκαδίης
880 491 990 544 πρὸς
1026 495 1183 548 Φενεῷ.
1245 492 1477 544 Μαθόντες
1508 495 1553 537 δὲ
1584 499 1670 537 Λα-

83 580 228 615 spamam
248 590 315 610 eum
417 552 685 609 κεδαιμόνιοι
715 556 961 609 Κλεομένεα
996 562 1131 601 ταῦτα
1160 559 1430 614 πρήσσοντα,
1478 566 1669 617 κατῆγον

81 612 356 684 ξ’ζζῗζξξῗὲἐξζξῑμῗὲ
414 620 550 665 αὐτὸν
607 622 822 672 δείσαντες
870 624 938 666 ἐπὶ
986 631 1098 668 τοῖσι
1151 626 1320 670 αὑτοῖσι
1365 628 1406 679 ἐς
1454 628 1724 685 Σπάρτηυὸο

81 678 358 743 ἦξῖζξθᾞξῗὲῶᾓ
385 694 528 732 evolat
566 688 640 732 καὶ
677 687 894 742 πρότερον
932 685 1045 745 ἦρχε.
1102 694 1381 738 Κατελθόντα
1422 696 1467 738 δὲ
1515 694 1664 747 αὐτὸν,

79 746 355 815 ἕζῧῗῗζξῧὲἶξὲιῗξ·
414 755 570 800 αὐτίκα
598 754 785 811 ὑπέλαβε
814 759 946 814 μανίη
975 762 1156 812 νοῦσος,
1197 760 1324 803 ἐόντα
1352 762 1425 804 καὶ
1452 761 1666 816 πρότερον

411 821 791 878 ὑπομαργότερον·
841 824 952 876 ὅκως
988 824 1071 881 γάρ
1112 842 1193 869 τεω
1235 827 1403 883 ἐντύχοι
1439 833 1665 885 Σπαρτιη-

408 891 528 940 τέων,
551 889 750 946 ἐνέχραυε
771 891 814 942 ἐς
832 891 881 936 τό
904 893 1140 948 πρόσωπον
1158 893 1206 937 τὸ
1231 898 1464 950 σκῆπτρον.
1494 899 1665 938 ποιεῦν-
1701 928 1704 930 -

404 974 458 1001 τα
487 958 534 1001 δὲ
564 956 700 1001 αὐτόν
729 962 885 1012 ταῦτα,
927 961 1001 1004 καὶ
1037 963 1464 1018 παραφρονήσαντα,
1505 962 1664 1019 ἔδησαν
1677 967 1720 1002 55

84 545 117 573 ld
135 546 278 575 timentes

77 881 351 946 ffieussfflhzffizr-

77 1012 199 1051 qberius
226 1023 314 1051 expo-

75 1048 142 1073 sita.

348 1164 438 1189 vero
455 1165 558 1200 saxa,
581 1151 628 1190 de
640 1154 774 1204 quibus
795 1167 894 1206 aqua
910 1156 1006 1192 alte-

348 1210 423 1245 rius
454 1209 568 1246 fontis
588 1211 782 1260 praecipiti
803 1225 914 1248 cursu
935 1211 1004 1249 de-

346 1265 497 1312 labitur,
509 1267 664 1315 nigrum
678 1266 901 1317 adspectum
914 1282 1002 1305 cum

344 1322 461 1371 vulgo
482 1323 700 1373 praebeant,
726 1322 815 1360 hinc
836 1325 910 1361 loci
929 1339 1003 1362 no-

338 1391 435 1414 meu
471 1392 575 1416 nunc
605 1379 724 1416 fertur
752 1380 945 1419 IlIavroner
970 1396 999 1419 s.

344 1434 577 1473 Mavronm,
610 1437 723 1473 Vicus
743 1437 838 1474 fonti
865 1440 999 1488 proxi-

342 1503 428 1528 mus
447 1504 550 1529 nunc
570 1493 779 1543 appellatur
800 1493 912 1532 Solos.
941 1517 998 1523 —-

343 1544 463 1599 ἄγκος
492 1556 547 1585 est
570 1549 696 1596 vallis,
744 1550 839 1587 locus
875 1565 998 1588 conca-

339 1615 424 1652 vus,
465 1617 601 1642 cavum.
659 1606 795 1656 Attigit
822 1606 996 1644 Eustath.

340 1660 366 1696 l.
394 1660 420 1696 l.
453 1659 590 1697 Suidas
619 1661 636 1696 Ι
667 1675 706 1711 p.
735 1663 811 1701 29:
855 1660 994 1715 ἄγκος·

338 1713 499 1766 ’ὑψηλὸς
516 1719 590 1756 τοῦ
607 1713 725 1766 ὄρους
752 1713 882 1767 τόπος.

398 1770 447 1811 ἐν
467 1774 517 1828 τῇ
537 1771 565 1823 ἦ
586 1769 891 1826 πηγὴ-ἐοῦσα]
914 1777 995 1812 Eo—

339 1827 428 1864 dem
457 1835 567 1879 pacto
588 1841 700 1880 supra
721 1829 772 1868 ἐν
795 1831 817 1870 δ
829 1829 846 1871 ὲ
866 1828 988 1885 ταύτῃ

338 1885 389 1934 τῇ
407 1881 522 1924 πόλει
548 1883 696 1936 λέγεται
721 1882 823 1927 εἶναι
849 1903 884 1926 κ.
903 1903 936 1926 τ.
955 1891 988 1926 λ.

338 1941 412 1976 Ubi
440 1940 482 1980 ἐν
512 1942 612 1979 valet
630 1944 759 1990 iuxta,
780 1944 830 1981 ad
859 1946 988 1982 urbem.

338 1996 425 2033 vid.
456 1996 623 2035 Fischer.
663 1996 712 2034 ad
742 2000 905 2039 Weller.
936 2002 990 2037 ΙΙΙ

333 2065 422 2103 pag.
446 2056 524 2095 139
540 2067 619 2106 seq.
677 2056 776 2092 Nam
794 2059 989 2106 Nonacris,

334 2108 383 2145 ad
413 2110 518 2146 cuius
539 2108 722 2147 ditionem
750 2121 850 2150 certe
870 2115 988 2164 perti-

334 2166 416 2201 nuit
436 2166 541 2214 sons,
561 2166 748 2215 nonnihil,
769 2176 811 2206 ut
830 2171 987 2206 monui-

331 2234 435 2268 mus,
465 2221 624 2259 distabat
644 2236 665 2259 a
685 2223 854 2265 Pheneo.
886 2227 985 2263 Hinc

330 2276 431 2327 apud
464 2279 627 2316 Pausan.
657 2281 756 2327 VIII,
785 2284 833 2322 18
866 2283 902 2327 §.
932 2285 981 2322 2:

329 2330 435 2372 τὸδὲ
463 2330 573 2386 ὕδωρ
603 2331 647 2374 τὸ
680 2331 757 2376 οἷπὸ
785 2340 857 2377 τοῦ
885 2353 983 2389 κρη-

329 2392 434 2439 μνοῦ
453 2393 525 2429 τού
548 2405 577 2428 π
593 2388 684 2441 αροῖ
723 2390 814 2443 τὴν
847 2391 982 2432 Ναύ-

328 2460 518 2498 κραριν
541 2443 666 2493 στάζει
684 2462 720 2486 κ.
741 2463 772 2486 τ.
793 2452 826 2487 λ.

381 2499 479 2553 πρὸς
503 2504 653 2556 Φενεῷ]
685 2504 821 2555 Attigit
842 2506 978 2543 suidas

325 2572 354 2595 s.
384 2571 420 2595 v.
446 2555 590 2604 Φενεός
619 2561 669 2596 Τ.
688 2562 740 2596 ΠΙ
770 2575 856 2612 pag.
879 2563 974 2604 591.

325 2613 496 2653 Eustath.
529 2614 577 2652 ad
605 2616 648 2653 Il.
679 2630 719 2667 p.
754 2620 847 2665 985,
882 2622 924 2659 11
951 2634 979 2657 s.

327 2673 421 2719 976,
452 2673 519 2712 33.
584 2711 596 2715 ,,

518 2728 609 2779 Cap.
629 2730 785 2767 LXXV.

379 2782 444 2822 ἐπὶ
463 2787 565 2823 τοῖσι
585 2780 762 2835 αὐτοῖσι]
785 2786 844 2827 Cf.
856 2788 886 2832 Ι,
906 2787 972 2828 141

325 2840 406 2878 init.
426 2840 555 2892 ibique
574 2848 668 2879 nott.

1117 1155 1288 1207 ’ὑπέλαβε
1308 1156 1429 1206 μανίη
1450 1157 1622 1205 νοῦσος]
1643 1158 1717 1194 At—

1060 1213 1129 1262 tigi
1149 1212 1196 1249 ad
1217 1214 1281 1260 VI,
1303 1215 1368 1253 27.
1407 1215 1569 1251 Pausan.
1589 1214 1653 1261 111,
1675 1213 1712 1261 4,

1059 1272 1107 1309 2:
1142 1268 1371 1319 Κλεομένην
1394 1266 1713 1319 δὲῦστεροντοῦ-

1058 1340 1138 1364 των
1173 1324 1359 1375 ἐπέλαβεν
1390 1324 1419 1377 ἦ
1450 1322 1607 1377 τελευτὴ
1637 1341 1714 1374 μα-

1057 1380 1188 1420 νέντα.
1247 1383 1304 1418 De
1327 1394 1420 1419 voce
1440 1378 1713 1433 ’ὑπομαργότε-

1055 1452 1126 1489 ρον
1159 1438 1260 1476 conf.
1286 1440 1352 1486 III,
1382 1441 1449 1479 29.
1506 1440 1564 1475 De
1597 1439 1712 1476 Cleo—

1052 1496 1174 1531 menis
1193 1496 1337 1531 insania
1370 1496 1494 1545 plures
1521 1495 1711 1543 dixerunt,

1055 1564 1149 1602 quos
1170 1550 1277 1588 affert
1297 1565 1319 1588 a
1354 1552 1425 1590 Cr.
1459 1553 1641 1589 excitatus
1661 1550 1710 1588 ad

1052 1606 1091 1645 h.
1114 1608 1140 1644 l.
1157 1607 1433 1658 VVyttenbach.
1456 1608 1504 1645 ad
1515 1606 1705 1647 Plutarch.

1052 1663 1185 1699 Moral.
1202 1664 1231 1710 I,
1253 1667 1279 1704 2
1298 1677 1386 1714 pag.
1401 1665 1520 1705 1175-

1107 1718 1314 1771 ἐνὲχραυε]
1355 1722 1380 1757 i.
1413 1733 1445 1756 e.
1475 1717 1644 1770 sceptrum
1673 1734 1704 1758 s.

1050 1775 1212 1812 baculum
1244 1777 1281 1813 in
1333 1776 1469 1814 vultum
1504 1777 1705 1827 infligebat,

1050 1833 1259 1880 stringebat.
1315 1833 1361 1868 In
1391 1833 1520 1882 glossis
1541 1832 1704 1871 reddunt

1044 1884 1250 1938 πλήττειν,
1287 1896 1351 1925 aut
1377 1890 1450 1925 alio
1481 1901 1556 1941 quo
1585 1888 1702 1926 modo

1044 1945 1170 1982 simili.
1191 1943 1365 1982 Afferunt
1376 1945 1591 1982 Herodotea
1610 1946 1703 1983 Sui-

1045 2000 1110 2037 das
1132 2002 1181 2038 T.
1194 2002 1211 2036 I
1230 2014 1268 2051 p.
1281 2000 1376 2042 744.
1402 2000 1620 2040 Eustathius
1633 2001 1701 2051 (ad

1046 2056 1178 2108 Odyss.
1209 2058 1244 2092 ΙΙ
1275 2071 1314 2108 p.
1347 2057 1466 2106 1434,
1494 2072 1523 2096 s.
1544 2061 1611 2105 79,
1632 2060 1701 2100 42·

1045 2113 1092 2149 ad
1113 2114 1157 2149 ΙΙ.
1184 2113 1228 2159 V,
1250 2127 1288 2163 p.
1309 2113 1390 2154 579
1413 2128 1441 2152 S.
1471 2114 1566 2161 440,
1591 2117 1642 2154 12
1662 2121 1699 2152 et

1043 2168 1092 2205 ad
1120 2170 1163 2206 ll.
1194 2170 1298 2215 XVI,
1329 2183 1367 2220 p.
1396 2172 1501 2211 1063
1523 2184 1552 2207 s-
1577 2173 1696 2218 1082,

1041 2224 1127 2273 23),
1145 2225 1210 2261 ubi
1230 2223 1420 2276 ἕνέχραεν,
1453 2224 1698 2277 quandoqui-

1040 2280 1149 2328 dem,
1169 2288 1350 2317 monente
1369 2281 1566 2328 Valcken.‚
1595 2281 1696 2332 apud

1039 2339 1251 2374 Homerum
1290 2339 1474 2388 reperitur
1507 2334 1616 2389 χράω
1659 2345 1696 2376 et

1036 2388 1192 2444 χραύω,
1223 2392 1296 2430 hoc
1315 2396 1468 2445 propria
1497 2395 1697 2443 stringendi

1036 2457 1230 2500 potestate.
1260 2451 1302 2488 11.
1328 2451 1372 2498 V,
1403 2453 1492 2498 138,
1523 2452 1588 2488 ubi
1614 2450 1692 2489 vid.

1036 2505 1184 2553 schol„
1206 2507 1365 2543 alterum
1386 2506 1488 2557 apud
1510 2508 1690 2559 Apollou.

1036 2561 1163 2600 Rhod.
1183 2564 1230 2610 ll,
1252 2565 1346 2610 283,
1366 2564 1544 2600 ubicouf.
1561 2562 1691 2601 Schol.

1093 2618 1300 2669 ἕδησαν-
1316 2619 1357 2659 ἐν
1383 2618 1514 2673 ξύλῳ]
1545 2622 1602 2657 De
1621 2633 1692 2657 usu

1037 2677 1319 2725 praepositionis
1359 2675 1400 2715 ἐν
1440 2676 1603 2714 vidimus
1641 2675 1691 2713 ad

1038 2734 1066 2777 l,
1088 2735 1153 2772 66.
1212 2733 1276 2768 Tu
1306 2731 1393 2769 add.
1421 2733 1488 2780 lx,
1522 2736 1587 2780 37,
1622 2733 1688 2770 ubi

1036 2787 1186 2827 ἐδέδετο
1208 2787 1250 2827 ἒν
1269 2785 1371 2840 ξύλῳ
1389 2787 1626 2843 σιδηροδέτῳ
1640 2788 1687 2826 de

1038 2845 1160 2894 ligno,
1182 2845 1242 2881 cui
1262 2845 1389 2882 inserti
1402 2846 1606 2898 innexique
1616 2858 1685 2897 pe-
