1897 3340
407 187 461 225 14

806 186 1262 224 HERODOTI

375 291 453 334 36}
481 291 752 346 χρεωμένους
781 296 970 349 Μηδικῇ.
1005 293 1106 344 τούς
1134 295 1180 337 δὲ
1218 296 1377 346 ἵππους
1416 295 1562 339 αὐτῶν
1600 296 1655 340 εἷ-

403 374 476 401 ναι
507 361 685 410 λασίους
718 360 834 403 ἅπαν
872 360 922 404 τὸ
960 365 1106 415 σῶμα,
1147 362 1214 404 ἐπὶ
1251 361 1373 406 πέντε
1414 362 1656 414 δακτύλους

402 427 452 469 τὸ
481 425 623 481 βάθος
650 432 739 470 τῶν
766 431 942 482 τριχῶν·
980 426 1164 482 μικρούς
1193 428 1251 479 δὲ,
1281 430 1354 473 καὶ
1384 430 1551 485 σιμοὺς,
1579 431 1710 474 naiso

402 492 647 544 ἀδυνάτους
669 494 832 547 ἄνδρας
857 493 1025 550 φέρειν·
1057 495 1369 550 ζευγνυμένους
1399 499 1444 541 δὲ
1468 495 1548 541 ὑπ’
1580 497 1652 552 ἅρ-

403 577 531 615 ματα,
561 558 674 604 εἶναι
702 560 957 613 ὀξυτάτους·
989 560 1323 617 ἁρματηλατέειν
1343 564 1389 607 δὲ
1418 564 1530 618 πρὸς
1554 568 1654 608 ταῦ-

372 631 458 670 4τα
486 627 590 678 τούς
621 628 888 684 ἐπιχωρίους.
937 628 1142 685 κατήκειν
1178 629 1224 672 δὲ
1251 630 1420 674 τούτων
1446 631 1550 683 τούς
1580 631 1654 676 οὕ-

402 711 509 748 ρους
547 694 684 751 ἀγχοῦ
722 694 901 739 Ἐνετῶν
939 700 1028 739 τῶν
1067 696 1114 739 ἐν
1153 700 1215 755 τῷ
1246 695 1403 755 Ἀδρίῃ.

373 761 577 817 5Μήδων
618 762 753 818 σφέας
795 762 1007 815 ἀποίκους
1049 763 1238 819 λέγουσι.

1459 697 1569 742 εἶναι
1605 698 1651 742 δὲ
1664 704 1708 740 95

1292 764 1405 815 ὅκως
1445 767 1492 810 δὲ
1532 761 1655 810 οὗτοι

402 832 573 886 Μήδων
601 831 777 873 ἄποικοι
799 830 1022 886 γεγόνασι,
1059 830 1140 886 ἐγώ
1159 831 1237 886 μὲν
1259 831 1341 875 οὐκ
1370 833 1449 889 ἔχω
1471 832 1654 890 ἐπιφρά-

377 903 595 941 comem·
636 898 806 954 γένοιτο
847 897 887 942 δ’
922 897 977 941 ἂν
1014 902 1103 941 πᾶν
1133 899 1180 941 ἐν
1218 904 1278 958 τῷ
1305 905 1457 957 μακρῷ
1497 901 1651 959 χρόνῳ.

401 965 622 1021 Σιγύννας
653 965 698 1008 δ’
728 961 791 1008 οἶν
809 965 1012 1009 καλέουσι
1030 968 1189 1022 Λίγυες
1211 970 1254 1011 οἱ
1279 967 1369 1012 ἄνω
1391 967 1501 1022 ὑπὲρ
1525 973 1654 1012 Μασ-

342 1152 462 1201 gentis
500 1153 684 1199 nomine,
733 1163 897 1202 quorum
935 1151 997 1186 alii

343 1205 565 1258 Σιγύννας,
623 1214 665 1244 ut
703 1209 819 1258 vulgo
860 1206 994 1255 editur,

343 1265 405 1299 alii
445 1260 649 1315 Σιγύνας,
701 1264 764 1300 alii.
803 1260 995 1313 Σιγύννα.

342 1320 455 1370 Apud
475 1321 653 1370 Apollon.
675 1319 799 1356 Rhod.
829 1320 892 1365 IV,
915 1321 995 1359 320

341 1389 442 1412 nunc
456 1376 599 1413 editum
616 1378 768 1413 invenio
791 1377 954 1426 Σίγυνοι
977 1388 997 1411 e

341 1433 543 1468 meliorum
589 1433 771 1468 librmum
811 1444 995 1467 consensu

341 1500 409 1537 pro
431 1488 523 1523 olim
544 1488 646 1536 vulg.
662 1488 864 1538 Σίγυννοι.
887 1487 995 1523 Stia-

344 1544 432 1578 boni
463 1545 517 1578 XI
547 1557 584 1592 p
618 1543 697 1583 520
726 1543 771 1578 Β.
797 1555 826 1578 s.
848 1544 929 1582 790
949 1543 992 1578 Β.

342 1611 385 1634 st
388 1606 428 1635 nt
450 1599 667 1649 Ziyvv'vot
660 1611 696 1633 ιιι
717 1599 804 1634 Asia
818 1596 994 1633 habitan-

344 1662 398 1690 tes
412 1684 420 1694 .
443 1657 529 1705 qui,
561 1666 708 1704 prorsus
728 1661 770 1690 ut
790 1655 992 1704 Europaei,

343 1712 448 1762 equis
478 1717 633 1747 utuntur
662 1717 800 1746 statura
836 1712 991 1759 exiguis,

344 1764 509 1816 hispidis,
533 1774 569 1802 et
599 1765 797 1817 quadrigas
816 1768 991 1816 iungunt.

343 1824 519 1858 Errorem
559 1824 702 1858 Zosimi
734 1823 796 1868 lv,
839 1826 902 1868 20,
945 1822 992 1858 de

341 1881 444 1930 equis
472 1891 568 1930 quae
600 1880 724 1914 retulit
758 1881 914 1925 Noster,
944 1878 992 1915 ad

342 1933 512 1971 homines
546 1937 799 1971 trans-terentis
827 1934 992 1986 indeque

340 1991 531 2041 Sigj‘nnos
546 1992 772 2027 Hunnorum
785 1991 920 2027 abavos
933 1990 991 2027 di—

339 2048 500 2083 ctitantis
522 2045 665 2082 dudum
687 2054 863 2083 notarunt
875 2049 992 2084 Wes-

340 2104 471 2152 seiing.
487 2110 598 2154 atque
617 2104 799 2142 Gatterer.
822 2102 991 2139 Larche—

340 2172 424 2194 runi
445 2161 474 2195 si
495 2172 709 2210 sequamur,
727 2160 989 2207 Sigynuoruln

337 2228 429 2264 gens
450 2228 469 2250 a
482 2217 733 2265 septentrione
749 2215 878 2251 habuit
896 2216 988 2252 Car-

338 2278 440 2321 pntes
472 2278 637 2316 montes,
681 2284 700 2306 a
731 2271 888 2307 meridie
910 2274 988 2308 Da-

338 2328 508 2373 nubium,
532 2326 577 2363 ad
599 2340 842 2378 queiuusque
873 2328 990 2364 Ιίνιείι

337 2383 403 2427 (de
415 2384 548 2434 quihus
559 2385 818 2430 c‹)nl',1‚19t)‘),
833 2397 986 2420 Ottnwln

337 2440 426 2475 oiim
459 2439 617 2475 Hadriae
649 2452 755 2476 oram
787 2453 828 2476 ac
862 2442 985 2489 regio-—

334 2509 399 2531 nes
429 2495 639 2532 adiacentes
668 2502 859 2541 tenentes,
896 2510 986 2546 por-

335 2554 425 2588 recti
455 2559 579 2595 erant,
628 2553 672 2587 ab
714 2554 856 2588 oriente
885 2554 990 2602 Aga—

334 2606 479 2658 thyrsus
501 2610 536 2643 in
559 2609 834 2658 Trnnsylvania
863 2616 987 2645 nosti-a

334 2662 555 2700 habitantes.
603 2663 711 2708 Quod
733 2678 821 2700 vero
843 2666 987 2715 Sigyn-

334 2732 402 2756 nos
432 2734 499 2770 pro
530 2720 780 2769 Ct'ngarormn‚
830 2723 894 2772 qui
927 2721 984 2756 di—

334 2783 482 2822 cuntur,
503 2777 706 2814 maioribus
727 2778 818 2814 olim
838 2779 895 2815 vir
912 2777 984 2814 do·-

1052 1158 1132 1188 ctus
1153 1151 1309 1203 quidam
1330 1150 1460 1188 haberi
1487 1151 1629 1198 voluit,
1660 1151 1707 1189 de

1055 1221 1099 1243 eo
1121 1209 1238 1244 nolim
1260 1215 1435 1248 statuere.
1476 1208 1585 1244 Conf.
1601 1209 1708 1258 Kop-

1050 1277 1124 1314 pen
1146 1263 1395 1314 Nordgestad.
1418 1264 1482 1301 des
1494 1265 1607 1301 Pont.
1617 1277 1705 1315 pag.

1051 1323 1106 1360 72
1137 1327 1172 1356 et
1199 1322 1383 1357 Gatterer.
1404 1322 1443 1356 iu
1473 1321 1706 1358 Commeutt.

1053 1377 1180 1413 societ.
1211 1378 1382 1427 Gottiug.
1410 1377 1461 1413 T.
1490 1377 1580 1413 XIV
1609 1390 1648 1426 p.
1679 1375 1705 1415 4

1052 1445 1157 1483 seqq.
1194 1454 1250 1460 —
1307 1434 1349 1468 Iu
1389 1434 1564 1483 proxime
1598 1444 1705 1484 seqq.

1052 1484 1183 1525 αὕτῶν
1197 1487 1283 1525 dedi
1304 1501 1371 1538 pro
1381 1484 1531 1527 αὐτέων
1542 1496 1579 1524 et
1590 1490 1704 1538 paulo

1058 1544 1153 1579 infra
1202 1541 1354 1583 τούτων
1400 1556 1470 1594 pro
1519 1543 1703 1583 τουτέων.

1050 1599 1110 1635 Ad
1139 1613 1250 1636 usum
1269 1601 1550 1651 praepositionis
1571 1599 1635 1639 ἐπὶ
1663 1602 1703 1636 in

1050 1656 1194 1692 verbis:
1246 1655 1309 1694 ἐπὶ
1340 1656 1455 1695 πέντε
1485 1652 1704 1703 δακτύλους

1051 1713 1193 1748 consul.
1215 1711 1377 1749 Fischer.
1400 1711 1618 1750 adweller.
1631 1714 1702 1757 111,

1051 1771 1075 1808 6
1096 1780 1182 1818 pag.
1206 1769 1284 1809 243
1306 1782 1363 1806 nr.
1384 1772 1423 1809 2.

1104 1822 1179 1875 ἐγώ
1203 1822 1274 1874 μὲν
1296 1821 1368 1864 ov’n
1389 1824 1460 1874 ἔχω
1479 1820 1704 1876 ἐπιφράσα-

1050 1881 1173 1928 σθαι]
1205 1883 1230 1917 i.
1253 1893 1286 1917 e.
1306 1881 1422 1919 Haud
1435 1894 1575 1931 possun-
1601 1883 1703 1932 equi-

1050 1936 1121 1973 dem
1145 1937 1340 1985 intelligere
1358 1951 1386 1975 s.
1409 1940 1526 1975 animo
1553 1949 1702 1988 compre-

1049 1991 1204 2030 hendere.
1256 1995 1320 2030 Sic
1342 1995 1419 2030 fere
1439 1994 1600 2031 verbum
1619 1993 1700 2032 ἐπι-

1049 2046 1270 2099 φράζεσθαι
1291 2052 1326 2095 1,
1347 2050 1422 2097 483
1463 2051 1535 2087 alia
1553 2050 1700 2100 signifi-

1047 2107 1193 2141 catione
1233 2107 1295 2153 lV,
1335 2110 1428 2147 200.
1485 2106 1547 2143 Ad
1585 2107 1699 2143 verbu

1045 2173 1150 2213 seqq.
1187 2161 1338 2212 γένοιτο
1360 2159 1400 2202 δ’
1419 2159 1470 2201 ἂν
1488 2165 1569 2202 πᾶν
1597 2163 1698 2199 conf.

1044 2218 1096 2253 M.
1099 2217 1179 2254 itth.
1202 2220 1266 2255 Gr.
1289 2221 1353 2255 Gr.
1376 2221 1398 2264 ξ
1421 2219 1514 2265 514,
1536 2222 1574 2259 2
1598 2220 1633 2256 b·
1657 2232 1697 2270 Ρ·

1044 2274 1125 2314 977
1138 2288 1147 2320 3
1170 2282 1205 2311 et
1226 2274 1273 2311 ud
1293 2277 1405 2312 verba
1427 2275 1469 2314 ἐν
1489 2290 1541 2314 τω
1561 2278 1700 2327 μακρῷ

1044 2326 1192 2380 χρόνω,
1233 2332 1296 2367 ubi
1327 2331 1368 2370 ἐν
1404 2333 1567 2381 tempori
1595 2331 1698 2367 indi-

1044 2385 1164 2422 cando
1207 2388 1387 2434 inservit,
1445 2387 1526 2423 ΕΜ
1531 2386 1608 2423 her
1649 2386 1697 2423 ad

1043 2443 1097 2478 u
1102 2443 1202 2481 onor.
1224 2445 1287 2489 111,
1310 2445 1345 2480 b.
1366 2456 1453 2494 pag.
1477 2445 1568 2484 139.
1597 2443 1695 2479 Cum

1045 2499 1122 2548 ipsa
1134 2499 1313 2536 Herodoti
1325 2498 1693 2537 sententinVatcken.

1047 2553 1258 2604 Sophoclea
1300 2561 1492 2606 comparat
1518 2556 1558 2590 in
1587 2556 1694 2592 Aiac-

1045 2611 1139 2650 655.
1191 2612 1209 2658 [
1229 2615 1310 2653 632
1351 2624 1457 2663 seqq.
1495 2609 1555 2647 ed.
1595 2613 1694 2648 Her-

1044 2668 1199 2714 manin]

1099 2720 1300 2773 Σιγύννας
1312 2718 1344 2760 δ’
1357 2716 1415 2761 ὦν
1427 2721 1610 2761 καλέουσι
1620 2723 1692 2762 Λί-

1040 2793 1189 2830 γυες-
1203 2776 1249 2817 τὰ
1271 2775 1432 2830 δόρατα]
1458 2780 1559 2816 Haeo
1579 2779 1692 2816 verba
