1897 3340
404 281 486 320 162

802 278 1255 316 HERODOTI

404 401 473 435 κες
512 384 672 439 ἐσθῆτα
713 387 915 440 Δωρίδα,
958 389 1013 441 τῇ
1046 386 1265 440 Κορινθίῃ
1295 384 1658 440 παραπλησιωτά-

404 465 504 508 την·
534 452 795 507 μετέβαλλον
823 448 886 496 ὦν
914 452 958 504 ἐς
985 452 1065 496 τόν
1091 454 1236 495 λίνεον
1266 456 1458 502 κιθῶνα,
1501 453 1575 494 ἵνα
1604 451 1658 507 δή

348 680 529 716 amictum
549 686 585 715 et
606 678 654 716 ad
674 679 790 725 vitam
812 680 1000 730 pertinent

345 737 499 788 qualem
519 749 586 786 per
605 737 792 772 orientem
804 748 917 785 agere
936 749 1000 773 so-

345 794 424 830 lent
443 794 640 829 mulieres:
661 798 704 827 ut
723 804 813 828 sane
844 804 889 828 eo
909 805 1002 843 pro-

347 850 424 886 bari
454 847 643 895 videatur,
675 847 778 899 quod
809 861 892 899 cap.
920 862 1000 901 seq.

345 907 478 941 Noster
497 903 628 951 tradit,
650 902 748 940 hauc
768 911 923 953 vestem,
937 907 1001 941 lo-

344 963 438 998 nicis
477 962 654 996 usitatam
668 990 677 1007 ‚
726 962 876 1011 proprie
925 975 1003 998 non

345 1018 457 1053 fuisse
477 1016 631 1053 Ionicum
647 1015 714 1052 sed
737 1017 919 1065 Caricam,
956 1018 1004 1054 ab

345 1074 492 1110 Asianis
511 1074 624 1122 igitur
640 1074 786 1123 populis
799 1081 1003 1124 receptam.

346 1127 457 1175 Quod
492 1136 577 1166 tum
605 1129 750 1166 factum
770 1143 850 1166 esse
871 1132 1003 1167 existi-

346 1193 425 1222 mat
448 1185 490 1222 C.
513 1186 558 1223 Ο.
578 1186 728 1222 Mijller.
748 1187 941 1236 Aeginett.
964 1200 1002 1238 p.

346 1245 412 1289 72,
454 1254 544 1278 cum
574 1243 710 1279 Milesii
729 1244 842 1293 primi
863 1244 1004 1279 Carum

344 1299 507 1335 feminas
533 1306 709 1349 raperent
737 1306 773 1335 et
803 1301 841 1335 in
870 1301 1006 1335 matri-

344 1357 520 1392 monium
541 1354 723 1392 ducerent
751 1355 829 1404 (οἱ.
860 1355 1003 1393 Herod.

344 1413 375 1458 1,
400 1411 518 1460 146),
556 1412 608 1448 ita
635 1419 678 1448 ut
708 1425 823 1448 omne
842 1410 916 1449 hoc
937 1426 1006 1450 ve-

332 1461 483 1504 stiendi
520 1480 640 1517 genus
667 1481 688 1504 e
716 1470 845 1505 Mileto
874 1470 1004 1519 profe-

347 1531 453 1561 ctum
473 1523 521 1560 ad
537 1525 700 1575 reliquos
720 1526 831 1562 Iones
847 1533 882 1562 et
893 1527 1006 1562 Asia-

347 1582 440 1617 ticos
461 1587 497 1616 et
517 1581 736 1631 Europaeos
763 1580 853 1617 inde
873 1581 1007 1618 tradu—

347 1643 452 1672 ctum
474 1635 592 1672 videri
614 1644 740 1688 queat.
800 1638 871 1682 Qui
903 1637 1006 1673 idem

349 1691 398 1730 de
417 1691 563 1729 diversa
573 1693 719 1729 Dorum
734 1700 848 1745 atque
868 1695 1005 1730 Ionum

348 1755 451 1786 veste
479 1749 587 1799 plura
619 1750 741 1786 attulit
767 1751 829 1786 in:
870 1749 1006 1787 Hand-—

348 1803 451 1842 buch
472 1804 510 1841 d.
536 1803 789 1856 Archaeolog.
811 1807 847 1851 ξ.
865 1808 945 1846 339
966 1820 1005 1857 p.

349 1861 431 1902 425
452 1874 558 1913 seqq.
579 1862 665 1898 coll.
687 1863 877 1912 Aeginett.
899 1876 936 1913 p.
951 1865 1001 1902 71

349 1930 429 1969 seq.
464 1918 554 1954 Dor.
583 1919 619 1954 Π
638 1931 675 1968 p.
697 1921 777 1959 263
798 1931 902 1970 seqq.
935 1919 1009 1955 At-

350 1975 434 2024 tigit
460 1986 613 2026 quoque
642 1976 824 2025 Bo'ttiger.
854 1976 892 2011 in
923 1973 1008 2010 Ali-

351 2031 426 2068 nal.
459 2031 682 2067 Viennenss.
713 2031 858 2081 (1830)
891 2032 1008 2068 Tom.

352 2088 480 2122 XLIX
501 2101 538 2137 p.
560 2086 584 2127 4
598 2088 819 2137 Anzeigebl.
839 2089 1009 2139 itemque

351 2142 600 2179 Broendsted.
622 2145 662 2180 in
682 2145 809 2180 Itiner.
841 2145 891 2180 T.
914 2146 949 2179 11
971 2156 1009 2194 p.

354 2201 435 2239 263
467 2206 524 2245 et,
576 2201 642 2251 qui
672 2212 693 2236 a
732 2199 799 2240 Cr.
834 2199 1010 2236 laudatur

354 2255 683 2293 Raoul—Rocliette
714 2257 752 2292 iu
798 2255 1010 2293 Achilleide

357 2323 445 2362 pag.
467 2314 519 2352 83
541 2319 617 2349 not.
651 2314 688 2352 6.
753 2314 810 2349 De
831 2312 1010 2350 Stackel—

359 2368 450 2418 berg
469 2379 478 2403 :
526 2369 603 2404 Der
639 2369 921 2420 Apollotempel
962 2381 1010 2405 zu

357 2425 496 2460 Bassae.
514 2436 601 2474 pag.
622 2426 690 2464 77.

414 2538 465 2589 τῇ
497 2535 698 2589 Κορινθίῃ
728 2538 1013 2586 παραπλησιω*

358 2586 508 2641 τᾶτην]
542 2590 651 2628 Unde
671 2591 743 2628 hoc
764 2598 865 2628 certe
886 2592 1013 2642 colligi

359 2654 503 2698 potest,
567 2646 670 2700 quod
708 2648 823 2684 etiam
861 2648 1014 2685 aliunde

361 2705 560 2754 probatur,
592 2702 873 2740 Corinthiorum
899 2707 1014 2741 vesti-

360 2767 557 2808 mentum,
607 2761 779 2812 quamvis
815 2768 850 2796 et
888 2761 1012 2810 ipsum

359 2817 540 2853 Doricum
567 2829 588 2853 a
613 2816 845 2867 reliquorum
867 2817 1011 2852 Dorum

358 2875 582 2911 vestimento
611 2871 783 2909 nonnihil
813 2872 924 2908 fuisse
954 2873 1010 2909 di-

1057 693 1234 727 versnm3
1284 693 1520 732 quamquam
1558 680 1597 717 in
1639 692 1717 732 quo

1057 737 1137 786 ipso
1158 737 1268 773 suerit
1291 737 1491 784 diversum,
1505 736 1544 773 id
1563 738 1717 773 intanta

1058 795 1359 830 testimoniorum
1382 794 1508 844 inopia
1529 795 1593 830 vix
1612 800 1715 830 certo

1058 847 1210 886 dixeris.
1269 850 1377 886 Conf.
1410 850 1451 887 C.
1488 851 1533 886 Ο.
1567 850 1717 886 Miiller.

1057 905 1148 942 Dor.
1169 907 1204 942 11
1224 919 1310 955 pag.
1340 906 1434 946 265.
1499 907 1578 942 Nec
1600 908 1719 942 miror

1062 961 1241 1013 equidem
1262 975 1303 997 ea
1334 963 1372 997 in
1394 962 1508 1010 urbe,
1538 975 1636 1014 quae
1655 963 1718 998 in-

1060 1025 1117 1054 ter
1150 1019 1312 1069 reliquas
1343 1017 1479 1054 divitiis
1518 1025 1554 1054 et
1584 1019 1718 1068 opibus

1059 1082 1272 1110 mercatura
1289 1075 1477 1125 acquisitis
1488 1081 1635 1111 mature
1649 1087 1719 1111 ex·-

1060 1131 1207 1179 celluit,
1237 1130 1421 1168 vestiendi
1450 1143 1569 1181 genus
1590 1137 1720 1167 muta-

1059 1193 1141 1223 tum
1156 1194 1191 1223 et
1202 1200 1222 1223 a
1233 1187 1451 1237 simpliciori
1464 1187 1599 1235 forma,
1621 1199 1720 1240 quae

1059 1244 1222 1279 Doribus
1262 1245 1415 1295 reliquis
1454 1245 1606 1295 propria
1635 1244 1718 1289 fuit,

1060 1300 1297 1351 aliquantum
1317 1301 1509 1336 recessisse
1535 1299 1584 1336 ad
1604 1301 1721 1336 ratio-

1059 1368 1151 1391 nem
1203 1357 1402 1392 cultiorem
1453 1363 1489 1392 et
1551 1357 1720 1408 exquisi-

1060 1413 1209 1449 tiorem.

1118 1522 1187 1562 ἰ’νοι
1210 1519 1261 1573 δή
1282 1518 1476 1577 περόνῃσι
1493 1519 1547 1573 μή
1571 1521 1720 1574 χρέων-

1062 1580 1142 1627 ται]
1189 1580 1330 1615 Fibulis
1364 1592 1393 1615 s,
1423 1576 1614 1631 περόναις
1633 1587 1720 1616 ute-

1062 1643 1194 1671 rentur
1213 1647 1367 1672 necesse
1388 1642 1477 1682 erat,
1491 1637 1723 1687 quicumque

1061 1693 1197 1728 Dorica
1207 1698 1308 1741 gesta
1315 1699 1397 1728 rent
1406 1693 1628 1728 vestimenta
1638 1693 1719 1728 nul·-

1060 1748 1105 1784 lis
1125 1749 1282 1785 manicis
1313 1749 1492 1784 instructa
1521 1761 1592 1785 nec
1625 1760 1722 1784 con-

1060 1811 1165 1848 suta3
1195 1806 1333 1841 Ionum
1362 1806 1543 1851 amictus,
1573 1806 1612 1840 in
1644 1816 1722 1856 quo

1063 1861 1191 1897 omnia
1227 1868 1385 1897 consuta
1423 1868 1552 1908 erant,
1599 1862 1723 1897 nullas

1063 1917 1278 1968 requirebat
1319 1917 1465 1954 fibulas.
1548 1916 1723 1955 Subinde

1063 1980 1192 2009 tamen
1222 1975 1337 2009 etiam
1364 1975 1403 2010 iu
1423 1975 1562 2010 Ionum
1580 1974 1722 2010 mulie-

1065 2043 1151 2065 rum
1180 2032 1321 2067 amictu
1357 2027 1527 2082 περόνας
1561 2031 1723 2067 inveniri

1064 2085 1113 2122 ad
1132 2088 1300 2123 manicas
1319 2088 1446 2124 scissas
1457 2088 1723 2137 constringen-

1065 2141 1130 2178 das
1159 2150 1293 2179 monet
1322 2143 1364 2180 C.
1393 2144 1438 2180 Ο.
1474 2144 1610 2180 Miiller
1628 2145 1720 2180 Dor.

1063 2200 1098 2234 11
1118 2210 1205 2248 pag.
1227 2198 1321 2246 264,
1350 2202 1414 2251 qui
1443 2199 1546 2236 idem
1575 2200 1613 2236 in
1641 2201 1722 2236 Ae·-

1064 2256 1198 2305 ginett.
1229 2268 1316 2306 pag.
1338 2259 1390 2296 72
1420 2254 1520 2293 hanc
1539 2256 1721 2303 fabulam,

1066 2324 1183 2363 quam
1220 2310 1268 2347 de
1310 2314 1473 2349 vestium
1504 2320 1722 2350 commuta-

1065 2369 1168 2404 tione
1198 2366 1412 2405 Herodotus
1441 2368 1573 2416 tradit,
1593 2369 1723 2420 profe—

1065 2430 1167 2460 ctam
1200 2421 1320 2460 videri
1352 2425 1433 2460 vult
1471 2438 1492 2460 e
1529 2425 1653 2462 studio
1686 2431 1723 2462 et

1066 2480 1223 2516 consilio
1244 2481 1591 2531 antiquissimorum
1602 2479 1722 2517 histo-

1067 2538 1234 2573 ricorum
1245 2544 1281 2573 et
1293 2535 1618 2587 philosophorum,
1638 2538 1722 2573 cui—

1067 2605 1233 2644 cumque
1258 2593 1522 2630 consuetudini
1555 2601 1592 2630 et
1612 2594 1722 2630 insti-

1068 2656 1150 2686 tuto
1171 2648 1302 2687 αἰτίαν
1323 2655 1359 2685 et
1379 2649 1506 2688 κτίσιν
1527 2649 1721 2701 qiiandam

1070 2704 1289 2757 quaerendi.
1338 2707 1414 2741 Nec
1436 2706 1542 2742 aliter
1562 2707 1640 2742 fere
1659 2707 1721 2742 iu-

1069 2761 1210 2798 dicasse
1231 2761 1340 2797 video
1363 2760 1560 2799 VVelclxer.
1582 2764 1621 2798 in
1632 2763 1721 2798 Mu-

1066 2830 1129 2853 seo
1145 2817 1314 2854 Rhenan.
1330 2820 1356 2863 l,
1368 2820 1391 2857 2
1403 2830 1488 2868 pag.
1510 2819 1604 2860 252.
1626 2817 1720 2854 Mihi

1064 2887 1171 2911 secus
1191 2873 1350 2911 videtur.
