1897 3340
460 244 544 283 228

854 240 1318 279 HERODOTI

460 349 718 403 λειφθέντας
745 352 834 393 τῶν
861 349 1054 404 οἷρχαίων
1087 351 1310 404 Τευκρῶν·
1343 345 1476 400 αὐτός
1504 363 1549 391 τε
1571 348 1722 403 Ὗμεής

462 416 622 471 αἱρέων
642 419 778 460 ταῦτα
797 415 848 459 τὰ
867 415 1011 464 ἔθνεα,
1040 417 1189 472 νούσῳ
1211 420 1384 473 τελευτᾷ
1406 416 1452 459 ἐν
1468 418 1521 473 τῇ
1538 415 1721 474 Τρῳάδι.

467 479 606 535 Οὗτος
649 483 726 540 μὲν
767 482 821 538 δή
864 481 979 525 οὕτω
1009 483 1274 540 ἐτελεύτησε·
1299 482 1594 539 Ἀρταφέρνης
1623 482 1670 526 δὲ
1699 481 1722 525 ὁ

461 552 670 606 Σαρδίων
698 549 913 605 ὕπαρχος,
943 549 1016 592 καὶ
1042 548 1221 607 Ὀτάνης
1250 551 1274 595 ὁ
1304 552 1448 606 τρίτος
1477 548 1724 605 στρατηγὸς,

260 611 366 638 ““““ε“
393 626 403 630 “
461 617 708 674 ἐτάχθησαν
736 616 804 660 ἐπὶ
833 617 913 672 τήν
940 615 1106 672 Ἰωνίην
1133 619 1206 661 καὶ
1234 618 1314 674 τήν
1343 617 1553 674 προσεχέα
1582 618 1724 660 Aaou·
1735 619 1781 657 45
1855 609 1857 623 ⁴

464 688 520 730 δα
550 683 878 738 στρατεύεσθαι.
933 681 1099 738 Ἰωνίης
1126 684 1206 739 μέν
1234 701 1335 739 νυν,
1366 685 1641 741 Κλαζομενὰς
1670 684 1734 727 αῖ-

461 753 632 808 ρέουσι·
663 751 858 793 Αἰολέων
894 749 961 803 δὲ,
997 750 1163 806 Κύμην.

541 817 881 872 Ἅλισκομενέων
908 817 955 860 δὲ
990 821 1080 860 τῶν
1107 819 1294 872 πολίων,
1333 812 1390 874 ἦν
1429 816 1512 873 γὰρ
1544 817 1620 874 δὴ,
1665 816 1724 868 ὦς

468 885 645 939 διέδεξε,
675 883 982 941 Ἀρισταγόρης
1011 882 1034 928 ὁ
1059 883 1275 940 Μιλήσιος
1304 883 1449 940 ψυχὴν
1479 883 1560 928 ούκ
1581 885 1728 939 ἄκρος,

467 952 514 1004 ὃς
541 949 729 1006 ταράξας
759 951 838 1008 τὴν
861 949 1042 1007 Ἰωνίην,
1071 952 1143 995 καὶ
1173 952 1511 1008 ἐγκερασάμενος
1530 951 1725 1007 πρήγμα-
1737 957 1783 992 50
1856 945 1858 950 ’

465 1038 518 1064 τα
547 1018 730 1076 μεγάλα,
763 1018 955 1076 δρησμὸν
982 1019 1209 1075 ἐβούλευε,
1249 1019 1390 1074 ὁρέων
1421 1022 1577 1063 ταῦτα·
1617 1017 1727 1074 πρὸς

409 1207 578 1248 Αἰολίδα
599 1208 676 1261 γῆν
695 1203 912 1257 νέμονται),
929 1204 1067 1242 merito

407 1266 537 1302 reiecit
572 1261 755 1301 Valcken.
785 1263 924 1312 ipsein
944 1264 1070 1298 Hero-

408 1321 498 1358 doto
528 1321 581 1357 sic
614 1321 707 1357 olim
738 1320 922 1369 scriptum
956 1319 1069 1355 fuisse

334 1413 337 1416 .
407 1379 621 1429 suspicans:
662 1372 749 1415 ’ὅσοι
778 1377 877 1427 γῆν
913 1371 1071 1414 Ἰλιάδα

408 1435 469 1472 vel
501 1430 590 1473 ὅσοι
607 1428 680 1484 τήν
698 1427 854 1470 Ἰλιάδα
884 1433 980 1483 γῆν
1003 1429 1069 1470 νέ-

409 1505 569 1542 μονται,
601 1487 705 1541 quod
733 1488 857 1525 verbis
889 1489 1065 1538 prom‘me

407 1546 653 1598 sequentibus
682 1545 746 1580 ille
777 1544 928 1595 probari
957 1550 1066 1594 putat

406 1604 577 1655 itemque
587 1603 791 1638 Persarum
805 1599 902 1636 duce
912 1607 1064 1637 mortuo

407 1658 451 1699 ἐν
475 1661 534 1714 τῇ
560 1652 718 1710 Τρωάδι
745 1663 783 1693 et
802 1656 847 1703 V,
868 1654 934 1703 94,
966 1657 1059 1692 ubi:

409 1712 527 1755 ον’δὲν
546 1716 697 1766 μᾶλλον
717 1713 907 1752 Αἰολεῦσι
930 1709 1064 1763 μετεὸν

407 1773 504 1822 τῆς
535 1765 765 1816 Ἰλιάδος
796 1765 861 1819 χω’
877 1783 964 1819 ρης
999 1767 1067 1807 καὶ

408 1831 512 1868 τοῖσι
550 1823 717 1865 ἄλλοισι.
755 1826 841 1861 coll.
880 1826 969 1872 Vll,
1013 1823 1068 1864 42

409 1883 514 1933 (ubi:
547 1880 614 1933 ἤϊε
649 1881 689 1928 ἐς
711 1878 786 1931 τῆν
806 1877 951 1919 Ἰλιάδα
971 1882 1067 1931 γῆν)

409 1938 599 1991 Ephorus,
620 1945 714 1975 teste
736 1938 915 1974 Strabon.
935 1938 1009 1973 XII
1029 1950 1068 1987 p.

410 1999 492 2037 600
521 1996 563 2032 Ο.
585 2008 623 2046 p.
655 1997 735 2035 896
756 1995 803 2031 Β.
824 2006 931 2030 oram
950 1994 1070 2029 mari-

412 2054 547 2089 timam
568 2052 615 2087 ab
629 2050 769 2102 Abydo
784 2063 904 2102 usque
925 2048 973 2086 ad
994 2050 1074 2086 Cu-

411 2121 517 2144 mam
558 2108 605 2143 ab
646 2107 827 2143 Aeolibus
863 2107 954 2143 olim
994 2106 1073 2141 sere

411 2166 524 2201 unice
545 2170 772 2214 occupatam
785 2192 794 2210 ,
817 2161 912 2200 dixit
933 2160 1074 2200 Αἰολί-

413 2221 477 2259 δα.
533 2221 599 2256 Tu
618 2218 697 2256 vid.
717 2221 840 2255 Marx.
867 2220 907 2254 in
927 2216 1073 2267 Ephori

412 2277 550 2325 fragm.
578 2288 667 2325 pag.
697 2278 775 2315 201
815 2280 851 2310 et
891 2274 992 2310 conf.
1023 2272 1071 2310 de

411 2333 661 2369 Aeolensibus
680 2337 777 2367 nott.
799 2329 847 2366 ad
866 2331 896 2377 I,
914 2330 1071 2370 151.—

413 2388 609 2437 Gergitltae
639 2387 788 2433 Teucri,
826 2399 989 2437 quorum
1011 2387 1073 2421 in—

376 2446 381 2451 '
412 2445 469 2481 fra
509 2456 661 2495 quoque
701 2443 846 2479 mentio
885 2443 966 2488 Vll,
1005 2440 1071 2488 43,

414 2513 532 2552 prope
553 2502 809 2550 Lampsacum
838 2497 1072 2545 habitabant,

415 2558 480 2593 ubi
492 2557 671 2605 Gergetlea
682 2570 711 2592 s.
727 2555 952 2602 Gergetln‘um
965 2556 1074 2590 Teu-

416 2625 569 2650 crorulu
581 2612 863 2662 I‘GCPPiflGUiUln
874 2617 955 2661 POSt
967 2611 1071 2646 TI'O‘·

412 2670 490 2705 iam
531 2676 693 2719 captam.
736 2668 846 2703 Conl'.
884 2669 1071 2703 Mannert.

414 2726 477 2772 Vl,
500 2727 523 2764 3
545 2737 633 2775 pag.
660 2724 740 2764 520
757 2737 836 2774 seq.
870 2725 969 2759 Num
982 2736 1070 2759 vero

412 2780 453 2818 hi
474 2780 666 2830 Gergitlme
685 2793 775 2816 cum
806 2780 917 2815 Plinii
952 2780 1072 2815 Cerce-

414 2840 462 2875 tis
483 2838 597 2887 (Hist.
617 2838 704 2873 Nat.
730 2837 793 2884 vl,
815 2838 840 2877 5
862 2837 898 2881 ξ.
926 2838 1000 2885 16)
1023 2835 1071 2872 ad

1126 1205 1339 1242 Caucasum
1358 1203 1537 1255 componi
1554 1202 1696 1254 possint
1708 1231 1718 1250 ,
1738 1208 1782 1238 ut

1126 1262 1273 1313 quaerit
1302 1262 1476 1311 Koppen.
1507 1259 1707 1309 Nordgest.
1742 1257 1781 1295 d.

1126 1319 1240 1354 Pout.
1260 1329 1350 1368 pag.
1370 1320 1437 1365 73,
1467 1316 1547 1354 aliis
1567 1315 1782 1353 diiudican-
1857 1338 1860 1346 ·

1128 1373 1221 1411 dum
1240 1374 1428 1425 relinquo.

1304 1474 1396 1526 Cap.
1418 1475 1595 1518 CXXHB

1175 1537 1442 1594 Ἀρταφέρνης
1472 1539 1516 1582 δὲ
1550 1539 1574 1581 ὁ
1596 1539 1782 1591 Σαρδίων

1121 1595 1323 1649 ὕπαρχος]
1363 1598 1472 1636 Conf.
1512 1598 1558 1645 V,
1600 1597 1667 1638 25.
1722 1598 1782 1633 De
1858 1591 1860 1600 ¹

1125 1655 1238 1692 Cuma
1269 1654 1368 1691 conf.
1397 1661 1494 1691 nott.
1524 1652 1573 1690 ad
1611 1654 1642 1701 1,
1674 1652 1777 1699 149,

1125 1710 1172 1748 de
1200 1710 1432 1748 Clazomeniis
1450 1716 1546 1747 nott.
1567 1707 1615 1746 ad
1634 1710 1665 1756 1,
1689 1709 1782 1749 142.
1858 1741 1860 1750 ,

1311 1811 1403 1863 Cap.
1425 1811 1600 1847 CXXIV.

1166 1876 1470 1930 Ἀλισκομενέων
1482 1876 1525 1918 δὲ
1533 1879 1616 1917 τοῖν
1631 1876 1784 1917 πολίων

1124 1949 1162 1973 κ.
1190 1949 1221 1973 τ.
1252 1936 1316 1983 λ.]
1351 1936 1482 1973 Verbis
1509 1935 1693 1972 continuo
1719 1947 1783 1971 se-

1130 1992 1353 2043 quentibus:
1384 1986 1439 2043 ’ἦν
1468 1988 1543 2044 γοῖρ
1565 1988 1615 2042 δή
1634 2005 1668 2029 κ.
1690 2005 1724 2029 τ.
1747 1992 1784 2030 λ.

1131 2049 1249 2085 oratio
1288 2049 1597 2099 interrumpitur,
1635 2047 1687 2083 ita
1704 2058 1785 2083 non

1129 2103 1363 2154 procedens,
1393 2112 1436 2141 ut
1473 2118 1543 2155 par
1567 2110 1662 2151 era13
1692 2115 1785 2140 nam

1129 2159 1304 2210 apodosis
1324 2162 1455 2211 incipit
1475 2160 1632 2197 demum
1653 2172 1675 2196 a
1693 2172 1782 2197 ver-

1129 2217 1185 2253 bis
1206 2214 1305 2268 πρός
1324 2219 1449 2256 ταῦτα
1471 2214 1521 2268 δή
1551 2211 1608 2255 ὧν
1643 2228 1785 2268 συγκα-

1129 2272 1244 2318 λέσας
1267 2287 1303 2310 κ.
1327 2288 1358 2311 τ.
1379 2276 1412 2311 λ.
1468 2272 1531 2309 Ad
1551 2273 1785 2308 locutionem

1129 2327 1183 2375 ὥς
1206 2327 1351 2376 διέδεξε
1381 2330 1440 2377 (ut
1463 2329 1659 2379 apparuit)
1682 2328 1785 2365 conf.

1127 2383 1290 2423 Fischer.
1313 2384 1360 2421 ad
1381 2386 1541 2423 VVeller.
1570 2386 1636 2421 111.
1657 2397 1677 2420 a
1697 2396 1784 2435 pag.

1128 2444 1224 2481 261.
1253 2441 1395 2479 Herod.
1434 2443 1464 2489 Ι,
1496 2444 1564 2482 73.
1603 2442 1651 2489 11,
1693 2440 1786 2481 134.

1128 2498 1194 2533 ΠΙ.
1210 2500 1263 2538 82
1293 2499 1379 2536 coll.
1400 2504 1496 2535 nott.
1517 2496 1564 2534 ad
1586 2498 1633 2545 H,
1657 2499 1751 2537 117.

1185 2551 1323 2605 ψυχήν
1345 2550 1419 2594 ούκ
1438 2551 1576 2605 ἄκρος]
1601 2554 1626 2592 i.
1650 2565 1684 2590 e.
1705 2554 1787 2590 ani-

1130 2622 1183 2647 mo
1202 2624 1270 2647 non
1305 2625 1406 2659 acer,
1430 2610 1567 2661 fortis,
1598 2612 1785 2646 constans:

1127 2664 1216 2703 hinc
1239 2667 1286 2704 ad
1307 2670 1418 2705 animi
1427 2668 1677 2711 constantiam,
1696 2678 1783 2702 me-
1858 2674 1859 2678 ’

1128 2729 1169 2759 tu
1199 2724 1252 2759 illi
1284 2736 1500 2770 excussam,
1533 2729 1633 2759 recte
1670 2722 1784 2758 refert
1858 2760 1859 2766 ¹

1414 2782 1479 2817 Tu
1499 2779 1600 2816 conf.
1620 2779 1666 2826 V,
1690 2780 1783 2818 111.
1857 2782 1859 2796 ¹

1382 2835 1499 2888 Apud
1537 2836 1628 2873 alios
1667 2834 1782 2870 etiam
1857 2834 1859 2863 ἓ

1126 2780 1357 2832 Wesseling.

1127 2836 1190 2884 VI,
1224 2839 1316 2878 122.
