1897 3340
415 209 472 249 90
818 209 1268 246 HERODOTl

388 318 559 359 3ταῦτα
590 315 656 366 δὲ,
698 313 756 366 ὥς
797 313 931 369 ἡμέρη
969 314 1135 370 ἐγένετο
1167 317 1369 372 τάχιστα,
1397 317 1592 370 φανερὸς
1619 312 1728 374 ἦν75

413 382 753 438 ὑπερτιθέμενος
782 381 1125 435 ὀνειροπόλοισι·
1156 384 1261 440 μετοὶ
1286 386 1350 435 δὲ,
1383 382 1673 441 ἀπειπάμενος
1730 394 1811 436 399

414 450 496 508 τήν
525 450 650 503 ὄψιν,
686 449 842 504 ἔπεμπε
870 449 950 506 τήν
969 452 1169 506 πομπὴν,
1199 452 1245 495 ἐν
1273 456 1325 509 τῇ
1349 454 1401 508 δή
1432 457 1616 512 τελευτᾷ.

286 519 354 565 ὖῖ
501 520 556 570 Οἱ
585 517 630 561 δὲ
671 521 937 572 Γεφυραῖοι,
976 522 1064 560 τῶν
1101 513 1215 574 ἦσαν
1252 522 1295 563 οἱ
1329 520 1483 575 φονέες
1523 523 1568 564 οἱ
1591 519 1673 564 Ἱπ-

79 583 341 646 ξξῇξζῗξζζξξω
415 583 606 641 πάρχου,
635 583 696 635 ὥς
725 585 803 640 μὲν
833 583 960 629 αὐτοὶ
979 585 1178 641 λέγουσι,
1206 585 1464 643 ἐγεγόνεσαν
1493 588 1536 641 ἐξ
1563 587 1673 642 Ἐρε-

80 652 194 681 cadmo
214 661 233 680 e
256 653 354 682 Phoe-

356 761 395 795 iu
427 759 709 809 epigrammatis
737 758 861 796 verbis
879 760 1012 808 τλῆθι,

357 813 522 865 ἄτλητα,
552 811 722 865 τετληότι
758 816 1014 863 observamus,

1070 759 1169 795 bene
1233 759 1284 796 ita
1342 761 1476 798 Latine

1073 816 1225 852 Grotius
1238 827 1247 851 :

1547 761 1727 812 expressit

447 890 626 933 „Fortiter
647 891 732 924 haec
749 890 801 924 ico
812 893 891 934 ser,
924 891 1079 936 quamvis
1088 894 1172 934 sera
1183 916 1192 934 ,
1223 891 1358 936 quando
1367 892 1553 935 serendum
1571 896 1636 934 est,

444 936 591 971 Iniustos
607 936 757 971 homines
776 948 852 972 sero
874 937 940 971 cito
959 948 1071 983 poena
1088 939 1285 983 sequetur.“

411 1004 587 1060 φανερός
604 1001 658 1060 ἦν
678 1006 1009 1060 ὑπερτιθέμενος]

352 1064 411 1100 De
424 1064 540 1101 verbo
556 1062 847 1116 ’ὑπερτίθεσθαι
859 1067 1012 1102 monui-

351 1133 438 1157 mus
459 1119 508 1157 ad
526 1122 555 1168 I,
577 1123 617 1163 8.
642 1123 735 1162 107.
754 1143 811 1150 ·-—
839 1121 1013 1170 „Eadem

352 1177 460 1225 (sunt
496 1176 643 1215 Wesse
657 1178 672 1214 l
686 1180 820 1227 ingiz·
846 1178 895 1216 ad
925 1177 965 1216 h.
985 1180 1012 1216 1.

282 1241 297 1254 ·
352 1233 497 1281 verba)
527 1236 599 1273 τοῦ
618 1235 910 1284 δεισιδαίμονος
922 1236 1013 1271 reli-

351 1290 416 1340 gio
457 1291 651 1340 eleganter
689 1292 729 1327 in
758 1290 1016 1341 Theophrasti

354 1345 467 1383 Char.
490 1360 525 1383 c.
552 1350 604 1388 16
626 1349 797 1398 expieta:
829 1346 878 1385 ad
898 1361 1014 1399 quam

352 1397 627 1452 ἀπειπάμενος
661 1401 736 1455 τήν
767 1401 869 1454 ὄψιν
899 1406 1014 1441 etiam

349 1460 541 1509 'pertinere
573 1461 720 1511 opinor,
750 1473 877 1512 neque
916 1460 1013 1498 adeo

350 1519 503 1565 spretam
526 1517 713 1563 visionem,
743 1516 811 1553 sed
841 1518 919 1554 eius
942 1531 1012 1554 ex-

349 1571 562 1621 piationem
603 1579 639 1608 et
685 1568 1010 1624 οἷποτροπιασμόν

349 1628 472 1664 innui.
493 1627 579 1664 vid.
591 1628 804 1669 Casaubon.
815 1628 863 1665 ad
875 1628 1011 1666 Theo-

349 1682 491 1734 phrast.
506 1685 611 1735 [pag.
628 1684 706 1725 184
719 1686 817 1736 seq.]
832 1692 868 1722 et
881 1686 1010 1736 Span-

349 1739 455 1777 hem.
475 1742 515 1776 in
534 1739 729 1791 Aristopli.
750 1743 847 1779 Rau.
861 1743 1006 1783 1379.“

351 1795 591 1848 Hipparchus
638 1797 755 1847 igitur
793 1799 1009 1849 expiatione

350 1853 436 1898 illa,
477 1855 589 1890 sacris
625 1855 706 1891 scil.
736 1854 1010 1892 averruncandi

350 1910 443 1946 mali
484 1911 718 1948 i1mninenfis
758 1924 871 1948 causa
904 1911 1010 1949 factis

349 1967 602 2019 precibusque
623 1966 770 2015 additis,
795 1967 835 2005 id
854 1981 894 2005 se
915 1967 1011 2004 effe-

349 2024 442 2060 cisse
461 2024 698 2074 opinabatur,
720 2031 763 2061 ut
780 2025 928 2060 mahun
946 2037 1009 2062 so-

347 2080 453 2115 mnio
464 2078 673 2117 indicatum
681 2081 827 2117 nullam
836 2082 875 2117 in
885 2082 1011 2132 ipsum

347 2134 505 2173 haberet
523 2137 616 2183 vim,
648 2149 775 2188 neque
797 2136 1009 2189 quidquam

347 2193 510 2243 amplius
539 2199 672 2230 contra
699 2195 826 2244 ipsum
854 2195 1008 2243 valeret,

349 2250 578 2302 nullumque
597 2248 754 2287 haberet
776 2257 970 2289 eventum.

568 2339 661 2392 Cap.
672 2341 788 2380 LVTI.

405 2416 447 2456 οἱ
481 2415 525 2457 δὲ
559 2419 808 2469 Γεφυραῖοι]
869 2419 1006 2469 Attigit

348 2473 485 2511 Suidas
511 2487 542 2511 s.
577 2489 615 2512 v.
646 2476 820 2526 Γεφυρίς
849 2476 899 2512 Τ.
929 2478 946 2512 1
966 2490 1004 2526 p.

349 2528 430 2570 479
453 2537 490 2567 et
508 2530 680 2569 Aristidis
699 2530 818 2570 schol.
839 2545 928 2582 pag.
950 2535 996 2572 31

347 2585 635 2637 edAErmnmel„
655 2589 882 2640 quibuscum
903 2590 1004 2626 cons.

347 2643 688 2695 Pseudoplutarcb.
731 2644 779 2682 de
821 2645 1003 2683 lien-odoi.

346 2700 503 2750 Malign.
542 2716 629 2754 pag.
661 2705 743 2744 830
770 2704 812 2740 F.
870 2704 1004 2753 Auigit

347 2770 500 2809 quoque
513 2759 740 2806 Ilerodotea,
753 2760 889 2811 quibus
902 2758 1003 2796 cad—

346 2815 399 2850 mi
437 2815 533 2852 illius
565 2818 672 2861 origo
702 2817 846 2854 Punica
875 2817 1004 2866 argui-

1066 1015 1139 1054 tur,
1158 1009 1200 1046 0.
1222 1009 1266 1046 Ο.
1285 1008 1435 1045 Miiller.
1447 1006 1628 1046 Orchom.
1638 1021 1728 1060 pag.

1072 1067 1150 1105 117
1165 1078 1258 1116 seq„
1278 1065 1344 1102 ubi
1365 1078 1522 1102 omnem
1540 1066 1728 1103 narratio—

1068 1134 1158 1157 nem
1196 1120 1244 1158 de
1273 1121 1406 1159 Cadmo
1438 1123 1570 1158 Poeno
1605 1135 1650 1159 ac
1678 1120 1728 1159 de

1068 1175 1309 1215 Phoenicum
1330 1179 1479 1215 colonia
1490 1177 1644 1216 Thebas
1656 1177 1727 1215 de-

1066 1233 1183 1272 ducta
1202 1236 1240 1271 in
1262 1236 1461 1271 Boeotiam
1480 1233 1637 1271 dubiam
1657 1233 1728 1272 ad—

1073 1303 1195 1342 eoque
1216 1291 1344 1327 fictam
1370 1290 1492 1328 videri
1517 1290 1727 1339 contendit,

1069 1360 1160 1383 cum
1182 1346 1310 1385 Cadmi
1326 1359 1471 1384 nomen
1482 1348 1642 1384 minime
1656 1348 1728 1384 ali-

1070 1402 1173 1440 unde
1213 1403 1416 1441 advectum
1433 1434 1444 1452 ,
1481 1402 1549 1440 sed
1581 1402 1728 1441 Thebis

1067 1473 1186 1511 quam
1205 1461 1375 1497 maxime
1393 1461 1441 1497 sit
1466 1460 1664 1511 proprium
1684 1473 1729 1497 ac

1069 1517 1272 1566 peculiare,
1303 1523 1418 1568 atque
1439 1529 1481 1552 ea
1499 1518 1580 1567 ipsa
1601 1515 1729 1553 homi—

1065 1585 1163 1608 num
1195 1574 1319 1620 natio,
1351 1585 1451 1624 quae
1481 1580 1569 1609 ante
1598 1574 1728 1610 Boeo-

1066 1635 1194 1665 torum
1225 1628 1433 1666 adventum
1464 1627 1563 1666 hanc
1585 1635 1727 1666 terram

1065 1686 1229 1722 tenuerit
1239 1684 1432 1735 indigena,
1444 1684 1548 1722 idem
1558 1684 1726 1723 Cadmeo-

1066 1754 1142 1778 rum
1165 1743 1292 1779 tulerit
1311 1748 1455 1778 nomen
1475 1749 1560 1779 tum
1579 1743 1618 1777 in
1635 1740 1725 1779 sede

1065 1811 1132 1834 sua
1173 1799 1364 1849 primitiva
1402 1800 1496 1835 arcis
1534 1797 1725 1836 Cadmeae

1067 1867 1164 1906 qnae
1180 1856 1398 1902 vocabatur,
1419 1862 1504 1891 tum
1515 1855 1556 1892 in
1566 1855 1725 1892 coloniis

1067 1911 1156 1947 alias
1202 1913 1244 1948 in
1282 1919 1398 1948 terras
1438 1909 1528 1948 hinc
1567 1911 1724 1948 emissis.

1066 1969 1243 2019 Namque
1252 1969 1313 2006 vel
1323 1974 1474 2019 postera
1486 1968 1725 2019 aetateSpar-

1066 2025 1112 2060 tis
1124 2024 1359 2076 Athenisque
1369 2025 1486 2062 tribus
1498 2024 1611 2062 fuisse
1619 2023 1725 2061 idem

1067 2079 1172 2118 addit
1201 2095 1289 2118 vere
1319 2080 1526 2129 Cadmeas,
1563 2081 1725 2130 Aegidas

1066 2143 1181 2188 atque
1197 2138 1432 2189 Gephyraeos,
1453 2138 1589 2190 quibus
1600 2135 1725 2174 Athe-
1736 2130 1767 2160 ⁰

1064 2195 1213 2231 nienses
1233 2208 1337 2232 sacra
1359 2195 1503 2232 Cereris
1530 2193 1721 2241 Achaeae,

1064 2249 1113 2286 de
1134 2252 1271 2302 quibus
1290 2252 1387 2288 infra
1407 2252 1452 2299 V,
1480 2253 1547 2299 61,
1576 2249 1723 2288 debue-

1064 2307 1150 2344 rint.
1173 2308 1398 2360 Geplcyraeos
1410 2335 1427 2353 ,
1447 2307 1495 2344 de
1515 2320 1590 2359 qua
1609 2313 1722 2358 gente

1062 2364 1223 2413 plurima
1237 2373 1410 2401 veterum
1422 2364 1636 2401 testimonia
1646 2363 1723 2400 du-

1063 2418 1155 2456 dum
1177 2422 1413 2472 collegerunt
1431 2421 1616 2457 Meursius
1639 2420 1719 2456 Ait.

1061 2477 1181 2515 Lectt.
1203 2478 1247 2525 V,
1260 2481 1306 2518 31
1334 2485 1370 2514 et
1380 2475 1561 2514 Bochart.
1576 2476 1718 2525 Geogr.

1060 2532 1168 2570 Sacr.
1187 2535 1233 2581 11,
1264 2538 1298 2574 1.
1318 2537 1366 2575 21
1391 2532 1440 2570 ad
1469 2538 1624 2583 pontem
1645 2532 1721 2569 Oe-

1060 2588 1174 2639 pliissi
1195 2588 1297 2627 haud
1319 2590 1450 2641 procul
1479 2589 1526 2625 ab
1547 2587 1719 2625 Athena-

1060 2659 1146 2682 rum
1167 2648 1282 2694 urbe,
1324 2647 1389 2683 ubi
1417 2646 1638 2682 Eleusinem
1659 2646 1720 2682 vla

1059 2716 1163 2739 sacra
1191 2703 1374 2750 ducebat,
1397 2701 1608 2739 consedisse
1629 2715 1719 2752 pro-

1060 2759 1184 2795 babile
1203 2767 1279 2802 est,
1310 2766 1480 2810 receptos
1501 2772 1546 2795 eo
1567 2759 1650 2795 loco
1672 2758 1719 2794 ab

1062 2817 1193 2853 Atticis
1214 2816 1421 2865 indigenis,
1449 2828 1569 2868 quum
1591 2816 1629 2851 iu
1646 2816 1719 2852 At-
