1897 3340
384 215 460 253 132
779 211 1242 249 HERODOTI

374 320 516 373 ρέων·
547 317 574 374 ἡ
606 319 652 362 δὲ
685 320 803 376 ἱρηΐη
835 321 1100 370 ἐξαναστᾶσα
1130 319 1175 361 ἐκ
1205 321 1284 361 τοῦ
1313 316 1508 370 θρόνου,
1539 316 1642 370 πρὶν

373 386 404 443 ἦ
434 385 513 437 τοῖς
550 385 694 439 θύρας
733 386 869 429 αὐτὸν
910 387 1109 442 ἀμεῖψαι,
1143 384 1256 428 εἷπε·

1304 418 1326 435 ,
1328 387 1382 426 Ὠ,
1421 386 1527 436 ξεῖνε
1557 387 1641 426 Λα-

346 453 676 509 6,,κεδαιμόνιε,
716 453 852 496 πάλιν
879 454 1027 510 χώρει,
1074 451 1178 509 μηδ’
1214 453 1327 495 ἔσιθι
1357 452 1399 502 ές
1432 451 1480 494 τό
1520 449 1638 505 ἱρόν·
1654 454 1698 490 40

377 521 462 577 „ozi
498 522 584 577 γὰρ
615 518 796 574 θεμιτὸν
831 524 1051 573 Δωριεῦσι
1089 520 1291 573 παριέναι
1332 519 1570 561 ἐνθαῦτα“
1617 516 1641 560 ὁ

376 591 424 634 δὲ
453 587 565 633 εἷπε·

348 666 370 700 7
381 655 615 713 ,,Ἀχαιός.“

621 591 697 641 „³52
725 586 878 642 γύναι,
925 585 1022 629 ἀλλ’
1061 585 1115 629 οὐ
1160 585 1360 641 Δωριεύς
1395 588 1502 641 εἶμι,
1545 581 1638 626 ἀλλ’

669 654 720 696 O
748 655 826 709 μὲν
869 653 921 709 δὴ
962 672 1014 710 τῃ
1057 654 1260 710 κλεηδόνι
1301 652 1432 696 οὐδὲν
1459 651 1641 708 χρεώμε-

373 742 473 775 νος,
518 722 757 778 ἐπεχείρησέ
798 738 866 771 τε,
908 722 981 764 καὶ
1019 721 1115 765 τότε
1145 721 1276 764 πάλιν
1306 721 1494 773 ἐξέπιπτε
1536 719 1640 774 μετά

347 799 367 830 8
379 795 467 834 τῶν
508 791 885 844 Λακεδαιμονίων.

959 787 1074 839 Τούς
1121 789 1167 832 δὲ
1216 787 1376 838 ἄλλους
1414 787 1696 844 Ἀθηναῖοι45

374 858 619 912 κατέδησαν
648 856 729 912 τήν
759 856 825 899 ἐπὶ
855 855 1058 915 θανάτῳ’
1094 856 1141 898 ἐν
1171 855 1216 899 δὲ
1247 854 1432 906 αὐτοῖσι,
1462 856 1537 898 καὶ
1571 859 1641 897 Τι-

375 927 589 982 μησίθεον
621 922 699 967 τὸν
735 923 936 979 Δελφόν,
967 927 1049 966 τοῦ
1080 923 1184 979 ἔργα
1213 926 1369 979 χειρῶν
1397 939 1440 966 τε
1470 923 1543 965 καὶ
1569 922 1638 978 λή-

318 1117 462 1155 Her-od.
497 1117 586 1164 VII,
618 1114 711 1155 140.
759 1117 835 1164 IX,
879 1119 974 1157 116.

318 1174 430 1221 Quod
450 1186 540 1211 vero
556 1175 595 1209 in
607 1185 712 1224 seqq.
734 1172 906 1210 sacerdos
919 1173 978 1209 di—

318 1233 375 1268 xit
390 1246 401 1267 .·
435 1226 523 1281 μηδ’
546 1229 652 1268 ἔσιθι
673 1229 711 1275 ἐς
733 1229 776 1269 τό
800 1226 910 1281 ἱρόν,
939 1228 979 1265 id

318 1289 442 1325 latiori
473 1299 585 1323 sensu
614 1286 899 1336 accipiendum,
928 1287 980 1322 ita

318 1352 361 1381 ut
382 1356 539 1381 omnem
549 1344 679 1378 locum
699 1350 885 1391 sanctum,
908 1355 980 1379 nec

318 1408 469 1438 tautum
500 1399 634 1436 aedem
664 1400 884 1436 interiorem
905 1411 982 1450 quo

318 1459 446 1494 minus
464 1457 632 1502 intraret,
654 1456 826 1493 sacerdos
846 1457 901 1492 illi
921 1458 983 1491 in-

320 1513 529 1550 terdixerit.
589 1512 647 1547 Cf.
671 1513 753 1558 VII,
791 1511 882 1552 140.
913 1513 982 1558 IX,

323 1572 419 1610 116.
448 1570 547 1605 Nam
569 1566 616 1604 de
636 1567 860 1614 Pandrosio,
883 1580 981 1619 quae

321 1626 417 1662 cella
457 1625 575 1661 cuivis
613 1624 725 1661 obvia
764 1631 800 1660 et
840 1623 981 1674 duplici

321 1681 427 1718 aditu
456 1680 694 1732 permeabilis
725 1687 824 1728 erat,
875 1682 982 1730 cogi-

322 1739 393 1774 tari
414 1739 559 1789 nequit.
602 1736 660 1772 Cf.
692 1737 735 1773 C.
757 1738 801 1774 Ο.
832 1738 981 1773 Mulier.

321 1794 347 1831 l.
369 1795 396 1831 l.
415 1815 471 1821 —
518 1794 644 1830 Verba
676 1791 731 1839 ὥς
757 1793 982 1844 προσερέων

320 1852 571 1901 interpretor:
611 1849 836 1886 salutaturus
868 1850 982 1897 (leam,

319 1908 535 1943 Minervam
554 1906 635 1942 scil.
677 1907 783 1951 Quae
802 1908 982 1943 continuo

321 1970 559 2003 memoratur
595 1961 704 2013 ἴρηΐη
742 1963 799 2011 (s.
833 1963 983 2013 ἷερεία)

322 2021 517 2056 Minervae
538 2018 702 2055 Poliadis
724 2026 776 2056 est
798 2019 982 2067 sacerdos,

324 2089 425 2128 quae
446 2076 613 2111 molestis
645 2077 817 2126 quamvis
837 2077 984 2126 legibus

325 2133 502 2169 obstricta
519 2161 528 2178 ,
560 2132 657 2168 inter
686 2134 826 2182 priinas
854 2139 983 2168 tamen

323 2187 563 2225 Athenarum
584 2194 661 2224 erat
682 2188 880 2239 dignitates
897 2218 906 2235 ‚
943 2196 985 2226 ut

323 2251 537 2281 monstrant
558 2256 655 2295 quae
671 2247 758 2281 citat
771 2245 812 2281 C.
827 2246 870 2282 O.
883 2247 984 2281 Mal-

323 2302 392 2338 ler.
431 2302 621 2350 Aeginett.
643 2314 729 2352 pag.
760 2305 828 2342 70.
886 2304 986 2338 Nam

327 2370 348 2393 e
384 2357 615 2393 nobilissima
652 2364 688 2393 et
727 2359 983 2409 antiquissima

325 2412 563 2450 Butadarum
600 2426 629 2449 s.
658 2414 983 2451 Eteobutadarum

326 2471 440 2520 stirpe
460 2470 522 2505 illa
544 2476 623 2506 orta
645 2478 743 2516 erat,
784 2484 871 2507 cum
891 2470 983 2508 haec

327 2538 420 2576 gens
451 2525 703 2562 sacerdotium
726 2525 797 2563 hoc
819 2540 840 2563 a
866 2530 985 2577 prisca

328 2582 417 2631 ind-e
438 2589 558 2618 aetate
578 2583 648 2619 sibi
667 2584 887 2622 retinuisset.
928 2586 985 2621 Cf.

328 2637 507 2676 Aeschin.
539 2638 585 2674 de
621 2639 712 2676 salsa
739 2641 851 2690 legat.
874 2642 910 2686 ξ.
933 2644 986 2681 20

329 2695 387 2744 (§.
408 2694 462 2736 42
481 2695 642 2743 Bre1n.).

386 2750 482 2802 πρὶν
521 2747 548 2802 ἢ
582 2767 653 2798 τας
690 2747 824 2802 θύρας
864 2768 986 2792 αυτον

331 2801 526 2858 α’μεῐψαι]
570 2808 594 2845 ἰ.
630 2822 663 2845 e.
697 2811 905 2859 priusquam
929 2823 987 2847 m-

1034 1122 1177 1156 trasset.
1213 1117 1296 1163 Quo
1322 1115 1460 1153 eodem
1483 1116 1697 1167 significatu

1035 1177 1195 1213 verbum
1209 1170 1398 1225 ἀμείβειν,
1411 1180 1453 1210 ut
1463 1181 1569 1210 notat
1578 1175 1698 1210 Wes-

1036 1233 1168 1281 seling.
1205 1233 1243 1266 in
1276 1230 1461 1281 Sophocl.
1496 1229 1697 1266 Philoctet.

1040 1292 1058 1328 1
1067 1289 1159 1329 256.
1171 1285 1343 1337 Euripid.
1360 1286 1498 1323 Electr.
1509 1288 1606 1326 750.
1617 1288 1699 1323 Ae-

1040 1343 1160 1396 scliyl.
1205 1341 1396 1394 Choepln·.
1438 1343 1532 1383 569.
1582 1343 1696 1391 [563

1043 1399 1432 1447 B101nfiel‹‚l.‚cuius
1464 1399 1699 1436 Glossarium

1039 1457 1136 1505 vid.]
1171 1480 1220 1483 —
1280 1457 1324 1491 In
1352 1468 1459 1507 seqq.
1488 1468 1556 1506 pro
1583 1453 1700 1507 χώρει

1041 1513 1218 1562 Scluxeic
1209 1511 1261 1549 11.
1293 1513 1534 1562 exspectabat
1564 1508 1698 1563 χώρεε.

1040 1571 1138 1606 Cum
1160 1542 1297 1605 eocdem
1318 1568 1496 1619 Sclnveig
1502 1567 1538 1605 11.
1572 1576 1608 1605 et
1638 1582 1697 1605 ce-
1716 1563 1721 1567 ⁴

1037 1628 1123 1663 teris
1139 1625 1225 1661 edd.
1247 1627 1385 1660 retinui
1396 1627 1607 1675 Δωριευσι,
1628 1638 1698 1662 cu·-

1036 1685 1093 1719 ius
1116 1683 1198 1719 loco
1219 1680 1445 1718 Schaeferus
1466 1684 1642 1734 Δωριῆα.

1095 1737 1271 1786 ἐξέπιπτε
1309 1734 1403 1789 μετοῖ
1453 1740 1531 1776 τῶν
1570 1742 1700 1777 Λακε-

1040 1794 1279 1846 δαιμονίων]
1293 1796 1473 1845 Respexit
1496 1793 1588 1830 haec
1610 1796 1700 1830 Ari-

1037 1850 1214 1902 stophan.
1252 1852 1407 1903 Lysistr.
1447 1853 1527 1891 273
1580 1852 1699 1900 [267

1039 1907 1196 1955 Both.].
1231 1908 1293 1945 Ad
1314 1920 1379 1955 ea,
1403 1920 1500 1959 quae
1529 1920 1700 1960 sequun-

1040 1972 1122 2001 tur:
1164 1963 1386 2015 κατέδησαν
1416 1962 1490 2014 τήν
1525 1963 1589 2003 ἐπὶ
1619 1968 1700 2003 θα-

1040 2017 1147 2074 νάτῳ
1179 2024 1280 2059 conl.
1310 2027 1406 2058 nott.
1429 2020 1525 2068 adl,
1547 2023 1642 2062 209.

1095 2092 1162 2116 και
1202 2078 1446 2145 Τιμησίθεον
1489 2074 1555 2116 τόν
1599 2079 1700 2116 Δελ-

1040 2129 1148 2183 φὸν]
1179 2131 1246 2173 τὸν
1279 2130 1440 2183 Δελφὸν
1466 2147 1486 2170 e
1509 2135 1698 2170 Pausania

1039 2191 1102 2237 xl,
1135 2194 1160 2230 S
1191 2192 1228 2236 ξ.
1257 2190 1295 2238 4,
1327 2192 1393 2242 qui
1414 2189 1451 2227 11.
1473 2191 1499 2227 l.
1519 2191 1697 2241 respexit,

1040 2245 1187 2283 dudum
1200 2249 1362 2284 correxit
1372 2248 1594 2294 palmerius,
1607 2259 1697 2284 cum

1040 2316 1174 2341 omnes
1205 2305 1291 2341 libri
1318 2305 1461 2341 ferrent
1491 2300 1557 2343 τὸν
1578 2299 1695 2342 oidel-

1040 2355 1155 2409 φεόν.
1231 2360 1294 2397 Ad
1344 2360 1587 2411 Τιμησίθεον
1626 2360 1696 2397 Cr.

1040 2417 1202 2453 conferri
1229 2418 1311 2454 vult
1340 2414 1628 2453 Drakenborch.
1650 2414 1698 2452 ad

1040 2475 1124 2510 Liv.
1153 2474 1199 2520 V,
1228 2476 1296 2515 28.
1353 2474 1458 2518 Quae
1489 2479 1701 2524 sequuntur

1044 2528 1136 2580 ἔργα
1171 2533 1335 2580 χειρῶν,
1373 2531 1458 2566 satis
1478 2530 1700 2578 intelligitur

1045 2599 1065 2621 e
1081 2587 1280 2633 Pausania,
1311 2599 1355 2622 eo
1377 2587 1577 2636 pertinere,
1595 2583 1700 2637 quod

1043 2643 1083 2678 in
1109 2645 1301 2692 pancratio
1330 2650 1402 2679 tres
1435 2643 1497 2678 ille
1526 2643 1700 2679 victorias

1041 2698 1219 2749 Pythicas
1232 2699 1399 2750 duasque
1411 2700 1625 2750 Olympicas
1639 2712 1702 2735 re-

1043 2756 1199 2800 tulerat,
1233 2755 1323 2806 ἔργα
1347 2750 1518 2805 λη’ματος
1543 2754 1591 2792 ad
1620 2755 1700 2791 for-

1043 2811 1244 2848 titudinem
1260 2812 1434 2848 bellicam
1448 2813 1580 2849 refero.
1601 2813 1700 2848 Nam

1869 1612 1881 1672 ,ΕΓ-
1878 1565 1881 1599 μ,
1878 1536 1880 1548 Α
