1897 3340
268 182 355 222 822
460 234 469 240 .
838 183 1198 220 ADDENDA

495 292 534 326 Il.
560 291 686 332 XVIII,
713 290 793 334 543,
817 291 876 325 ubi
901 289 1094 334 ἐλάστρεον
1119 296 1291 336 exponunt
1316 286 1490 335 ἤλαυνον.
1519 311 1555 318 -
1595 292 1654 335 lis,
1678 305 1765 340 quae

495 338 539 372 ad
573 349 647 382 cap.
671 340 717 372 25
745 350 777 382 p.
802 338 872 372 482
896 339 937 372 de
964 340 1071 372 Eionc
1095 338 1250 378 diximus,
1283 338 1361 371 add.
1388 337 1593 380 Cousinery.
1626 341 1766 384 Voyage

493 395 535 417 en
559 383 694 417 Maced.
722 384 734 416 l
759 395 791 427 p.
821 385 894 419 119.
942 387 1154 428 Strymonem
1179 384 1288 417 adhuc
1312 395 1332 417 a
1355 383 1514 427 Bnlgaris
1537 384 1601 417 (lici
1625 386 1767 419 Struma

493 429 582 463 idem
618 430 778 462 observat
812 440 847 472 p.
882 431 961 463 209.
997 432 1073 464 211.
1122 430 1200 470 Quo
1236 429 1340 473 igitur
1365 431 1542 474 probatur,
1565 430 1653 475 quod
1678 431 1766 464 infra

493 475 537 510 ad
555 476 683 509 Herod.
713 474 789 516 Vll,
816 476 880 509 113
904 486 936 519 p.
954 477 1022 510 603
1038 476 1190 508 dix'tmns.

273 542 325 576 Ad
350 543 425 584 vn,
442 544 487 578 28
512 554 591 586 pag.
617 542 684 577 486
709 541 764 574 lin.
794 544 823 576 1.
872 541 1015 583 Argenti
1038 542 1165 575 talenta
1192 543 1256 575 duo
1281 542 1406 583 millia,
1431 541 1473 575 ad
1491 548 1625 577 nostros
1650 555 1765 577 numos

495 589 606 621 relata
644 586 798 620 effitiunt
831 597 993 620 summam
1025 589 1211 629 2‚750,oco
1244 589 1381 621 thalem
1416 587 1475 632 (si
1507 589 1640 633 quidem
1679 591 1767 625 1375

494 634 636 668 thalerr.
673 633 837 666 talentum
867 632 1107 676 constituunt).
1154 633 1286 673 Quibus
1315 634 1341 666 si
1367 634 1471 666 addas
1496 639 1658 668 staterum
1681 647 1767 680 qua-

494 679 691 722 dringentas
715 677 884 722 myriades
908 677 984 710 sive
1009 679 1100 722 (nam
1134 678 1255 724 singuli
1278 684 1423 712 stateres
1448 680 1651 714 conveniunt
1683 692 1768 726 qua-

492 732 571 758 tuor
595 724 733 758 thales-r.
759 728 794 756 et
818 724 1076 768 quatuordecim
1102 725 1230 767 gross.)
1257 726 1461 768 18,301‚⁶.>5o
1484 726 1637 766 thalerr.‚
1663 727 1769 759 fortn-

495 781 612 804 narum
635 770 724 802 illius
747 780 874 802 summa
900 768 1027 803 existet
1050 770 1268 812 2>1‚o51,25o.
1317 770 1489 803 Accedunt
1513 782 1587 815 cap.
1621 773 1665 807 29
1690 783 1768 816 sep-

494 821 562 851 tem
586 815 676 848 mille
699 819 846 848 stateres
871 814 947 849 sive
970 817 1097 856 32‚083
1120 815 1260 849 thalerr.
1284 814 1423 859 8gross.
1433 816 1524 850 Tota
1550 817 1655 861 igitur
1678 828 1769 851 sum-

495 873 549 896 ma
574 861 642 895 erit
665 863 805 903 21,083,
830 861 911 895 533.

275 929 323 962 Ad
353 929 425 971 vn,
449 931 496 966 30
521 929 580 962 fin.
605 940 683 973 pag.
710 928 776 964 488
801 928 856 962 lin.
883 930 904 964 7
929 925 1122 972 Κύδραρα.
1171 927 1269 961 Hanc
1294 927 1411 961 urbem
1434 931 1557 972 postea
1573 930 1768 964 Laodiceae

494 974 629 1009 nomine
662 976 762 1008 valde
797 974 998 1008 inclaruisse
1030 974 1152 1008 scribit
1177 975 1222 1007 ad
1247 974 1280 1007 h.
1306 973 1328 1006 l.
1353 973 1513 1014 Schoell.‚
1536 987 1638 1020 quum
1661 976 1768 1019 Phry-

495 1021 575 1065 giae
599 1021 806 1054 Pacatianae
829 1020 934 1054 fuerit
956 1025 1071 1065 caput,
1098 1031 1119 1053 a
1141 1019 1268 1054 Turcis
1292 1026 1491 1063 occupatam
1510 1031 1597 1053 anno
1622 1023 1709 1056 1255
1734 1033 1768 1066 p.

498 1068 580 1100 Cbr.
605 1078 637 1099 n.
663 1072 698 1099 et
723 1078 744 1100 a
768 1066 939 1110 Mongolis
963 1070 1132 1100 vastatam
1156 1066 1241 1099 duce
1265 1064 1419 1107 Timure,
1445 1076 1531 1099 anno
1548 1065 1647 1103 1402.
1672 1066 1770 1100 Nunc

495 1113 587 1146 iacet
618 1111 733 1146 diruta
764 1123 952 1157 nomenque
980 1111 1059 1145 tulit
1092 1112 1319 1146 Eski-llissar
1348 1110 1370 1147 i.
1407 1122 1437 1145 e.
1472 1112 1636 1156 antiquae
1669 1114 1771 1146 arcis.

495 1159 588 1192 Idem
614 1158 762 1194 Schoell.
786 1159 905 1192 urbem
930 1158 1154 1196 Callatfflum,
1180 1157 1276 1190 cuius
1298 1156 1332 1190 in
1356 1156 1509 1201 proximo
1533 1169 1606 1202 cap.
1627 1157 1668 1191 fit
1681 1169 1771 1191 men-

497 1205 559 1244 tio,
584 1204 626 1237 ad
652 1205 836 1248 Cogamum
861 1203 1000 1237 fluvium
1026 1203 1126 1237 sitam
1150 1203 1259 1237 fuisse
1283 1202 1415 1244 scribit,
1440 1203 1550 1236 medio
1567 1214 1650 1237 aevo
1674 1204 1772 1237 valde

497 1248 675 1293 insignem,
704 1262 779 1284 cnm
803 1250 963 1295 primaria
999 1250 1071 1282 fere
1096 1249 1199 1282 suerit
1223 1259 1283 1281 arx
1311 1247 1443 1291 Lydiae
1474 1254 1510 1282 et
1536 1249 1634 1294 quasi
1668 1249 1773 1283 clavis

499 1296 606 1329 totius
638 1299 772 1337 terrae,
806 1308 826 1329 a
863 1295 1048 1329 Baiazethe
1080 1300 1182 1339 capta
1212 1305 1298 1328 anno
1337 1295 1421 1329 1391
1447 1294 1613 1340 hodieque
1636 1295 1771 1340 cognita

498 1344 561 1376 sub
586 1343 718 1376 nomine
743 1342 971 1376 Alla-Schehr
994 1341 1044 1386 (id
1068 1341 1157 1387 quod
1178 1341 1234 1374 dei
1260 1341 1373 1373 urbem
1397 1340 1580 1384 declarat).

279 1411 331 1444 Ad
359 1410 435 1453 VII,
460 1412 502 1446 31
529 1421 608 1456 pag.
633 1408 700 1445 489
723 1409 780 1444 lin.
806 1410 839 1444 5.
864 1407 1123 1444 πλατάνιστον.
1174 1408 1239 1442 Est
1259 1409 1427 1452 platanus
1452 1410 1633 1444 orientah‘s
1657 1408 1770 1451 Linn.,

500 1456 596 1491 cuius
620 1455 722 1490 etiam
749 1456 918 1490 Homerus
943 1455 1094 1489 meminit
1117 1455 1155 1489 Il.
1181 1455 1228 1494 Il,
1253 1456 1332 1496 310,
1357 1454 1415 1488 ubi
1439 1456 1527 1489 conf.
1553 1456 1680 1489 Bothe.

284 1513 330 1546 Ad
359 1514 435 1557 vn,
459 1515 504 1550 35
528 1525 606 1558 pag.
632 1502 697 1549 495
715 1512 772 1546 lin.
800 1514 829 1546 1.
879 1512 956 1546 Vim
979 1512 1172 1557 particulae
1194 1507 1275 1556 ἤδή
1300 1511 1510 1546 intendentis
1540 1517 1575 1546 et
1609 1512 1770 1558 amplian-

501 1560 546 1594 tis
579 1560 655 1593 hinc
678 1558 813 1592 notavit
836 1558 1004 1602 Hartung.
1028 1558 1141 1592 Lehre
1163 1570 1194 1591 v.
1207 1558 1240 1592 d.
1263 1557 1393 1602 griech.
1418 1558 1515 1594 Part.
1540 1559 1556 1592 I
1573 1570 1607 1604 p.
1631 1560 1710 1595 242.
1736 1559 1772 1602 3,

501 1606 610 1640 citans
631 1616 766 1650 quoque
790 1604 917 1638 Herod.
942 1604 990 1648 11,
1019 1605 1073 1640 15.

282 1661 333 1694 Ad
361 1661 438 1705 VII,
462 1663 506 1698 36
530 1674 609 1707 pag.
635 1662 703 1697 498
727 1661 786 1696 lin.
812 1663 842 1695 1.
866 1661 993 1695 verba:
1019 1660 1082 1695 ἵνα
1107 1657 1322 1716 ἀνακωχεύῃ
1347 1658 1412 1695 τόν
1431 1658 1546 1695 τόνον
1559 1661 1634 1694 τῶν
1648 1656 1773 1695 ὅπλων

503 1708 633 1756 Negris
655 1708 705 1742 ita
727 1707 997 1752 interpretatur:
1043 1707 1095 1746 εἰς
1119 1704 1262 1750 τρόπον
1291 1696 1391 1741 ὅπου
1418 1704 1437 1741 ὁ
1465 1705 1557 1751 ῥοῦς
1579 1705 1627 1740 voi
1653 1707 1771 1750 κρατῇ

502 1751 570 1789 ‘cdv
593 1751 706 1788 τόνον
728 1753 804 1787 τῶν
830 1753 1013 1796 σχοινιῶν.
1038 1773 1083 1779 -
1131 1754 1169 1786 ln
1193 1753 1261 1786 fine
1285 1764 1361 1797 cap.
1386 1764 1465 1798 pag.
1489 1753 1557 1790 502
1580 1752 1637 1786 lin.
1654 1755 1677 1788 2
1710 1763 1774 1786 κα-

500 1799 728 1842 τανάξαντες
751 1799 837 1833 idem
863 1798 988 1842 Negris
1010 1799 1115 1833 habet
1137 1797 1478 1842 καταπατήσαντες.
1513 1838 1520 1843 ,

282 1856 334 1889 Ad
365 1856 443 1900 vn,
465 1857 511 1892 39
535 1868 615 1902 pag.
630 1856 707 1896 ,505
738 1856 797 1890 lin.
835 1857 869 1891 9.
905 1852 1001 1901 αὐτῇ
1035 1855 1192 1900 γυναικί.
1240 1855 1340 1890 Conf.
1382 1855 1537 1891 Nitzsch.
1567 1855 1612 1889 ad
1649 1854 1775 1899 Odyss.

500 1903 596 1945 VIII,
622 1905 688 1938 186
713 1914 791 1947 pag.
820 1904 896 1938 191.

286 1959 336 1993 Ad
362 1960 439 2003 VII,
463 1959 506 1996 41
533 1971 612 2005 pag.
629 1961 697 1995 511
721 1959 782 1993 lin.
807 1961 841 1994 3.
866 1958 918 1994 Ad
942 1969 1057 1993 vocem
1080 1958 1178 2003 μῆλα
1203 1959 1332 2004 Negris
1355 1970 1398 1993 ex
1416 1957 1695 1993 antecedentibus
1719 1967 1774 1991 as-

505 2008 590 2040 sumi
617 2007 692 2039 vult
714 2003 861 2049 χρύσεα.
909 2005 1011 2046 Quod
1029 2005 1072 2038 ad
1097 2016 1167 2038 rem
1194 2006 1325 2043 attinet,
1349 2005 1383 2039 in
1407 2005 1588 2039 ruderibus
1605 2004 1772 2047 Persepo-

507 2052 622 2086 litnnis
655 2052 720 2085 viri
752 2052 857 2086 hastis
892 2051 1028 2093 armati,
1068 2062 1157 2095 quae
1179 2049 1212 2084 in
1239 2052 1372 2095 globum
1398 2051 1486 2096 pomi
1510 2052 1649 2083 sormam
1674 2059 1775 2092 prae-

504 2098 639 2131 bentem
672 2098 851 2139 desinunt,
875 2108 949 2130 cum
974 2097 1239 2141 conspiciantur,
1265 2097 1340 2129 hinc
1365 2096 1630 2140 melophororum
1655 2104 1773 2126 nomon

504 2144 615 2189 repeti
640 2144 712 2177 vult
736 2144 762 2178 Ι.
790 2144 833 2176 de
857 2143 1026 2178 Hammer.
1050 2143 1082 2175 in
1109 2143 1238 2176 Annali.
1266 2142 1443 2174 viennens.
1470 2139 1584 2172 LXlll
1616 2150 1651 2184 p.
1675 2141 1708 2179 6,
1742 2139 1776 2172 iu

505 2202 545 2223 eo
568 2195 680 2223 tamen
705 2190 832 2234 lapsus,
855 2188 945 2233 quod
968 2187 1059 2232 apud
1086 2187 1294 2220 Herodotum
1321 2187 1382 2219 hoc
1406 2185 1514 2229 ipsum
1538 2195 1657 2217 nomen
1680 2185 1778 2218 inve-

506 2235 571 2268 niri
593 2235 654 2269 ait.
704 2235 841 2268 Etenim
865 2245 934 2267 rem
951 2238 1114 2266 memorat
1135 2232 1294 2265 historiae
1318 2235 1426 2275 pater,
1451 2242 1569 2264 nomen
1591 2230 1698 2275 ipsum
1722 2235 1776 2263 ta-

506 2286 570 2312 cet.
602 2300 638 2305 —
667 2280 752 2313 Ibid.
777 2279 833 2312 lin.
857 2280 879 2313 5
904 2289 965 2321 pro
993 2275 1213 2310 διελέλειπτο
1245 2276 1373 2320 Negris
1405 2276 1514 2310 edidit
1545 2273 1703 2310 διέλειπέ
1736 2285 1776 2309 τε

504 2329 541 2357 et
563 2325 716 2358 voculam
747 2327 942 2367 sequentem
975 2321 1038 2355 καὶ
1071 2322 1164 2355 uncis
1188 2323 1345 2362 inclusit,
1379 2322 1442 2355 nisi
1474 2322 1634 2356 mutanda
1665 2322 1712 2355 sit
1742 2321 1774 2354 in

500 2381 556 2412 κη.
619 2369 702 2403 Mihi
740 2369 861 2403 vocula
895 2366 958 2402 καὶ
984 2368 1183 2402 intensivam
1215 2368 1280 2402 vim
1311 2369 1366 2402 hic
1409 2379 1583 2402 assmnere
1629 2366 1775 2410 videtur,

501 2417 566 2457 vel,
590 2416 688 2450 adeo.

289 2468 338 2502 Ad
366 2469 442 2513 vn,
465 2472 511 2506 43
533 2471 608 2506 init.
632 2482 708 2514 pag.
734 2471 813 2506 512.
862 2470 913 2504 De
941 2471 1153 2505 Scamandro
1171 2470 1276 2504 fluvio
1302 2470 1390 2503 conf.
1418 2470 1529 2505 Bothe
1566 2470 1611 2504 ad
1635 2469 1774 2504 Homeri

506 2517 545 2551 Il.
571 2517 665 2558 XlV,
689 2517 767 2558 ⁴34,
792 2517 848 2549 uhi
875 2529 893 2549 e
919 2517 1156 2550 Lechevalieri
1182 2517 1266 2550 libro
1289 2516 1450 2560 (Voyage
1465 2517 1508 2550 de
1531 2518 1565 2550 la
1588 2515 1718 2550 Troad.
1746 2516 1774 2548 ll

510 2575 543 2608 p.
575 2563 640 2598 193
664 2562 716 2596 ed.
742 2564 840 2604 tert.)
864 2563 978 2604 affert,
1002 2563 1246 2596 Scamandrum
1271 2562 1367 2595 hodie
1393 2562 1448 2595 vix
1483 2561 1645 2607 appellari
1677 2572 1776 2605 posse

513 2608 666 2649 fluvium,
687 2619 783 2653 quem
801 2609 975 2642 duodecim
999 2609 1103 2654 pedes
1125 2610 1198 2642 sere
1214 2608 1315 2641 latum
1339 2611 1477 2651 tresque
1487 2609 1590 2642 altum
1610 2606 1777 2640 invenerit

514 2654 743 2736 Lechegnlier.
767 2673 809 2678 -
834 2654 926 2687 ldcm
951 2655 1047 2689 Both.
1073 2655 1115 2689 ad
1140 2655 1178 2688 ll.
1195 2654 1241 2695 11,
1265 2655 1332 2688 819
1356 2654 1484 2687 consul.
1507 2653 1551 2688 ad
1575 2650 1775 2697 Δάρδανον

512 2712 546 2745 p.
570 2703 612 2736 51
659 2700 717 2734 lin.
742 2701 774 2734 5.

295 2753 345 2786 Ad
381 2754 457 2797 vn,
488 2756 533 2791 49
557 2757 590 2800 §.
625 2758 648 2792 2
672 2768 749 2802 pag.
782 2757 845 2791 521
886 2757 941 2791 lin.
980 2758 1013 2792 7.
1062 2756 1185 2791 Verbis
1209 2756 1281 2790 αἰεὶ
1314 2755 1555 2800 κλεπτόμενος
1598 2756 1680 2789 haec
1714 2755 1775 2787 nd-
