1897 3340
538 177 1006 217 POLYMNIA.
1066 177 1164 212 VII.
1413 182 1496 220 519

232 289 445 342 ,,διαιρεάι
475 287 609 338 εἶναι,
659 285 946 339 παυσώμεθα,
977 282 1094 339 ’μηδὲ
1133 286 1280 326 κακῶν
1310 288 1495 340 μεμνεώ-

204 362 403 412 2,μεθα,
442 355 602 412 χρηστὰ
640 355 807 409 ἔχοντες
844 367 1078 406 πρηγματα
1108 350 1154 393 ἐν
1181 353 1312 406 χερσί.

1381 354 1495 405 Φρά-

235 436 346 477 ,,σον
376 425 421 467 δὲ
449 441 525 480 μοι
553 423 660 466 τόδε.
720 422 760 463 εἴ
786 436 854 463 τοι
885 418 912 475 ἡ
955 417 1054 471 ὄψις
1084 422 1164 461 τοῦ
1194 418 1406 463 ἐνυπνίου
1435 421 1494 477 μή

233 491 442 547 ,,ἐναργὴς
482 491 596 534 οὕτω
641 488 803 545 ἐφάνη,

847 485 953 544 εἶχες
984 486 1039 530 ἂν
1059 486 1139 543 τὴν
1170 485 1356 544 ἀρχαίην
1382 505 1436 542 γι
1439 506 1496 530 ω-

230 575 366 614 manv,
417 556 498 600 οὐκ
526 558 610 600 ἐών
638 573 689 612 με
719 555 1032 611 στρατεύεσθαι
1069 555 1137 598 ἐπὶ
1177 555 1257 611 τὴν
1285 553 1495 605 Ελλάδα,
1507 564 1550 597 85

231 626 288 682 ,,ὴ“
326 625 523 680 μετέστης
560 624 638 676 ἄν,

201 694 277 736 30
315 692 360 736 δὲ
398 690 594 749 ἀμείβετο
635 692 795 749 λέγων·

688 625 794 680 φέρε
831 641 906 680 μοι
949 626 1081 667 τοῦτο
1111 622 1324 679 ἀτρεκέως
1362 623 1479 666 εἰπέὲ

848 687 934 744 ,Ὦ
973 694 1176 747 βασιλεῦ,
1218 689 1320 743 ὄψις
1350 692 1429 747 μὲν
1465 691 1492 748 ἡ

225 760 508 814 „grammatea
528 764 607 804 τοῦ
639 759 839 814 ὀνείρου,
872 758 929 811 ὥς
959 758 1212 816 βουλόμεθα
1235 758 1488 816 ἀμφότεροι,

197 828 528 883 4,,τελευτήσειε.

587 829 670 884 ἐγώ
704 828 740 873 δ’
770 830 831 874 ἔτι
861 829 932 872 καὶ
964 829 1006 879 ἐς
1034 827 1134 871 τόδε
1169 827 1369 883 δείματός
1399 829 1485 882 εἰμι

220 894 482 948 ,,ὑπόπλεος,
532 895 627 940 οὐδ’
665 895 788 948 ἐντός
828 897 1070 953 ἐμεωυτοῦ·
1114 893 1225 939 ἄλλα
1264 912 1309 940 τε
1348 895 1545 939 πολλοὶ9ο

223 963 576 1019 ,,ἐπιλεγόμενος,
615 964 687 1007 καὶ
727 963 780 1020 δή
813 965 881 1007 καὶ
915 964 1056 1019 ὁρέων
1084 981 1149 1009 τοι
1172 963 1255 1008 δύο
1285 963 1338 1007 τὰ
1377 963 1489 1019 μέγι-

222 1042 327 1084 ,,στα
356 1031 534 1075 πάντων
569 1032 698 1076 ἐόντα
727 1032 1067 1088 πολεμιώτατα.“

869 1100 1106 1157 ,,Δαιμο’νιε
1143 1100 1344 1155 α’νδρῶν,
1386 1105 1487 1144 κοῖα

215 1101 354 1142 ταῦτα
405 1097 602 1157 ἀμείβετο
647 1102 811 1144 τοῖσδε·

1112 1033 1274 1089 ,Ξέρξης
1304 1033 1350 1076 δὲ
1379 1033 1491 1087 πρὸς

218 1170 380 1218 ,,ταῦτα
419 1169 554 1223 λέγεις
596 1166 707 1212 εἶναι
749 1167 830 1212 δύο
860 1186 935 1224 μοι
971 1169 1296 1225 πολεμιώτατα,-
1326 1168 1485 1223 κότερά

218 1252 314 1287 ,,τοι
344 1234 367 1279 ὁ
399 1235 525 1289 πεζὸς
556 1236 745 1292 μεμπτὸς
774 1236 882 1281 κατὰ
903 1236 951 1281 τὸ
983 1237 1152 1295 πλῆθός
1192 1238 1303 1291 ἐστι,
1334 1237 1409 1281 καὶ
1437 1236 1542 1280 τό95

215 1303 501 1360 ,,Ἑλληνικὸν
533 1305 779 1361 στράτευμα
809 1307 1011 1362 φαίνεται
1051 1305 1379 1362 πολλαπλήσιον
1399 1305 1484 1348 ἔσε-

215 1377 347 1423 ,,σθαι
384 1376 466 1416 τοῦ
504 1372 743 1430 ἡμετέρους
794 1373 824 1431 ἢ
851 1374 900 1418 τὸ
940 1372 1151 1418 ναυτικόν
1185 1372 1234 1416 τὸ
1276 1372 1485 1430 ἡμέτερον

152 1548 215 1585 ius
253 1549 338 1585 loco
370 1546 550 1599 equidem
574 1559 663 1583 cum
685 1546 819 1597 Gaisf„

154 1605 340 1655 probante
350 1603 608 1655 Schweigh.‚e
629 1604 822 1641 Sancrosti

154 1662 250 1698 libro
272 1663 423 1712 reposui
444 1659 633 1711 διαιρέαι,
656 1662 768 1711 plane
779 1668 821 1698 ut

154 1719 235 1765 VII,
267 1718 321 1759 50
348 1720 431 1755 init.
463 1718 517 1759 52
553 1716 721 1769 φοβέαι,
753 1719 820 1755 ubi

154 1773 254 1811 lianc
283 1776 489 1812 lectionem
527 1775 608 1825 ipse
645 1773 818 1811 exhibuit

154 1829 350 1868 Matthiae.
403 1829 561 1867 Bekker
580 1831 735 1867 retinuit
756 1831 818 1869 δι·-

156 1886 316 1938 αιρέεαι,
346 1887 411 1925 sed
432 1889 513 1934 vn,
537 1887 590 1927 52
613 1886 717 1923 dedit
740 1902 818 1937 φο-

152 1944 254 1995 βέαι.
312 1943 374 1981 Ad
412 1944 519 1982 verbi
554 1944 723 1995 διαιρεῖν
743 1957 818 1980 no-

152 2002 298 2038 tionem
325 2001 426 2038 conf.
458 1999 507 2037 ad
540 2001 620 2048 VII,
654 2003 704 2040 16
733 2001 770 2046 §.
792 2003 817 2041 3

151 2059 275 2095 allata.
290 2080 345 2085 —-
365 2059 410 2094 Iu
430 2058 607 2108 proxime
628 2070 734 2108 seqq.
756 2070 818 2093 re—

150 2115 248 2151 tinui
269 2111 531 2166 μεμυεώμεθα
552 2115 601 2151 ob
612 2115 818 2150 meliorum

154 2170 265 2209 codd.
287 2172 564 2209 auctoritatem.
594 2171 720 2221 Vulgo
749 2182 819 2221 με-

154 2223 350 2278 μνώμεθα
380 2241 468 2264 cum
500 2226 673 2266 Eustath.
701 2226 748 2265 ad
768 2228 812 2264 11.

154 2296 241 2334 pag.
262 2286 355 2332 767,
377 2287 429 2325 36
444 2298 474 2321 s,
496 2284 590 2334 674,
616 2287 652 2324 1.

207 2338 353 2390 χρηστά
408 2339 558 2390 ἔχοντες
601 2336 812 2392 πρήγματα

150 2394 193 2434 ἐν
225 2396 376 2445 χερσί.]
430 2398 488 2432 De
518 2396 589 2433 hac
619 2399 811 2434 locutione

150 2451 254 2489 cons.
275 2453 353 2488 citt.
375 2451 423 2488 ad
451 2453 532 2500 VII,
558 2455 608 2494 16
630 2455 667 2499 §.
688 2457 728 2495 3.
767 2455 811 2490 In

151 2521 258 2559 seqq.
295 2507 343 2544 ad
364 2521 500 2545 vocem
521 2507 688 2561 ἐναργής
709 2511 810 2549 conf.

152 2571 246 2601 nott.
268 2563 316 2600 ad
338 2564 382 2611 V,
405 2563 473 2604 55.
515 2566 637 2602 Paulo
656 2566 812 2603 iuferius

154 2621 315 2656 verbum
353 2622 537 2659 τελευτᾶν
576 2620 623 2657 de
671 2624 815 2659 somniis

154 2675 309 2723 dicitur,
364 2689 462 2728 quae
500 2682 627 2714 exeunt
665 2691 695 2715 s.
725 2691 814 2729 quae

154 2732 381 2780 complentur,
411 2740 453 2770 ut
472 2734 538 2780 111,
564 2733 655 2773 125.

211 2783 297 2826 οὐδ’
323 2785 434 2836 ἐντός
463 2788 692 2841 ἐμεωυτοῦ]
722 2790 749 2829 i.
778 2804 812 2831 e.

875 1561 938 1586 nec
961 1549 1049 1586 satis
1068 1549 1136 1585 mei
1164 1559 1239 1584 sum
1261 1558 1406 1596 compos.
1464 1545 1541 1581 Εο-

878 1604 968 1642 dem
996 1603 1113 1642 modo
1148 1605 1283 1641 Noster
1312 1603 1460 1640 locutus
1486 1609 1542 1639 est

875 1663 905 1710 Ι,
941 1664 1033 1702 119.
1083 1659 1186 1698 Add.
1218 1657 1468 1697 Demosthen.
1499 1659 1540 1695 in

875 1717 1102 1756 Phormion.
1144 1731 1183 1769 p.
1224 1718 1304 1757 913
1341 1714 1472 1754 Reisk.
1503 1722 1541 1752 et

873 1774 1012 1813 Suidas
1042 1789 1073 1816 s.
1102 1788 1140 1813 v.
1169 1770 1294 1821 ἐντός.
1352 1773 1439 1809 Alia
1469 1771 1540 1809 da-

873 1834 928 1869 bit
956 1829 1175 1870 Blomfield.
1209 1831 1250 1866 in
1284 1830 1450 1866 Glossar.
1490 1827 1539 1865 ad

873 1887 1054 1941 Aeschyl.
1085 1885 1302 1938 Choephor.
1323 1888 1420 1927 227.
1440 1885 1540 1922 Ver-

874 1947 969 1982 bum
1007 1942 1260 1995 ἔπιλέγεσθαι
1288 1955 1400 1979 secum
1436 1954 1538 1992 repu-

870 2002 996 2050 tandi,
1029 2000 1282 2039 considerandi
1298 2000 1456 2036 notione
1477 2005 1537 2036 at-

868 2060 1024 2110 figimus
1045 2057 1093 2095 ad
1114 2058 1159 2106 V,
1182 2060 1249 2098 30.
1287 2057 1352 2105 VI,
1374 2057 1413 2096 9.

1059 2182 1150 2233 Cap.
1172 2182 1344 2219 XLVIII.

924 2279 1147 2336 Δαιμόνιε]
1176 2282 1264 2324 Vid.
1284 2290 1380 2321 nott.
1402 2282 1451 2321 ad
1471 2284 1535 2332 IV,

870 2343 965 2383 126.
1041 2342 1135 2378 Mox
1173 2353 1195 2377 e
1238 2341 1403 2378 Florent.
1445 2354 1534 2378 cum

869 2397 1082 2436 Gaisfordio
1103 2397 1204 2435 edidi
1225 2393 1328 2437 εἶναι
1352 2393 1428 2437 δύο
1452 2413 1535 2448 μοι,

867 2456 935 2492 ubi
953 2456 1121 2507 reliquae
1133 2454 1220 2492 edd.
1235 2469 1302 2505 μοι
1323 2450 1425 2494 εἶναι
1446 2450 1534 2494 δύο.

868 2511 932 2548 Ad
966 2526 1105 2550 vocem
1131 2508 1433 2562 πολλαπλήσιον
1455 2509 1532 2549 vid.

869 2575 966 2607 nott.
996 2568 1045 2605 ad
1073 2570 1121 2618 V,
1141 2567 1195 2610 45
1223 2575 1259 2605 et
1287 2567 1334 2605 de
1365 2568 1534 2618 genitivo

869 2626 942 2662 τοῦ
961 2623 1168 2677 ἡμετέρου,
1190 2625 1256 2677 qui
1276 2625 1531 2675 subsequitur,

869 2680 1005 2719 Matth.
1034 2683 1102 2718 Gr.
1130 2683 1198 2718 Gr.
1235 2683 1273 2726 ξ.
1312 2682 1394 2722 356
1444 2691 1531 2729 Pag-

871 2739 965 2777 670.
1009 2739 1156 2775 Vocem
1177 2733 1338 2789 ἄγερσιν
1359 2737 1465 2786 attigi
1487 2733 1535 2771 ad

868 2793 949 2842 VII,
971 2792 1011 2835 5.
