1897 3340
434 236 1094 278 TERPSICHORE.
1152 235 1199 272 V.
1371 237 1454 275 213

181 350 311 405 νηυσὶ
342 348 568 404 διαβάντες
597 346 642 389 ἐκ
670 348 746 401 τῆς
770 346 980 401 Κιλικίης,
1008 344 1138 399 ἤϊσαν
1169 343 1237 387 ἐπὶ
1265 342 1346 399 τὴν
1367 347 1454 386 Σα-

180 421 339 473 λαμῖνα
367 419 494 472 πεζῇ·
524 418 624 470 τῇσι
646 413 692 456 δὲ
722 414 852 469 νηυσὶ
884 414 926 456 οἱ
954 414 1158 461 Φοίνικες
1183 412 1454 466 περιέπλωον

181 485 260 540 τήν
303 483 464 539 ἄκρην,
525 484 572 524 αἳ
614 484 848 524 καλεῦνται
893 483 1078 538 Κληῖδες
1125 483 1200 543 τῆς
1248 479 1453 534 Κύπρου.

1 554 113 599 1109
189 551 359 595 Τούτου
391 551 436 593 δὲ
456 548 668 593 τοιούτου
695 548 953 604 γινομένου,
986 549 1132 600 ἔλεξαν
1163 549 1207 591 οἱ
1234 546 1448 601 τύραννοι
1462 553 1508 588 80

177 623 252 676 τῆς
281 617 492 672 Κύπρου,
524 616 868 672 συγκαλέσαντες
896 620 987 660 τῶν
1004 614 1165 672 Ἰώνων
1193 615 1298 666 τοὺς
1327 627 1453 670 στρα-

175 686 352 743 τηγούς·
382 684 579 740 ,ξἈνδρες
596 683 755 737 Ἴωνες,
787 686 956 738 αἵρεσιν
983 683 1091 740 ὑμῖν
1119 685 1298 739 δίδομεν
1329 681 1452 739 ἡμεῖς

175 756 249 808 ,,οῑ
282 753 498 807 Κύπριοι,
550 752 795 807 ὁκοτέροισι
838 753 1055 809 βούλεσθε
1104 751 1450 807 προσφέρεσθαι,

145 821 231 878 2,,ἠ“
262 823 483 879 Πέρσῃσι,
513 820 541 877 ἢ
574 821 757 874 Φοίνιξι.
799 822 836 864 εἰ
864 821 945 877 μὲν
983 820 1070 877 γάρ
1101 823 1206 877 πεζῇ
1236 818 1507 875 βούλεσθεὸὅ

119 995 272 1046 aliquem
300 995 430 1043 locum,
467 996 660 1046 attigimus
681 994 729 1033 ad
750 997 779 1043 Ι,

119 1055 187 1092 21.
243 1053 416 1090 Annotat
443 1051 629 1090 Valcken.
661 1052 709 1090 ad
739 1051 778 1090 h.

113 1108 139 1146 l.
160 1121 272 1146 voces
288 1108 327 1156 ἐς
344 1106 418 1160 τήν
442 1105 614 1161 Κύπρον
634 1110 673 1145 in
692 1122 780 1146 me-

115 1164 177 1202 dio
198 1167 336 1216 positas
364 1180 485 1219 aeque
511 1168 700 1217 pertinere
731 1165 779 1203 ad

112 1225 311 1274 sequentia
332 1222 419 1273 (καὶ
442 1223 483 1263 οἷ
504 1223 687 1274 Πέρσαι),
720 1230 780 1260 at—

114 1292 190 1331 que
220 1279 269 1316 ad
300 1293 366 1328 ea,
415 1293 513 1332 quae
553 1279 780 1316 antecedant

114 1334 266 1384 (Ἴωνές
299 1351 339 1375 τε
371 1334 420 1385 δή
452 1338 657 1388 παρῆσαν)
702 1335 776 1373 hoc

112 1393 192 1429 fere
213 1404 347 1430 sensu:
381 1393 467 1431 Cum
495 1406 512 1430 e
540 1392 669 1430 Cilicia
691 1392 776 1430 Per-

113 1462 172 1486 sae
199 1451 346 1487 navibus
372 1452 409 1487 in
438 1463 533 1487 oram
555 1449 668 1500 Cypri
686 1449 775 1487 Cili-

111 1508 189 1543 ciae
218 1507 439 1544 traiecissem
471 1509 675 1556 oppositam,
705 1504 768 1557 ἤϊ-

112 1574 186 1601 σαν
217 1562 279 1602 ἐπὶ
317 1560 390 1613 τήν
422 1565 644 1613 Σαλαμῖνος
660 1564 772 1617 πεζῇ,

109 1619 210 1656 illinc
234 1619 365 1657 relictis
386 1620 538 1656 navibus
557 1621 683 1656 itinere
704 1623 773 1656 ter-

39 1703 43 1706 .
109 1679 214 1713 restra·
232 1677 331 1713 ibant
349 1689 469 1713 versas
492 1675 698 1722 Salamina,
727 1677 768 1712 in

108 1733 225 1770 altera
252 1734 398 1770 insulae
432 1740 539 1784 parte
567 1735 679 1770 sitam
696 1733 775 1784 Sy-

108 1791 185 1825 riae
235 1791 438 1827 obiectam.
509 1790 593 1835 Quo
635 1788 774 1826 eodem

105 1853 288 1884 monente
327 1848 470 1883 Paulus
513 1854 550 1883 et
580 1847 774 1883 Barnabas

107 1903 283 1941 Seleucia
314 1916 412 1941 nave
441 1904 602 1954 profecti
632 1905 671 1939 in
695 1905 774 1954 Cy-

106 1974 220 2011 prum
250 1962 419 2012 primum
451 1967 639 1997 venerunt
661 1961 772 1997 Sala-

106 2019 234 2066 mina,
266 2019 367 2054 Actt.
398 2019 533 2068 Apost.
572 2019 687 2065 XIII,
731 2017 770 2065 5,

105 2087 200 2111 mox
232 2074 411 2111 dicuntur
442 2075 608 2111 insulam
638 2074 770 2125 perlu-

105 2138 237 2168 strasse
259 2145 379 2183 usqne
393 2130 441 2168 ad
452 2130 647 2181 Paphum,
670 2144 769 2182 quae

106 2201 227 2239 quum
260 2190 297 2224 in
321 2189 494 2225 orientali
516 2189 633 2239 Cypri
652 2189 770 2231 latere

106 2253 202 2282 esset
221 2246 303 2293 sita,
325 2244 475 2298 hinc-in
496 2243 770 2297 Pamphyliam

104 2304 334 2339 traiecerunt
354 2303 540 2353 Apostoli.

162 2360 205 2398 αἳ
240 2362 452 2398 καλεῦνται
493 2358 667 2408 Κληῖδες
695 2360 769 2408 τῆς

107 2412 296 2466 Κύπρου]
338 2415 401 2452 Ad
430 2422 661 2452 structuram
692 2416 768 2452 loci

104 2471 180 2509 vid.
202 2471 339 2509 Matth.
369 2474 433 2509 Gr.
460 2473 527 2509 Gr.
557 2485 646 2523 pag.
669 2475 765 2513 822.

105 2530 317 2566 Hermann.
343 2529 392 2566 ad
415 2529 543 2579 Viger.
564 2542 651 2580 pag.
669 2530 765 2569 708.

105 2586 180 2621 Pro
202 2586 373 2636 Κληῖδες
392 2593 467 2622 tres
487 2586 572 2622 libri
593 2586 764 2635 Κλῆόες,

105 2641 230 2678 Attica
249 2643 385 2691 forma,
407 2655 497 2679 cum
513 2640 608 2678 illud
620 2642 667 2677 sit
679 2654 766 2678 ma-

105 2697 161 2746 gis
179 2699 331 2736 Ionum.
371 2701 438 2736 Tu
458 2699 560 2737 conf.
579 2696 765 2737 Valcken.

106 2752 154 2789 ad
171 2754 344 2805 Euripid.
364 2755 562 2793 Phoeniss.
593 2768 648 2792 vs.
670 2756 765 2795 268.

105 2810 384 2861 W'esselingius
415 2811 464 2849 ad
493 2811 532 2849 h.
570 2813 596 2848 l.
636 2809 767 2848 laudat

104 2864 317 2917 Antholog.
331 2869 385 2904 111
407 2882 446 2919 p.
467 2871 548 2909 366
573 2865 766 2917 [Brunck.

837 996 1032 1033 Analectt.
1054 996 1106 1032 T.
1127 996 1163 1031 Π
1181 1007 1268 1045 pag.
1289 993 1358 1034 44.
1379 993 1429 1030 Τ.
1454 994 1506 1029 111

836 1065 924 1104 pag.
957 1052 1011 1094 45
1038 1052 1205 1100 Iacost,
1235 1052 1301 1087 ubi
1335 1051 1508 1102 Κληῖδες

837 1107 989 1149 πόντου
1020 1108 1087 1148 καὶ
1117 1106 1289 1159 ἐσχατιαὶ
1324 1110 1505 1158 Σαλαμῖ-

837 1182 920 1212 νος.
953 1166 1065 1203 Conf.
1085 1166 1227 1202 Meurs.
1251 1165 1366 1216 Cypr.
1387 1166 1417 1212 Ι,
1437 1167 1506 1206 27.

837 1224 955 1260 Teste
987 1223 1177 1260 Strabone
1208 1222 1299 1259 XIV
1327 1235 1366 1272 p.
1398 1223 1506 1261 1000

838 1280 882 1316 C.
909 1293 938 1317 s.
970 1293 1009 1330 p.
1040 1281 1122 1320 682
1155 1278 1274 1316 clides
1301 1275 1503 1329 (Κλεῖδες)

836 1343 1024 1374 vocantur
1062 1336 1209 1372 insulae
1248 1336 1412 1385 exiguae
1442 1347 1503 1371 se—

835 1400 942 1444 ptem
971 1391 1100 1430 stadiis
1130 1399 1303 1429 remotae
1335 1404 1357 1428 a
1384 1391 1502 1427 fluvio

833 1451 1003 1502 Pyramo
1032 1462 1152 1500 prope
1183 1449 1365 1485 orientale
1387 1448 1503 1499 Cypri

832 1507 952 1554 latus,
991 1505 1096 1543 unde
1120 1506 1267 1542 Plinius
1296 1507 1346 1542 Η.
1376 1506 1424 1542 Ν.
1456 1505 1502 1553 V,

831 1565 877 1604 31
908 1561 1025 1612 (35):
1069 1569 1260 1614 „quatuor
1293 1569 1380 1598 ante
1409 1574 1502 1612 pro-

830 1621 1073 1656 montorium
1094 1633 1143 1655 ex
1173 1618 1332 1656 adverso
1363 1618 1500 1670 Syriae

834 1676 993 1714 Clides.“
1052 1675 1147 1713 Inde
1166 1674 1272 1713 idem
1292 1688 1438 1712 nomen
1459 1676 1499 1711 in

832 1735 1142 1784 promontorium
1170 1734 1343 1771 vicinum
1373 1739 1500 1769 trans-

833 1791 956 1827 latum
970 1791 1084 1827 fuisse
1096 1789 1259 1837 videtur,
1274 1788 1378 1841 quod
1388 1789 1498 1827 Stra-

831 1847 924 1884 boni
952 1848 979 1884 l.
1007 1847 1032 1886 l.
1068 1860 1157 1897 pag.
1201 1849 1309 1887 1002
1340 1853 1500 1883 vocatur

831 1899 1052 1953 Βοόσουρα,
1075 1904 1241 1941 Ptolem.
1267 1898 1380 1954 Ου’ροῖ
1402 1899 1499 1953 βοός

831 1958 944 2010 (bovis
956 1960 1107 2009 cauda).
1128 1961 1254 1996 Plinio
1265 1960 1290 1995 l.
1305 1960 1329 1996 l.
1345 1958 1498 1996 videtur

831 2030 910 2054 esse
930 2017 1156 2054 Dinaretum.
1179 2016 1289 2053 Conf.
1302 2017 1494 2053 Mannert.

829 2075 972 2124 Geogr.
992 2075 1056 2122 VI,
1082 2077 1101 2114 1
1125 2087 1214 2125 pag.
1238 2074 1334 2114 570.

1047 2177 1139 2227 Cap.
1164 2176 1265 2212 CIX.

889 2239 1044 2284 Τούτου
1069 2241 1111 2283 δὲ
1133 2239 1320 2283 τοιούτου
1340 2241 1494 2296 γινομέ-

762 2320 765 2321 ’
826 2303 927 2350 νου]
961 2301 1110 2338 Eadem
1143 2300 1294 2337 dicendi
1323 2301 1418 2336 ratio
1447 2301 1492 2347 V,

829 2356 986 2397 114—
1000 2359 1041 2397 οἱ
1056 2353 1247 2409 τύραννοι
1263 2356 1382 2393 iidem
1392 2364 1493 2404 sunt,

826 2416 893 2466 qui
912 2416 958 2463 V,
983 2418 1063 2455 110
1095 2416 1182 2451 coll.
1207 2417 1300 2454 113.
1319 2414 1402 2461 VII,
1425 2415 1492 2454 90.

824 2479 1011 2509 vocantur
1033 2470 1074 2510 οἵ
1099 2469 1290 2522 βασιλέες,
1323 2472 1388 2523 qui
1409 2471 1489 2506 scil.

824 2542 954 2565 rerum
984 2529 1094 2579 potiti
1124 2535 1233 2564 erant
1263 2529 1303 2564 in
1331 2527 1491 2577 singulis
1533 2550 1539 2554 ›

824 2586 942 2636 Cypri
967 2586 1192 2622 civitatibus.
1250 2585 1345 2621 Mox
1365 2595 1470 2635 προσ

824 2641 1024 2694 φέρεσθαι
1039 2643 1140 2679 valet
1150 2641 1319 2690 congredi
1338 2653 1414 2678 cum
1424 2641 1490 2677 lco-

822 2703 894 2745 ste,
915 2701 1071 2736 cominus
1090 2699 1248 2748 aggredi
1259 2727 1269 2746 ‚
1300 2705 1343 2734 ut
1363 2697 1408 2741 V,
1421 2695 1489 2744 34,

823 2756 902 2792 aliis
930 2757 1022 2792 locis
1054 2769 1075 2792 a
1096 2753 1318 2805 Schweigh.
1338 2755 1379 2789 in
1394 2755 1492 2791 LeX.

824 2811 968 2849 Herod.
994 2826 1023 2849 S.
1043 2826 1080 2851 v.
1104 2813 1224 2848 allatis
1247 2834 1297 2838 -—
1319 2808 1382 2846 Ad
1403 2821 1491 2845 ver-

822 2869 916 2906 bum
934 2869 1222 2920 διαπειρᾶσθαι
1234 2866 1410 2911 conf.III,
1426 2863 1489 2904 14.
