1897 3340
488 187 1130 225 TERPSICMORE.
1191 187 1234 222 V.
1444 191 1491 228 4]

241 303 296 355 ζῳ
326 302 399 354 τῆς
429 296 703 351 στρατηγίης,
745 295 1010 347 Βυζαντίους
1041 310 1084 337 τε
1113 294 1195 339 εἷλε
1226 296 1298 338 καὶ
1330 297 1491 349 Καλχη·
1553 308 1809 373 ιᾶεῃιὶτιηίριὲῖᾗὶιίπξ

238 368 431 415 δονίους·
469 360 550 406 εἷλε
576 363 620 405 δὲ
638 361 920 416 Ἄντανδρον,
949 362 1026 418 τὴν
1056 362 1102 405 ἓν
1130 368 1182 420 τῇ
1211 362 1386 416 Τρωάδι
1412 365 1660 418 γῇ·7οιιῑι-ιιε,
1682 375 1825 402 Lemnum

239 431 320 477 εἷλε
351 432 395 475 δὲ
425 428 715 485 Λαμπώνιον·
748 430 894 486 λαβὼν
924 430 970 473 δὲ
1000 430 1118 485 παρά
1150 434 1348 487 Λεσβίων
1379 429 1494 479 νέας,
1555 408 1801 499 {¹i‚i}¹l;¹3¹=‘=⁷=‹iii¹‹i'i‘1¹1ii¹1‘

239 499 320 544 εἷλε
350 497 530 553 Λῆμνόν
572 514 615 542 τε
657 498 729 541 καὶ
761 498 962 554 Ἴμβρον,
1014 496 1263 555 ἀμφοτέρας
1304 501 1362 543 ἔτι
1400 497 1497 541 τότε
1555 482 1812 542 «Ιιῖιιῖιῗῇᾞ-ιῖῙῖῙῑῨε

115 565 181 609 27
237 566 321 610 ’ὑπό
364 570 603 622 Πελασγῶν
640 565 903 622 οἰκεομένας.
978 568 1053 619 (Οἵ
1093 567 1170 622 μὲν
1211 566 1263 622 δὴ
1304 566 1492 622 Λήμνιοι
1554 574 1684 600 hem-iis
1717 575 1797 601 hwa

1552 602 1826 639 retuffiMaezfndrii

1553 642 1649 677 reguli
1669 642 1785 669 Samio-

376 764 469 816 Cap.
497 766 639 803 XXVI.

234 822 476 868 Βυζαντίους
492 837 532 861 τε
552 818 629 861 εἷλε
647 821 716 862 καὶ
728 824 837 859 Καλ-

179 878 420 927 χηδονίους]
455 879 564 915 Conf.
586 886 682 917 nott.
706 877 754 915 ad
774 879 836 925 lv,

184 933 274 974 144.
332 936 543 972 Autanclrus
564 937 652 972 urbs
675 935 720 972 ad
744 936 837 971 Ale-

178 990 407 1039 xandream,
448 994 513 1044 qui
540 1005 650 1029 mons
678 992 768 1029 Idae
790 990 838 1028 ad

178 1060 283 1083 mare
322 1061 442 1099 usque
481 1051 735 1100 procurrentis
767 1062 838 1084 ex—

178 1111 299 1140 trema
318 1105 432 1141 fuisse
452 1105 601 1142 videtur
631 1119 737 1157 pars,
768 1107 837 1142 sita

178 1174 296 1211 prope
336 1162 463 1198 sinum
497 1162 835 1214 Adramyttenum.

178 1217 266 1254 Vid.
287 1217 412 1255 Strab.
434 1220 526 1255 XIII
547 1234 585 1270 p.
608 1222 689 1260 606
701 1234 729 1256 S.
755 1222 835 1259 903

179 1275 212 1310 D
241 1287 321 1326 seq.
353 1274 539 1326 Stephan.
570 1277 665 1326 Byz.
687 1289 716 1312 s.
737 1289 775 1311 v.
797 1289 836 1325 p.

181 1330 260 1370 135
284 1338 319 1367 et
331 1344 427 1382 quae
440 1333 511 1368 alia
531 1333 736 1369 attulerunt
750 1332 839 1368 Cel-

179 1387 292 1424 larius
312 1388 352 1423 in
372 1389 489 1425 Notit.
512 1389 599 1426 Orb.
621 1389 751 1440 Antiq.
773 1390 839 1435 ΙΙΙ,

180 1445 218 1483 3.
241 1445 356 1480 Tom.
377 1446 412 1480 II
432 1458 519 1495 pag.
541 1448 593 1485 43
615 1459 695 1496 seq.
725 1446 839 1480 Mau—

178 1501 347 1548 nert.VI‚
358 1503 381 1540 3
398 1514 485 1551 pag.
498 1499 592 1541 418.
609 1499 839 1538 Tzschucke

180 1555 228 1592 ad
246 1558 336 1594 Mel.
357 1558 385 1605 I,
412 1560 460 1597 18
483 1559 519 1603 ξ.
542 1560 568 1597 2
587 1571 626 1608 p.
648 1558 729 1599 527
751 1558 836 1594 Vol.

178 1614 233 1649 111
263 1614 308 1650 P.
338 1614 354 1648 I
393 1621 488 1651 nott.
525 1627 661 1665 exegg.
726 1613 838 1650 Unde

178 1667 282 1707 haud
314 1669 428 1720 longe
459 1678 652 1708 remotum
681 1669 839 1722 Lampo-

178 1728 275 1764 m'um
315 1726 520 1777 oppidum,
570 1729 616 1765 ab
655 1728 838 1765 Aeolibus

180 1783 377 1820 conditum
395 1785 494 1821 inter
513 1783 759 1821 Antandrum
779 1791 839 1821 at-

182 1854 257 1892 que
289 1841 470 1890 Gargara.
530 1842 710 1879 Straboni
747 1843 840 1878 XIII

182 1910 219 1947 p-
241 1900 322 1938 610
343 1911 371 1934 S·
386 1899 466 1938 909
479 1898 511 1934 A
527 1905 582 1935 est
597 1899 840 1949 Λαμπωνία,

183 1952 378 2004 Stephano
416 1955 578 2006 Byzant.
617 1968 706 2006 pag.
744 1956 839 1996 508.

182 2007 453 2061 Λαμπώνεια,
483 2007 599 2058 πόλις
623 2007 821 2064 Τρωάδος.

240 2063 464 2118 ἀμφοτέρας
489 2067 542 2107 ἔτι
560 2064 640 2108 τότε
662 2065 742 2108 ὑπὸ
764 2070 839 2107 Πε-

184 2125 340 2175 λασγῶν
370 2124 628 2176 οἰκεομένας]
660 2126 841 2176 Respexit

184 2179 398 2218 Herodotea
426 2181 646 2219 Eustathius
677 2181 725 2219 ad
744 2183 841 2219 Dio-

182 2249 265 2288 nys.
286 2238 474 2288 Perieget.
496 2253 551 2276 vs.
581 2238 676 2280 347.
696 2261 751 2266 —
781 2240 840 2275 De

183 2293 350 2344 Pelasgis
369 2296 563 2332 Lemnum
589 2296 840 2348 Imbrumque

184 2351 397 2387 tenentibus
419 2352 610 2404 quaedam
644 2353 839 2390 attulimus

185 2405 234 2443 ad
254 2408 317 2454 IV,
342 2406 432 2449 145.
474 2408 574 2446 Add.
603 2422 624 2445 a
646 2409 714 2446 Cr.
736 2408 839 2447 laud.

186 2463 228 2499 C.
250 2464 294 2501 O.
313 2465 462 2502 Miiller.
492 2465 721 2503 Orchomen.
751 2479 839 2517 pag.

187 2518 281 2560 438.
338 2520 654 2572 Expeditionem,
686 2522 733 2560 de
765 2523 839 2574 qua

187 2573 247 2611 hic
268 2577 391 2626 agitur
407 2607 416 2625 ,
456 2580 487 2615 si
518 2578 566 2616 ad
584 2578 679 2616 illud
698 2580 840 2616 refera-

189 2643 271 2669 mus
285 2639 446 2684 tempus,
477 2649 553 2686 quo
575 2637 712 2673 Otanes
733 2638 845 2673 aDa-

192 2687 245 2724 rio
266 2689 336 2725 fuit
356 2692 578 2730 constitutus
600 2692 680 2729 dux
714 2692 845 2745 (quod

193 2750 275 2792 post
304 2745 525 2795 Scythicam
559 2748 843 2800 expeditionem

194 2799 217 2834 i.
241 2812 274 2836 e.
302 2809 385 2850 post
420 2803 515 2845 507.
546 2806 627 2847 508
649 2818 683 2842 a.
705 2804 775 2843 Ch.
806 2820 845 2843 n.

895 763 1050 801 accidit:
1085 777 1159 816 quo
1179 766 1260 814 ipso
1281 763 1359 800 fere
1380 771 1552 813 tempore

895 822 1043 871 Pelasgi
1062 822 1225 858 insulam
1248 820 1373 857 adhuc
1389 821 1551 856 tenuisse

893 878 1092 928 feruntur)
1108 908 1117 925 ‚
1161 877 1200 914 id
1229 879 1388 914 minime
1409 890 1553 913 conve—

894 936 972 971 niet
993 948 1083 971 cum
1105 948 1149 971 eo
1164 964 1173 981 ‚
1212 933 1315 986 quod
1337 935 1414 970 iam
1434 934 1551 970 tribus

894 998 982 1028 ante
1004 993 1111 1028 annis
1144 992 1323 1041 Pelasgos
1346 1005 1392 1027 ex
1414 989 1470 1027 his
1491 992 1552 1025 in-

893 1049 983 1085 sulis
1027 1049 1178 1086 eiecisse
1215 1048 1334 1084 fertur
1365 1046 1552 1083 Miltiades

893 1106 956 1152 VI,
981 1108 1074 1146 139.
1113 1106 1237 1150 Quare
1257 1103 1436 1141 Larcheri
1457 1102 1552 1141 haec

894 1169 949 1199 est
968 1163 1130 1213 suspicio
1145 1192 1154 1210 ‚
1178 1162 1338 1199 Otanem
1353 1191 1362 1209 ‚
1382 1163 1460 1198 iam
1482 1175 1552 1197 an-

892 1226 1049 1270 tequam
1060 1219 1268 1269 Megabazo
1290 1220 1326 1254 in
1339 1219 1553 1268 Europaei—

895 1289 961 1312 cae
991 1277 1210 1326 provinciae
1239 1277 1399 1326 imperio
1420 1288 1553 1311 succe-—

897 1331 1024 1379 deret,
1066 1331 1280 1382 praesidem
1316 1332 1428 1368 fuisse
1465 1345 1552 1367 orae

894 1390 1107 1425 maritimae
1127 1389 1327 1433 Asiaticae,
1347 1387 1450 1425 unde
1463 1401 1553 1438 pro—

894 1446 1014 1481 fectus
1041 1446 1119 1481 iam
1139 1453 1272 1492 antea,
1311 1458 1411 1481 anno
1433 1445 1553 1480 ferme

895 1500 972 1541 511
997 1515 1026 1537 s.
1048 1501 1149 1549 512,
1170 1503 1320 1538 Lemno
1341 1510 1454 1553 atque
1475 1504 1554 1537 Ι111-

895 1558 963 1594 bro
985 1559 1031 1594 sit
1040 1559 1182 1608 potitus
1193 1559 1449 1610 Pelasgosque
1459 1560 1552 1594 Per-

894 1627 1022 1651 sarum
1060 1615 1267 1666 imperium
1306 1622 1553 1665 agnoscentes

895 1672 933 1707 in
947 1671 1157 1708 insularum
1169 1670 1306 1709 harum
1322 1673 1553 1723 possessione

896 1730 1090 1780 reliquerit
1108 1758 1117 1776 ‚
1141 1743 1160 1765 e
1177 1742 1251 1781 qua
1273 1742 1374 1766 anno
1396 1728 1554 1766 demum

899 1784 981 1826 510
1003 1785 1204 1823 aMiltiade
1217 1787 1326 1822 eiecti
1345 1787 1431 1823 sint.
1454 1787 1553 1822 Hinc

896 1842 936 1877 in
973 1843 1073 1879 Tab.
1094 1841 1318 1893 chronolog.
1347 1844 1463 1879 Tom.
1485 1844 1552 1880 Vll

895 1912 935 1948 p.
967 1901 1048 1939 633
1078 1900 1252 1936 Imbrum
1282 1901 1553 1951 Lemnumque

898 1955 944 1991 ab
958 1955 1078 1991 Otane
1100 1963 1250 2007 captam
1269 1955 1554 2007 ponitLarche—

896 2025 958 2048 rus
981 2012 1133 2063 Olymp.
1165 2016 1230 2060 67,
1253 2016 1279 2054 2
1298 2014 1376 2050 sive
1398 2026 1498 2050 anno
1519 2027 1552 2050 a.

898 2067 987 2105 Chr.
1026 2082 1066 2105 n.
1100 2069 1177 2109 511
1209 2083 1376 2122 eumque
1405 2077 1555 2107 secutus

898 2126 940 2162 C.
962 2123 1097 2162 Rhode
1118 2126 1157 2162 in
1183 2128 1303 2164 Rebb.
1324 2128 1491 2163 Lemnn.
1516 2141 1554 2178 p.

897 2181 963 2229 49,
1009 2182 1104 2231 (ubi
1132 2197 1200 2233 pro
1230 2183 1255 2224 5
1272 2187 1291 2224 1
1309 2186 1328 2224 1
1353 2197 1554 2234 operarum

896 2240 988 2276 vitio
1017 2240 1156 2290 legitur
1187 2238 1331 2290 551);
1376 2242 1555 2291 Pelasgos

895 2295 986 2333 inde
1016 2298 1287 2334 exterminatos
1320 2296 1424 2334 idem
1448 2300 1553 2349 ponit

896 2365 997 2389 anno
1019 2353 1100 2394 510
1122 2367 1155 2390 a.
1179 2352 1268 2391 Chr.
1289 2367 1328 2391 n.
1349 2368 1378 2392 s.
1401 2355 1555 2406 Olymp.

896 2412 963 2458 67,
986 2412 1025 2450 3.

1087 2489 1180 2540 cap.
1206 2491 1368 2528 xxvn.

953 2578 1004 2618 Οἱ
1027 2575 1099 2630 μὲν
1122 2575 1171 2630 δή
1185 2575 1365 2630 Λήμνιοι
1393 2596 1429 2621 κ.
1449 2597 1480 2619 τ.
1504 2580 1555 2628 L]

902 2637 1005 2672 Haec
1037 2636 1152 2673 verba
1181 2638 1311 2673 omnia
1348 2650 1467 2689 usque
1510 2636 1556 2672 ad

902 2693 1017 2729 verba
1046 2686 1163 2738 οὗτος
1190 2691 1210 2732 ὅ
1232 2690 1471 2743 Λυκάρητος
1502 2708 1555 2731 τε-

903 2751 1019 2803 λευτᾷ
1050 2748 1318 2799 parentheseos
1351 2751 1465 2799 signis
1495 2749 1556 2784 in—

905 2806 1095 2842 cluserunt
1124 2804 1345 2855 Sohweigh.
1376 2812 1411 2841 et
1441 2805 1555 2841 Gaisl'.
