1897 3340
431 238 514 276 146

431 340 663 397 ,,γενέσθαι
702 340 938 395 θυγατέρες
993 340 1114 397 Θήβη
1151 357 1195 384 τε
1236 341 1309 383 καὶ
1351 341 1529 394 Αἴγινα·

838 233 1298 271 HERODOTI

1593 353 1690 382 του·
1703 343 1748 379 60

430 409 566 461 ,,τέων
596 406 822 463 ἀδελφεῶν
851 408 1062 461 ἐουσέων,
1102 408 1241 452 δοκέω
1282 406 1385 463 ἡμῖν
1427 406 1693 461 Αἰγινητέων

432 475 636 527 ,,ὁέεσθαι
665 473 742 518 τὸν
769 474 879 518 θεὸν
907 480 1063 531 χρῆσαι
1100 474 1411 531 τιμωρητήρων
1446 473 1689 529 γενέσθαι.“

399 542 500 585 auat
531 540 586 584 οὐ
614 541 699 597 γάρ
728 557 793 591 τις
821 541 979 598 ταύτης
1009 540 1200 596 ἀμείνων
1227 542 1378 598 γνώμη
1418 540 1560 585 ἐδόκεε
1591 540 1688 594 φαί-

426 614 595 660 νεσθαι,
628 608 785 652 αὐτίκα
814 609 1059 664 πέμψαντες
1086 607 1260 653 ἐδέοντο
1291 610 1573 665 Αἰγινητέων,
1603 608 1688 651 ἐπι-

432 675 690 731 καλεόμενοι
719 674 830 718 κατὰ
859 675 906 719 τὸ
935 675 1200 732 χρηστήριόν
1237 688 1316 731 σφι
1354 674 1579 732 βοηθέειν,
1629 672 1691 724 ὦς
1744 683 1759 691 ”

400 743 595 787 4έόντων
623 742 873 799 οἶγχιστέων.
923 744 967 786 οἱ
1008 742 1055 786 δέ
1092 753 1173 798 σφι
1214 742 1405 787 αἰτέουσι
1433 742 1745 798 έπικουρίηνδό

370 915 527 954 Diodor.
564 916 642 954 Sic.
682 916 747 962 IV,
786 918 853 956 72.
898 915 941 952 C.
986 915 1030 953 Ο.

369 966 519 1010 Mnlle‘r.
549 974 741 1023 Aeginett.
763 972 801 1017 ξ.
821 975 848 1013 2
866 984 955 1022 pag.
980 974 1030 1011 10

370 1044 450 1082 seq.
479 1030 568 1066 coll.
602 1029 703 1076 114,
733 1029 800 1065 ubi
827 1034 960 1065 monet
981 1040 1030 1064 ex

371 1099 416 1123 eo
461 1084 550 1122 inde
580 1092 752 1137 tempore
789 1086 815 1122 i.
855 1099 888 1122 e.
930 1085 1030 1122 circa

370 1143 524 1193 Olymp.
568 1144 642 1190 68,
677 1141 704 1182 4
753 1142 1029 1192 Aeginetarum

370 1212 460 1236 cum
471 1197 667 1236 Thebanis
688 1199 871 1235 exstitisse
879 1197 1028 1244 foedus,

371 1256 599 1302 amicitiam,
629 1254 858 1306 hospitium,
889 1267 910 1290 a
934 1255 1030 1290 Pin-

372 1311 465 1349 daro
485 1310 675 1349 Thebano
691 1313 839 1362 saepius
859 1311 1030 1348 celebra-

368 1375 464 1416 tum,
496 1370 607 1405 Nem.
636 1369 700 1416 IV,
731 1370 799 1409 22.
829 1366 962 1405 Isthm.
982 1367 1029 1414 V,

351 1427 438 1465 27.
458 1426 539 1473 Vn,
565 1427 637 1473 16,
683 1425 819 1476 quibus
839 1423 926 1461 add.
947 1425 1031 1460 He-

369 1480 452 1517 rod.
474 1482 536 1528 vl,
555 1483 620 1521 87.
679 1481 807 1532 Atque
827 1479 939 1517 huius
966 1492 1031 1516 so-

370 1538 514 1574 cietatis
532 1537 846 1586 intel-Aeginetas
867 1549 910 1573 ac
921 1534 1031 1573 The-

367 1593 486 1630 banos
514 1594 630 1645 initae
669 1605 798 1630 causas
831 1592 935 1629 idem
975 1593 1031 1628 vir

369 1649 501 1686 doctus
531 1650 597 1686 vix
624 1647 697 1685 hac
728 1662 777 1685 ex
805 1649 937 1686 fabula
967 1661 1031 1684 re-

367 1705 550 1757 petendas
589 1718 668 1741 esse
697 1712 850 1752 censet,
880 1704 947 1742 sed
981 1717 1030 1741 ex

368 1761 456 1800 odio
472 1792 481 1810 ,
511 1774 588 1813 quo
609 1768 770 1812 uterque
785 1762 948 1812 populus
958 1760 1028 1797 ssa-

367 1819 484 1868 grarit
518 1820 557 1854 in
588 1816 858 1865 Athenienses,
901 1816 1028 1869 quod-

367 1887 443 1926 que
453 1875 514 1911 vel
529 1874 847 1911 Pisistratidarum
854 1881 1026 1924 tempore

367 1932 408 1968 in
437 1929 688 1968 Athenienses
716 1930 919 1969 habuerint
945 1931 1027 1966 Ae-

367 1989 540 2037 ginetae;
561 1986 665 2024 uude
685 2000 838 2039 quoque
856 1987 950 2024 illud
963 2000 1025 2024 re-

364 2043 598 2094 petendum,
631 2043 735 2094 quod
765 2051 854 2081 ante
874 2045 1025 2080 Persica

371 2100 468 2137 bella
487 2100 697 2149 Aeginetae
715 2101 947 2150 Argivorum
981 2113 1024 2136 ac

367 2154 647 2193 Thebanorum
708 2158 799 2193 socii
858 2156 1025 2207 indeque

368 2212 564 2262 Spartanis
595 2218 708 2263 atque
728 2211 1025 2250 Atheniensibus

369 2269 532 2319 oppositi
552 2268 703 2305 suerint.

425 2323 550 2364 δοκέω
583 2321 1024 2377 ἡμῖν-τιμωρητήρων

366 2381 580 2431 γενέσθαι]
622 2382 679 2416 De
707 2382 919 2429 infinitivo,
959 2383 1025 2433 qui

371 2437 512 2487 excipit
531 2437 691 2474 verbum
713 2439 856 2485 δοκεῖν,
879 2439 1023 2476 consul.

366 2492 501 2529 Manli.
523 2494 588 2529 Gr.
610 2494 675 2529 Gr.
705 2506 791 2544 pag.
812 2497 938 2542 1036,
961 2496 1027 2546 qui

366 2548 470 2586 idem
498 2562 585 2600 pag.
628 2549 733 2589 1055
764 2549 810 2586 ‹le
840 2558 1025 2588 structura

366 2607 470 2642 verbi
493 2608 652 2644 ὸείσθαι
673 2613 709 2642 et
734 2619 822 2656 pag.
847 2608 951 2648 1053
974 2607 1022 2644 de

366 2662 534 2712 genitivo
572 2659 922 2713 (τιμωρητήρων),
957 2665 1021 2715 qui

367 2718 554 2756 infinitivo
574 2717 736 2764 additur,
758 2719 919 2755 conferri
935 2727 1023 2770 pot-

369 2781 435 2811 est.
503 2776 546 2810 In
587 2776 761 2825 proxime
790 2788 896 2827 seqq.
932 2789 1022 2812 cum

367 2838 522 2868 recentt.
545 2830 631 2868 edd.
660 2829 838 2869 exhibui:
878 2827 1023 2883 ταύτης

1087 909 1264 966 ἆμείνων
1307 910 1470 966 γνώμη,
1531 915 1598 951 ubi
1628 914 1746 964 vulgo

1086 969 1223 1024 γνώμη
1245 969 1390 1021 ταύτης
1410 967 1600 1022 ἀμείνων.

1143 1028 1185 1068 οἱ
1208 1026 1250 1066 δὲ
1263 1051 1312 1056 -
1326 1024 1418 1074 τοὺς
1431 1027 1627 1073 Αἰακίδας
1646 1039 1746 1077 συμ-

1084 1083 1254 1135 πέμπειν
1291 1083 1476 1133 ἔφασαν]
1538 1084 1747 1134 Attigimus

1083 1142 1154 1178 ista
1174 1143 1251 1177 iam
1270 1154 1383 1191 supra
1403 1139 1452 1177 ad
1472 1141 1522 1184 V,
1538 1140 1607 1181 75.
1661 1141 1746 1176 Hoc

1085 1198 1169 1234 loco
1191 1197 1366 1234 addimus
1381 1226 1392 1245 ,
1424 1196 1578 1234 eosdem
1605 1196 1747 1232 Aeaci-

1087 1253 1153 1291 das
1173 1254 1215 1302 (i.
1229 1267 1262 1291 e.
1285 1266 1418 1290 eorum
1438 1253 1562 1304 signa)
1585 1265 1608 1289 a
1623 1253 1745 1289 Grae-

1087 1311 1138 1347 cis
1159 1309 1207 1346 ad
1227 1322 1399 1361 pugnam
1420 1309 1746 1347 Salaminiamar-

1087 1368 1238 1404 cessitos
1265 1379 1366 1414 esse,
1406 1372 1500 1403 teste
1527 1364 1745 1402 Philostrat.

1086 1424 1262 1460 Heroicc.
1306 1425 1354 1462 19
1394 1436 1433 1473 p.
1473 1421 1555 1463 743
1594 1436 1624 1459 s·
1664 1423 1746 1462 258

1087 1481 1257 1516 Boisson.
1289 1479 1376 1515 coll.
1397 1477 1520 1530 Soph.
1540 1480 1588 1527 11,
1613 1481 1632 1519 1
1655 1490 1745 1528 pag.

1088 1535 1182 1577 546.
1225 1533 1430 1572 Plutarcho
1465 1537 1539 1572 vit.
1579 1534 1746 1572 Themi-

1085 1593 1193 1628 stocl.
1228 1593 1277 1631 15
1299 1604 1387 1642 pag.
1411 1595 1489 1632 119
1510 1593 1558 1628 Ε.
1586 1592 1747 1642 ipsoque

1087 1646 1283 1685 Herodoto
1315 1649 1414 1695 VIII,
1447 1646 1511 1687 64.
1533 1647 1600 1688 84.
1660 1648 1745 1692 Quo

1087 1704 1225 1741 eodem
1245 1705 1401 1741 consilio
1420 1705 1533 1741 Locri
1551 1705 1635 1740 Itali
1649 1705 1746 1742 Aia-

1083 1774 1169 1797 cem
1203 1761 1299 1798 Oilei
1332 1761 1455 1797 filium
1485 1761 1532 1797 ab
1570 1761 1746 1812 Opuntiis

1083 1818 1303 1868 impetrasse
1342 1824 1562 1864 narrantur,
1611 1818 1674 1854 cuj
1702 1818 1744 1854 'ul

1082 1876 1163 1911 acie
1174 1875 1355 1911 instructa
1366 1870 1500 1924 χώρην
1519 1889 1531 1911 7
1547 1871 1642 1924 ενήν
1660 1875 1743 1922 (va-

1083 1943 1184 1968 cuum
1202 1930 1340 1980 locum)
1363 1931 1618 1982 reliquerunt,
1647 1937 1742 1967 teste

1081 1988 1230 2024 Conon.
1259 1989 1406 2024 Narrat.
1440 1989 1490 2027 18
1522 1987 1609 2024 coll.
1637 1987 1742 2024 Pau-

1079 2057 1159 2081 san.
1189 2044 1254 2090 111,
1280 2045 1329 2083 19
1351 2044 1388 2089 ξ.
1414 2045 1477 2082 11.

1136 2099 1198 2136 Ad
1217 2101 1317 2151 ipsos
1330 2098 1514 2137 Aeacidas
1529 2111 1742 2150 eorumque

1081 2157 1228 2193 cultum
1249 2155 1353 2209 quod
1375 2157 1520 2202 attinet,
1541 2168 1656 2192 nemo
1668 2168 1740 2192 ue·-

1080 2215 1150 2250 scit
1179 2215 1353 2250 Aeacum
1390 2213 1563 2262 Aeginae
1595 2212 1740 2249 insulae

1081 2283 1213 2320 regem
1234 2271 1403 2320 primum
1430 2269 1519 2306 ferri
1539 2270 1741 2320 stirpisque

1080 2328 1390 2377 generosissimae
1409 2333 1604 2362 auctorem
1619 2324 1740 2373 (conf.

1082 2386 1124 2420 C.
1147 2384 1191 2419 Ο.
1222 2383 1371 2419 Miiller.
1401 2383 1595 2432 Aeginett.
1624 2395 1662 2432 p.
1684 2384 1734 2422 21

1079 2439 1206 2491 seqq.)
1236 2446 1384 2490 patrem
1412 2445 1448 2475 et
1477 2439 1603 2486 Pelei,
1635 2436 1738 2474 unde

1080 2496 1270 2542 Achilles,
1300 2502 1336 2532 et
1370 2495 1612 2539 Telamonis,
1635 2493 1738 2531 uude

1080 2554 1180 2589 Aiax
1198 2558 1426 2602 prognatus,
1452 2563 1574 2602 aeque
1593 2551 1656 2588 ille
1676 2557 1737 2588 at-

1079 2621 1153 2659 que
1183 2607 1351 2645 Achilles
1386 2609 1426 2644 in
1459 2608 1546 2644 belli
1578 2607 1739 2645 Troiani

1078 2665 1213 2701 fabulis
1252 2665 1422 2701 maxime
1460 2664 1671 2702 celebratus
1699 2669 1737 2701 et

1078 2723 1192 2771 stirpe
1213 2733 1395 2771 generosa
1417 2721 1586 2770 insignis.
1622 2721 1736 2758 Illum

1078 2790 1168 2814 vero
1188 2778 1360 2814 Aeacum
1381 2783 1416 2814 et
1445 2778 1570 2827 ipsum
1590 2775 1737 2814 divinos

1078 2831 1241 2872 honores
1261 2833 1363 2885 apud
1377 2835 1583 2884 Aeginetas
1601 2845 1736 2873 conse-

1866 1635 1878 1685 ‘i
