1897 3340
607 200 905 239 ERATO.
964 200 1042 237 VI.
1383 203 1468 244 253

170 321 280 366 3τας
324 313 519 370 Μήδοισί
553 326 598 354 τε
634 310 707 354 καὶ
735 308 890 352 Αἰάκεϊ
926 306 1160 352 δουλεύειν.
1229 311 1468 364 Ζαγκλαῖοι

197 380 306 437 γὰρ,
351 382 396 423 οἱ
434 378 518 423 ἀπὸ
559 378 778 432 Σικελίης,
828 375 908 420 τόν
942 374 1080 419 αὐτόν
1118 376 1279 432 χρόνον
1307 380 1468 420 τοῦτον

199 449 437 506 πέμποντες
485 446 528 497 ἐς
574 446 655 502 τὴν
698 444 864 501 Ἰωνίην
901 443 1132 500 ἀγγέλους,
1182 444 1467 489 ἐπεκαλέοντο

199 516 304 567 τούς
332 515 487 565 Ἴωνας
523 512 567 564 ἐς
605 513 757 569 Καλὴν
793 511 965 568 Ἀκτὴν,
1013 510 1276 568 βουλόμενοι
1306 511 1465 557 αὐτόθι

170 585 333 630 4πόλιν
360 583 502 626 κτίσαι
527 580 700 625 Ἰώνων.
739 579 766 636 ἡ
795 580 840 624 δὲ
871 579 996 634 Καλὴ
1029 579 1138 636 αὕτη
1166 578 1287 637 Ἀκτὴ
1316 586 1466 625 καλεο-

197 650 327 707 μένη,
374 649 462 693 ἔστι
500 650 580 706 μὲν
618 651 838 701 Σικελῶν,
885 647 997 702 πρὸς
1035 648 1081 692 δὲ
1121 651 1372 705 Τυρσηνίην
1405 656 1522 692 τε-85

195 717 416 775 τραμμένη
445 720 522 774 τῆς
550 718 763 774 Σικελίης.
815 716 982 760 τούτων
1013 711 1076 760 ὦν
1103 716 1463 773 ἐπικαλεομένων,

137 893 177 929 in
206 891 400 935 Plutarch.
422 893 573 940 Quaest.
596 893 662 929 Gr.
682 893 797 940 LVII,

137 963 225 1001 pag·
247 950 314 991 75

196 1009 410 1059 Ζαγκλαῖοι
431 1020 506 1058 γαρ
525 1020 564 1044 οι
586 1000 667 1045 cino
682 1008 797 1045 Σικε-

137 1062 225 1113 λίης
243 1079 278 1102 κ.
289 1079 321 1102 τ.
331 1064 383 1112 λ]
416 1062 554 1100 Zancle
575 1063 675 1110 urbs,
699 1076 796 1115 quae

137 1131 159 1156 a
187 1120 294 1157 falcis
314 1120 458 1167 forma,
490 1126 533 1156 ut
552 1121 639 1157 satis
659 1127 796 1156 notum

137 1183 216 1225 est,
246 1178 392 1228 accepit
413 1189 580 1223 nomen,
619 1178 689 1213 sita
720 1184 800 1214 erat

137 1232 186 1270 ad
205 1234 320 1284 ipsius
340 1235 455 1270 maris
484 1234 674 1283 angustias
695 1246 715 1269 e
735 1247 798 1270 re-

136 1291 251 1340 gione
271 1289 421 1341 Rhegii.
470 1290 576 1335 Quae
595 1297 799 1341 postquam

137 1359 238 1384 anno
259 1346 380 1384 ferme
409 1345 490 1386 497
523 1359 557 1383 a.
580 1345 669 1384 Chr.
697 1360 735 1385 n.
757 1349 798 1384 in

137 1403 358 1440 Samiorum
378 1402 531 1441 devenit
558 1410 798 1454 potestatem,

138 1472 232 1497 mox
254 1461 393 1498 Samiis
419 1473 520 1497 auno
542 1459 624 1500 494
649 1473 683 1497 a.
706 1460 796 1498 Chr.

136 1529 176 1554 n.
216 1517 342 1555 eiectis
385 1518 432 1554 ab
460 1517 625 1553 Anaxila
658 1516 798 1567 Rhegii

134 1580 310 1625 tyranno,
337 1580 432 1611 teste
461 1572 692 1625 ThucydIde
713 1575 795 1622 VII,

135 1633 173 1678 5,
204 1629 382 1668 Messenes
401 1631 546 1681 accepit
576 1643 720 1667 nomen
749 1632 795 1668 ab

133 1685 271 1723 eodem
290 1688 457 1725 Anaxila
469 1716 479 1734 ‚
508 1688 574 1740 qui
593 1688 663 1724 sub
683 1694 797 1739 pote—

131 1749 226 1781 state
248 1757 334 1781 eam
354 1746 490 1782 tenuit.
547 1745 659 1781 Nunc
679 1758 798 1782 voca-

132 1806 194 1837 tur
229 1800 405 1839 Messina.
477 1798 564 1838 Vid.
604 1802 794 1842 Mannert.

133 1857 274 1907 Geogr.
295 1859 361 1897 Gr.
385 1865 422 1895 et
440 1859 488 1895 R.
507 1858 576 1905 IX,
599 1860 626 1899 2
645 1872 684 1909 p.
711 1861 795 1900 266

131 1926 211 1965 seq.
252 1914 294 1951 C.
323 1916 367 1952 F.
401 1917 615 1955 Hermann.
641 1915 794 1953 Hellen.

133 1969 327 2008 Staatsalt.
360 1972 397 2017 §.
427 1973 479 2012 83
521 1978 602 2009 not.
633 1970 658 2011 4
685 1985 792 2024 seqq.

130 2027 265 2078 Poppo
286 2026 336 2065 ad
355 2026 537 2080 Thucyd.
557 2029 588 2076 Ι,
609 2031 636 2069 2
655 2042 694 2080 p.
709 2028 787 2070 531

131 2097 210 2136 seq.
245 2091 282 2121 et
310 2097 410 2138 quae
441 2084 490 2123 ad
519 2098 602 2137 cap.
632 2099 711 2138 seq.
735 2086 795 2122 af-

131 2139 309 2178 feremus.

187 2195 227 2244 ἕς
246 2194 387 2250 Καλήν
401 2191 576 2247 Ἀκτήν]
607 2198 631 2237 i.
664 2212 697 2236 e.
717 2196 794 2236 Bo-

130 2267 213 2292 num
231 2254 330 2294 litus.
381 2254 454 2301 Qui
485 2253 590 2292 idem
609 2256 715 2293 locus
737 2262 790 2293 et.

130 2310 208 2347 iam
245 2318 437 2349 contracte
464 2313 673 2349 vocabatur
703 2315 792 2351 Κα-

131 2363 272 2417 λακτή,
305 2367 470 2415 Calacte,
509 2369 691 2406 Romanis
711 2370 793 2407 usi-

129 2429 253 2460 tatum
271 2424 343 2461 fuit
363 2423 514 2462 Calacta
534 2432 571 2462 et
598 2426 790 2474 Calactim',

129 2479 279 2517 incolae
300 2479 402 2531 apud
415 2481 535 2518 Cicer.
554 2483 595 2519 in
605 2484 711 2522 Verr.
723 2485 790 2531 111,

131 2533 198 2575 43.
255 2537 432 2574 Aliorum
451 2537 675 2576 locos'dabit
697 2541 791 2577 Clu-

132 2603 212 2628 ver.
247 2593 353 2631 Sicil.
382 2595 514 2645 Antiq.
533 2595 582 2642 ΙΙ,
603 2595 629 2636 4
648 2609 688 2646 p.
708 2599 787 2637 291

132 2658 238 2698 seqq.
269 2651 420 2701 copiose
453 2649 501 2687 de
537 2649 613 2688 hoc
650 2652 791 2702 oppido

132 2708 315 2749 tractans,
356 2705 460 2757 quod
479 2720 599 2758 prope
621 2715 793 2745 veterum

132 2759 311 2796 Halesam
336 2774 380 2798 eo
400 2763 478 2799 fere
497 2764 581 2800 loco
611 2765 793 2802 exstitisse

131 2813 313 2852 credibile
333 2824 409 2866 est,
436 2832 513 2872 quo
532 2833 636 2858 nunc
658 2819 706 2858 ad
726 2834 793 2858 ae-

855 889 945 928 dem
974 890 1242 927 Annunciatae
1271 890 1371 927 circa
1400 891 1521 928 Caro-

854 949 941 984 niae
962 948 1073 985 litora
1093 947 1218 984 adhuc
1231 948 1374 984 multae
1393 948 1520 985 iacent

854 1006 987 1042 ruinae
1006 1018 1074 1056 per
1085 1018 1194 1055 agros
1213 1017 1256 1042 ac
1268 1005 1399 1042 vineas
1410 1017 1519 1056 spar-

853 1075 930 1101 sae.
989 1064 1119 1114 Atque
1140 1069 1234 1099 teste
1256 1062 1433 1099 Cluverio
1454 1062 1520 1100 l.l.

851 1120 933 1170 ipsa
963 1119 1202 1157 Caroniensis
1230 1119 1348 1156 litoris
1388 1119 1520 1156 excel-

855 1176 937 1213 lens
974 1178 1185 1213 amoenitas
1217 1189 1260 1213 ac
1299 1174 1520 1227 pulcritudo

856 1232 1119 1270 Calactenhoc
1139 1235 1213 1270 situ
1231 1233 1345 1270 fuisse
1366 1234 1520 1270 clamat.

854 1289 1351 1340 Add.Manue1-t.Geog1-.
1384 1290 1451 1326 Gr.
1483 1295 1520 1326 et

854 1348 967 1384 Rom.
1006 1348 1065 1383 IX
1102 1349 1130 1386 2
1177 1359 1268 1398 pag.
1294 1320 1394 1387 ζ3409
1436 1359 1518 1399 seq.

852 1399 979 1440 Mox
983 1416 1075 1440 cum
1105 1400 1459 1453 Schweighaeuser.
1480 1409 1518 1440 et

853 1460 971 1497 Gaisf.
990 1461 1168 1498 revocavi
1182 1467 1354 1498 veterem
1381 1461 1518 1497 lectio-

852 1529 967 1554 nem:
997 1515 1026 1568 ἦ
1047 1514 1091 1556 δὲ
1120 1514 1236 1567 Καλή
1265 1513 1366 1568 αὕτη
1401 1512 1516 1568 'Auru'

852 1588 890 1612 κ.
922 1588 955 1612 τ.
990 1576 1024 1612 λ.
1057 1586 1079 1610 a
1116 1572 1348 1622 Schaefero,
1399 1586 1518 1626 quem

851 1628 1035 1667 Matthiae
1065 1632 1258 1683 sequitur,
1297 1632 1350 1668 ita
1369 1630 1517 1667 ilmnu-

851 1694 972 1725 tatam
989 1688 1101 1724 unius
1123 1688 1315 1726 Sancrofti
1343 1686 1430 1725 cod.
1451 1700 1518 1724 au-

853 1745 1047 1782 ctoritate:
1070 1742 1099 1797 ἡ
1118 1743 1162 1785 δὲ
1179 1741 1295 1797 Καλή
1306 1739 1422 1797 Ἀκτη
1441 1740 1517 1784 αὕ-

851 1816 899 1853 τη
917 1816 955 1840 κ.
977 1816 1008 1840 τ.
1030 1803 1065 1841 λ.

905 1855 1008 1910 πρός
1049 1855 1092 1898 δὲ
1141 1856 1517 1910 Τυρσηνίην-τῆς

851 1915 1067 1966 Σικελίης]
1098 1915 1204 1951 Haec
1223 1915 1341 1951 verba
1369 1913 1418 1951 ad
1448 1927 1515 1951 ac—

850 1973 1079 2009 curatiorem
1108 1971 1183 2008 loci
1221 1970 1515 2021 descriptionem

853 2027 983 2066 addita
1014 2041 1093 2066 esse
1112 2035 1247 2079 putem
1276 2041 1298 2064 a
1317 2035 1424 2079 patre
1450 2026 1514 2064 hi-

851 2086 1000 2134 storiae,
1023 2087 1089 2137 qui
1107 2098 1187 2122 non
1201 2086 1288 2123 satis
1307 2084 1441 2122 habuit
1451 2086 1514 2122 iu-

852 2141 979 2179 dicare
991 2172 1002 2191 ,
1024 2143 1245 2180 Siculorum
1263 2140 1304 2179 id
1324 2143 1513 2191 esselitus‚

850 2198 939 2247 sed,
980 2212 1056 2252 qua
1084 2199 1236 2237 Siciliae
1255 2206 1364 2251 parte
1398 2199 1514 2237 orave

849 2254 944 2294 haec
964 2257 1070 2307 regio
1092 2258 1224 2309 quaeri
1251 2255 1410 2304 debeat,
1440 2256 1515 2306 (ea

847 2313 925 2352 scil.
946 2314 986 2350 iu
1007 2314 1159 2351 Siciliae
1180 2312 1258 2361 orzi,
1279 2327 1377 2366 quae
1407 2314 1514 2365 Tyr-

847 2369 976 2407 rhenis
1017 2371 1188 2421 opposita
1209 2368 1303 2422 est),
1334 2369 1376 2408 id
1397 2371 1513 2407 etiam

848 2426 989 2464 addere
1007 2429 1141 2464 voluit.
1200 2428 1324 2473 Quem
1370 2425 1513 2464 horum

845 2485 1053 2522 verborum
1071 2497 1227 2521 sensum
1247 2497 1326 2521 esse
1341 2485 1439 2521 bene
1451 2485 1512 2522 vi-
1545 2487 1551 2490 ⁴

849 2539 903 2578 dit
921 2540 1100 2578 Larcher.
1129 2542 1170 2577 in
1200 2547 1298 2578 nott.
1319 2539 1368 2577 ad
1388 2542 1418 2589 1,
1443 2539 1511 2587 84,

849 2598 994 2634 Gallice
1025 2599 1077 2634 ita
1106 2599 1384 2649 interpretans:
1423 2602 1511 2645 „cet

849 2653 1019 2701 endroit,
1050 2654 1187 2705 appele
1222 2654 1376 2691 Calacte
1406 2660 1461 2690 est
1488 2652 1511 2688 Ξι

848 2711 883 2746 la
904 2711 1025 2748 verite'
1056 2711 1107 2747 du
1122 2724 1215 2762 pays
1237 2710 1301 2747 des
1323 2710 1510 2755 Siciliens,

848 2767 944 2804 mais
965 2766 1013 2804 de
1026 2774 1124 2804 cette
1144 2768 1264 2818 partie
1286 2765 1333 2803 de
1352 2767 1389 2802 la
1411 2764 1511 2801 Sici-

848 2823 899 2859 lie
917 2824 983 2875 qui
1004 2830 1059 2861 est
1069 2823 1230 2861 tournee
1250 2835 1334 2861 vers
1354 2822 1391 2858 la
1403 2821 1509 2873 Tyr-
