1897 3340
399 155 455 193 74
796 156 1250 193 HERODOTI

65 270 194 298 ‹llendos
211 271 324 307 ipsam«

67 313 127 339 que
148 304 224 332 adeo
242 306 323 340 regis

65 337 182 370 eedem,
192 339 280 371 Susa,
295 347 342 366 ocv

66 372 234 406 cnpandam
261 373 323 408 pcl-

65 404 162 434 licere
181 405 328 443 studeret,

397 261 600 315 περίοδος
645 260 914 318 ἐνετέτμητο,
963 263 1036 305 καὶ
1073 262 1274 308 θάλασσά
1322 281 1364 308 τε
1405 267 1545 317 πᾶσα,
1583 268 1655 309 καὶ

371 328 591 382 Ξποταμοὶ
608 327 778 380 πάντες.
837 328 1147 384 ἀπικνεόμενος
1176 333 1222 376 δὲ
1253 332 1295 382 ἐς
1323 331 1479 388 λόγους
1509 330 1655 387 ὁἏρι-

404 393 641 450 σταγόρης,
695 395 808 450 ἔλεγε
853 396 966 448 πρός
1010 396 1146 441 αὐτὸν
1199 400 1321 443 τάδε·
1376 399 1655 455 ,,Κλεόμενες,

399 462 624 517 »σπουδὴν
659 463 738 518 μὲν
766 464 845 519 τὴν
875 464 980 519 ἐμήν
1009 465 1067 520 μὴ
1095 465 1337 525 θωυμάσῃς
1379 472 1453 523 τῆς
1491 468 1652 511 ἐνθαῦ-
1667 474 1710 509 25

398 547 478 583 „va
509 527 695 580 ἀπίξιος·
727 531 778 573 τοὶ
809 530 895 585 γάρ
925 530 1169 587 κατήκοντα
1199 534 1287 577 ἐστι
1323 539 1517 578 τοιαῦτα.
1573 534 1653 579 Ἱώ-

372 604 522 650 3„vcov
558 598 717 647 παῖδας
755 599 943 649 δούλους
977 597 1088 643 εἶναι
1124 599 1222 643 ἄντ’
1254 603 1516 656 ἐλευθέρων,
1547 601 1654 645 ὄνει-

399 666 507 716 ,,δος
534 664 608 706 καὶ
637 664 769 719 ἄλγος
797 665 996 722 μέγιστον
1037 667 1116 723 μὲν
1154 667 1325 712 αὐτοῖσι
1352 668 1477 724 ἡμῖν,
1520 670 1581 712 ἔτι
1610 670 1655 713 δὲ

350 735 517 784 4,,τῶν
546 735 713 775 λοιπῶν
741 731 870 788 ὑμῖν,
915 735 1003 794 ὅσῳ
1037 736 1293 791 προεστέατε
1329 741 1404 791 τῆς
1434 735 1656 788 ξἙλλάδος.

344 895 468 941 H.111‚
491 896 566 941 23,
589 892 672 943 (ubi
693 895 795 931 conf.
815 893 943 932 Kiihn.
965 903 1002 933 et

345 951 541 1000 Perizon.)
552 957 588 987 et
607 951 780 997 πίνακας
792 952 892 1002 apud
905 953 1000 989 Dio-

343 1020 433 1057 gen.
452 1008 578 1044 Laert.
603 1007 644 1055 V,
667 1009 717 1048 51
741 1016 897 1046 annotat
909 1010 1001 1046 Val-

344 1062 458 1100 cken.
515 1064 602 1099 Alia
632 1076 728 1115 quae
763 1067 886 1115 magis
924 1065 1001 1103 huc

343 1127 515 1170 spectant
528 1119 632 1156 dabit
653 1120 684 1157 C
694 1133 724 1157 r.
745 1120 793 1164 ad
807 1124 1001 1174 antiquiss.

345 1175 535 1213 historice.
556 1177 736 1226 fragium.
764 1190 853 1228 pag.
876 1181 900 1218 9
921 1192 1001 1230 seq.

345 1239 383 1269 et
405 1233 471 1283 qui
491 1233 537 1269 ab
550 1246 594 1269 eo
607 1246 710 1268 nuuc
724 1234 869 1281 citatur,
881 1236 1003 1285 Wyt-

344 1287 522 1326 tenbach.
555 1288 603 1325 ad
622 1289 772 1325 Platon.
803 1289 1002 1328 Phaedon.

343 1358 433 1396 pag.
454 1344 550 1385 295.
607 1346 676 1381 Est
696 1359 786 1382 vero
807 1346 900 1384 haec
922 1349 1003 1398 pri—

344 1414 409 1437 ma
431 1404 608 1437 omnium
639 1401 741 1451 apud
762 1403 1002 1440 Herodotum

343 1459 489 1494 mentio
509 1465 716 1507 mapparum
741 1460 1003 1510 geographica-

346 1527 435 1560 rum,
459 1526 556 1565 quae
569 1515 685 1563 vulgo
700 1514 900 1561 dicuntum
933 1530 1003 1552 cu-

346 1571 404 1606 ius
425 1571 569 1606 inventi
588 1569 742 1606 laudem
762 1572 1003 1608 Anaximan-

347 1626 415 1663 dro
428 1627 701 1663 tribuitStrabo
715 1629 732 1662 Ι
751 1641 788 1677 p.
804 1631 842 1668 7.
864 1642 893 1665 5.
911 1632 1002 1676 138,

346 1684 399 1718 ita
420 1689 460 1718 ut
482 1684 697 1720 Hecataeus
718 1697 900 1735 mappam
926 1686 1004 1720 iam

349 1740 547 1776 inventam
575 1740 710 1775 melius
732 1742 940 1777 excoluisse
961 1754 1004 1778 ac

347 1795 548 1846 perfecisse
597 1794 770 1847 adeoque
807 1810 1007 1833 commen-

348 1853 451 1889 tariis
471 1853 616 1902 scriptis
629 1853 851 1890 illustratam
864 1855 901 1890 in
918 1854 1005 1890 vul-

349 1922 420 1959 gus
442 1902 799 1947 edidissevideatur.
827 1911 884 1947 Cf.
896 1912 1007 1947 Man-

348 1973 446 2001 nert.
469 1964 685 2015 Geograph.
707 1967 724 2001 I
744 1979 832 2017 pag.
857 1970 908 2007 10
928 1980 1006 2018 seq.

351 2028 388 2057 et
409 2020 657 2058 Groslxurdin
674 2024 877 2059 vernacula
899 2024 1007 2059 Stra-

351 2078 458 2114 bonis
479 2079 710 2128 interpretat.
734 2092 820 2128 pag.
843 2082 881 2119 9.
911 2081 1007 2116 Per-

350 2147 468 2185 quam
488 2135 604 2183 igitur
617 2135 812 2184 probabile
825 2143 889 2182 est,
904 2135 1006 2187 quod

350 2193 457 2241 ponit
478 2190 709 2227 Dahlmann.
732 2204 820 2242 pag.
842 2193 918 2232 114
941 2206 1007 2228 ae-

354 2260 469 2283 neam
490 2245 587 2283 hanc
608 2248 777 2284 tabulam
798 2249 844 2284 ab
868 2249 1010 2285 Arista-

354 2303 445 2350 gorft
477 2304 656 2353 Spartam
687 2305 840 2341 allatam
872 2306 941 2341 nisi
962 2307 1008 2341 ab

357 2361 435 2409 ipso
470 2362 658 2396 Hecataeo
687 2363 899 2398 conlectam
924 2375 1009 2397 cre-

355 2416 503 2463 damus,
525 2415 573 2452 ad
604 2417 682 2453 eius
713 2424 812 2453 certe
834 2419 1008 2464 rationes,

355 2472 404 2509 ad
424 2479 589 2523 systema
609 2472 712 2524 quod
737 2474 851 2523 vulgo
871 2481 1009 2511 vocant

354 2528 667 2580 geographicum,
699 2530 812 2567 fuiss(¹
846 2530 1010 2567 adorna—

356 2593 446 2622 tam.
511 2587 579 2623 Tu
613 2587 717 2624 conf.
748 2588 861 2623 etiam
895 2586 1009 2624 Ukert

357 2644 498 2691 Geogr.
519 2644 548 2689 l,
568 2646 585 2682 1
605 2656 693 2693 pag.
722 2646 788 2684 70.
824 2645 850 2686 Ι,
873 2647 897 2684 2
920 2656 1005 2694 pag.

365 2702 453 2740 170.
480 2698 591 2744 Quod
613 2699 660 2735 ad
682 2701 823 2737 inventi
844 2702 1011 2752 antiqui-

359 2762 475 2792 tatem
507 2756 693 2806 pertinet,
735 2757 895 2794 Rennel.
923 2770 1009 2808 pag.

1058 897 1139 938 528
1174 895 1305 943 affert,
1344 898 1383 933 in
1412 896 1522 934 India
1557 909 1716 949 quoque⁶

1057 966 1180 1004 nuper
1198 961 1386 1004 repertam
1421 968 1500 991 esse
1527 955 1713 990 laminam

1059 1023 1239 1058 aeneam,
1271 1012 1309 1046 iu
1330 1010 1405 1062 (1qu
1431 1012 1563 1047 similis
1591 1017 1713 1047 terra-

1059 1080 1146 1103 rum
1175 1066 1375 1117 descriptio
1411 1067 1524 1104 suerit
1559 1079 1713 1118 reprae-

1057 1130 1214 1170 sentata,
1235 1124 1350 1160 literis
1371 1123 1524 1160 adiectis
1539 1123 1713 1160 Sanscri-

1058 1186 1170 1216 tanae
1198 1181 1366 1229 linguae.
1423 1179 1503 1216 Sed
1541 1193 1626 1215 eam
1657 1180 1713 1215 la-

1057 1236 1205 1271 minam
1221 1235 1269 1271 ad
1292 1236 1429 1272 Christi
1448 1237 1592 1272 natales
1613 1236 1714 1272 refe-

1058 1298 1159 1328 runt.
1179 1314 1236 1319 —
1267 1293 1311 1327 In
1344 1305 1450 1343 seqq.
1491 1287 1715 1346 θωυμᾶσῃς

1059 1350 1209 1398 reposui
1230 1361 1298 1398 pro
1319 1345 1530 1401 θωμάσῃς,
1550 1355 1593 1385 ut
1611 1361 1716 1385 sein-

1058 1418 1140 1456 per.
1201 1405 1258 1441 Cf.
1279 1405 1342 1451 IV,
1368 1407 1459 1444 129.

1115 1457 1162 1499 τοὶ
1184 1458 1257 1512 γᾶρ
1280 1455 1504 1510 κατήκοντα
1533 1459 1612 1499 ἔστι
1638 1474 1714 1499 τοι-

1060 1518 1188 1564 αῦτα]
1238 1518 1293 1552 lta
1323 1529 1412 1553 cum
1440 1523 1597 1553 recentt.
1628 1516 1716 1553 edd.

1060 1571 1217 1609 exhibui
1229 1587 1294 1623 pro
1306 1574 1412 1622 vulg.
1431 1569 1478 1612 τοέ
1492 1568 1716 1623 κατήκοντα

1060 1625 1136 1681 γάρ
1177 1628 1256 1668 ἐστι
1296 1632 1469 1668 τοιαῦτα.
1541 1628 1603 1665 Ad
1643 1629 1716 1665 loci

1061 1687 1287 1722 senientiam
1308 1687 1404 1722 bene
1425 1692 1581 1722 annotat
1596 1687 1716 1722 Wes-

1062 1743 1196 1792 seliug.
1218 1740 1264 1780 w*
1291 1738 1513 1792 κατήκοντα
1533 1755 1562 1778 5.
1583 1738 1630 1780 ta*
1648 1757 1719 1780 κα-

1063 1794 1235 1848 τήκοντα
1255 1795 1467 1849 πρήγματα
1487 1811 1540 1835 res
1561 1797 1637 1834 dici
1656 1811 1718 1834 ur-

1063 1859 1178 1904 gentes
1210 1868 1253 1892 ac
1278 1859 1498 1906 praesentes,
1529 1861 1571 1891 ut
1591 1856 1619 1901 1,
1648 1857 1716 1895 97.

1063 1913 1161 1957 vlu,
1187 1914 1250 1952 19.
1309 1913 1374 1948 Tu
1401 1910 1489 1948 add.
1521 1912 1620 1958 VIII,
1652 1909 1718 1950 40.

1069 1971 1160 2009 102.
1218 1969 1353 2018 Atti-git
1384 1981 1537 2020 quoque
1558 1967 1718 2005 Siebelis

1064 2024 1111 2060 ad
1133 2026 1294 2061 Pausan.
1316 2027 1345 2071 I,
1368 2026 1391 2065 5
1413 2026 1450 2070 ξ.
1470 2024 1494 2064 4
1516 2038 1554 2075 Ρ.
1575 2026 1642 2064 22-
1665 2044 1716 2050 -

1063 2080 1174 2117 Unde
1196 2080 1255 2118 hic
1278 2083 1402 2118 existit
1431 2093 1587 2118 sensus:
1622 2079 1718 2116 Sunt

1062 2140 1149 2174 enim
1172 2138 1255 2174 haec
1266 2137 1364 2188 sere,
1385 2151 1473 2187 quae
1483 2151 1534 2174 me
1555 2140 1719 2185 urgeant,

1062 2198 1103 2231 ut
1135 2198 1167 2230 te
1205 2195 1331 2232 adeam
1365 2207 1498 2232 necesse
1533 2195 1581 2230 sit
1609 2207 1639 2230 s.
1662 2193 1718 2229 hic
1767 2225 1769 2228 .

1065 2252 1154 2286 enim
1170 2249 1249 2300 sere
1274 2255 1322 2288 est
1355 2264 1467 2287 rerum
1485 2250 1721 2300 praesentium

1067 2310 1193 2343 status.
1217 2329 1271 2334 —
1329 2309 1372 2342 ln
1415 2308 1603 2343 locutione
1634 2301 1719 2344 Ἰώ-

1066 2378 1148 2401 νων
1169 2364 1313 2409 παῖδας
1333 2377 1401 2414 pro
1422 2360 1573 2409 ’Ἴωνας
1592 2361 1719 2398 hono-

1066 2420 1114 2455 ris
1173 2419 1315 2470 aliquid
1377 2421 1498 2455 inesse
1547 2419 1719 2456 observat

1066 2474 1338 2513 Wachsmuth.
1394 2476 1544 2512 Hellen.
1592 2475 1721 2510 Alter-

1068 2530 1239 2573 thumsk.
1263 2534 1293 2577 l,
1330 2535 1345 2571 1
1381 2544 1469 2582 pag.
1502 2534 1598 2571 321.
1655 2531 1719 2566 Tu

1067 2589 1168 2625 conl'.
1189 2587 1331 2626 Herod.
1351 2590 1380 2636 l,
1401 2591 1468 2629 27.
1486 2588 1529 2635 V,
1549 2590 1616 2627 77.
1638 2587 1719 2634 Vll,

1070 2648 1162 2685 130.

1092 2729 1101 2738 .
1123 2696 1205 2753 ὅσῳ
1235 2698 1466 2750 προεστέατε
1492 2700 1564 2750 τῆς
1581 2693 1720 2738 Ἑλλά-

1068 2757 1166 2806 δος]
1204 2755 1435 2808 προεστέατε
1464 2769 1513 2794 ex
1542 2769 1618 2793 uua
1651 2756 1721 2792 Al-
