1897 3340
13 454 19 463 Ὗ
27 454 29 466 Ι

14 475 20 494 1

6 805 24 880 Ἰ

16 881 23 1095 ,ἒ

4 1098 21 1218 ,ἕ

2 1233 19 1282 ι

19 1463 25 1488 ῑ

10 1464 17 1512 ,

7 1513 14 1667 ἕ

5 1670 13 1934 J

512 213 984 255 POLYMNIA.
1044 212 1147 249 vll.

1294 207 1310 213 ”
1382 217 1469 259 557

208 328 339 385 ἤϊσαν
369 328 556 384 ἔχοντες,
587 323 826 368 ἀκοντίοισι
857 322 902 365 δὲ
935 319 1204 364 ἐπικαύτοισι
1221 322 1525 377 χρεώμενοι,95

180 397 402 453 Ξᾶρχοντα
445 393 496 439 ’δὲ
541 394 796 447 παρείχοντο
846 389 1094 445 Μασσάγην
1130 388 1209 433 τὸν
1255 389 1468 444 Ὀαρίζου.

71 450 137 496 72
208 463 497 520 Παφλαγόνες
526 462 571 505 δὲ
601 457 924 513 ἐστρατεύοντο,
956 458 1025 501 ἐπὶ
1054 458 1133 513 μὲν
1153 461 1254 515 τῇσι
1284 462 1472 515 κεφαλῇ-

201 545 245 576 σι
275 534 442 588 ἕχοντες
466 527 627 583 κράνεα
655 527 949 584 πεπλεγμένα,
980 524 1164 578 ἀσπίδας
1194 526 1240 569 δὲ
1271 526 1467 582 σμικρὰς,

202 599 355 655 αἰχμὰς
384 599 429 642 δὲ
460 596 514 640 οὐ
534 593 739 652 μεγάλας·
781 595 892 650 πρός
922 594 988 646 δὲ,
1029 593 1210 638 ἀκόντια
1235 594 1308 639 καὶ
1339 595 1466 651 ἔγχει·
1525 624 1539 642 r

200 670 351 723 ρίδιαέ
370 665 543 720 περὶδὲ
573 663 678 715 τοὺς
707 662 848 714 πόδας
867 696 878 718 ,
907 663 1059 707 πέδιλα
1088 662 1295 719 ἐπιχώρια
1324 662 1367 714 ἐς
1396 663 1465 717 μέ-

171 744 285 792 Ξσην
324 734 494 789 κνήμην
535 730 818 775 ἀνατείνοντα
860 733 1017 788 Λίγυες
1039 732 1093 775 δὲ
1123 732 1197 775 καὶ
1227 731 1464 786 Ματιηνοὶ,

196 803 266 846 καὶ
298 803 612 855 Μαριανδυνοί
641 817 685 844 τε
715 800 790 843 καὶ
818 799 977 853 Σύροι,
1010 799 1090 856 τὴν
1121 798 1261 856 αὐτήν
1290 800 1489 855 ἔχοντεςΙ

198 868 480 925 Παφλαγόσι,
510 868 833 924 ἐστρατεύοντο.
895 870 939 912 οἱ
971 868 1016 911 δὲ
1046 868 1194 923 Σύροι
1223 863 1344 913 οὗτοι
1374 866 1462 912 ὑπὸ

163 936 404 992 3Περσέων
426 937 720 981 Καππαδόκαι
739 937 982 981 καλέονται.
1040 936 1354 993 Παφλαγόνων
1383 937 1464 992 μέν

191 1022 276 1048 νυν
306 1006 377 1049 καὶ
397 1010 805 1061 ΜατιηνῶνΔώτος
834 1004 858 1050 ὁ
889 1007 1177 1061 Μεγασίδρου
1207 1001 1333 1061 ἦρχε·
1363 1009 1463 1049 Μα-

195 1076 449 1127 ριανδυνῶν
471 1074 516 1117 δὲ
546 1074 619 1117 καὶ
653 1073 847 1130 Λιγύων,
878 1075 950 1117 καὶ
970 1074 1155 1128 Σύρων,
1188 1074 1403 1131 Γωβρύης
1434 1073 1490 1118 ὁ5

133 1343 264 1394 quitur
290 1342 390 1380 Aen.
404 1343 486 1391 VII,
517 1340 596 1385 524
618 1343 705 1381 coll.
722 1344 791 1393 XI,

132 1397 227 1441 894.
241 1400 339 1436 Hinc
351 1398 528 1439 Larcher.
550 1399 700 1439 reddit:
733 1401 793 1440 des

131 1456 275 1494 iavelots
305 1457 426 1495 durcis
445 1471 494 1494 αιι
505 1456 586 1509 seu.

327 1547 419 1599 Cap.
440 1548 601 1588 LXXII.

187 1625 471 1680 Παφλαγόνες]
495 1627 580 1667 Vid.
603 1641 714 1679 supra
724 1630 790 1677 111,

127 1684 194 1724 90.
225 1686 283 1720 De
304 1698 469 1736 quorum
489 1686 605 1736 galeis
620 1684 791 1723 Larche-

127 1753 190 1777 rus
216 1742 379 1778 conferri
419 1742 501 1779 vult
538 1741 790 1793 Xenophont-

126 1797 252 1835 Anab.
279 1799 324 1846 V,
357 1797 382 1838 4
418 1799 454 1844 ξ.
485 1801 509 1838 6
532 1799 637 1848 [13].
669 1800 790 1837 Voces

125 1850 275 1904 κράνεα
317 1853 564 1906 πεπλεγμένα
604 1857 711 1906 attigi
741 1855 790 1894 ad

126 1910 207 1958 Vll,
239 1913 291 1951 63
315 1918 352 1948 et
381 1912 496 1948 verba
527 1910 788 1960 πέδιλα-ἒς

125 1965 251 2018 μέσην
275 1963 436 2020 κνήμην
463 1963 724 2010 ἀνατείνοντα
739 1969 788 2008 ad

123 2024 205 2072 vu,
236 2026 302 2065 67.

180 2104 366 2156 Λίγυες]
416 2105 492 2141 Alii
508 2110 515 2113 ⁴
530 2111 618 2143 sunt
648 2104 788 2156 Ligyes

122 2160 205 2207 VII,
238 2161 316 2201 165
347 2161 396 2198 ad
425 2163 612 2199 Massiliae
649 2164 786 2200 vicini—

123 2223 242 2254 tatem
268 2219 308 2254 in
338 2219 460 2255 Gallia
491 2218 721 2271 quaerendi,
742 2227 786 2256 ut

124 2280 258 2310 monet
285 2276 406 2312 Kruse
436 2277 576 2317 Histor.
607 2275 725 2314 Arch.
753 2278 783 2325 Ι,

124 2332 151 2369 2
171 2341 258 2379 pag·
280 2333 346 2370 61.
404 2331 477 2377 Qui
507 2331 547 2370 h.
578 2333 603 2370 l.
633 2346 786 2370 memo-

123 2392 255 2421 rantur
274 2385 423 2436 Ligyes,
444 2388 492 2425 acl
516 2390 647 2426 Asiam
665 2392 785 2441 perti-

123 2448 218 2478 nent
239 2448 275 2478 et
295 2442 450 2494 quidem
463 2474 472 2492 ,
494 2445 691 2483 Eustathio
713 2460 783 2484 au-

123 2504 226 2534 ctore
242 2497 289 2534 ad
309 2500 466 2550 Dionys.
491 2501 640 2552 Perieg.
661 2516 715 2540 vS.
728 2506 782 2544 76

122 2553 171 2591 ad
211 2554 457 2604 Colchidem3
496 2570 589 2594 nam
617 2560 783 2596 multum

120 2624 212 2648 sane
233 2613 438 2663 antiquitus
454 2626 522 2663 per
541 2614 670 2651 Asiam
688 2614 781 2652 haec

121 2680 213 2717 gens
257 2676 414 2706 extensa
461 2669 574 2707 fuisse
620 2670 782 2719 videtur,

125 2722 219 2760 dum
246 2726 285 2761 in
318 2726 495 2776 Europae
522 2733 660 2764 tractus
680 2729 785 2764 occi-

123 2778 291 2818 dentales
318 2783 559 2832 immigrarit.
616 2785 674 2819 De
697 2783 785 2821 ,Ma—

123 2838 228 2875 tienis
246 2836 323 2878 vid.
353 2845 450 2877 nott.
471 2838 520 2877 ad
538 2841 567 2888 Ι,
589 2842 644 2881 72
672 2847 710 2878 et
737 2839 786 2878 de

0 1147 6 1177 ἐ
55 1137 119 1183 73
187 1144 382 1200 Δαρείου
420 1158 465 1187 τε
500 1142 574 1187 καὶ
602 1140 908 1201 Ἀρτυστώνης.
969 1143 1140 1201 Φρύγες
1169 1142 1215 1188 δὲ
1238 1141 1460 1200 ἀγχοτάτω
1518 1154 1793 1217 ξὶπγςεε,Μειοο-

1541 1191 1649 1218 ombus
1669 1192 1741 1219 olim
1759 1192 1793 1219 fi-

1517 1224 1625 1261 nitimi,
1644 1228 1778 1264 tuncque

851 1343 1111 1396 Mariandynis
1131 1344 1160 1392 Ῑ,
1181 1345 1246 1385 28.
1268 1344 1335 1392 ΙΠ,
1358 1344 1425 1384 90.
1456 1344 1517 1380 Do

851 1401 960 1452 Syris
972 1429 987 1446 ,
1017 1404 1082 1453 qui
1117 1401 1343 1452 Cappadoces
1369 1413 1519 1438 vocan-

849 1465 935 1506 tur,
974 1458 1050 1497 vid.
1085 1460 1114 1506 1,
1146 1462 1214 1500 72.
1235 1459 1280 1507 V,
1300 1457 1354 1499 49
1385 1458 1514 1510 ibique

848 1516 976 1553 allata.
1032 1514 1096 1552 Ad
1115 1528 1239 1563 voces,
1262 1527 1360 1568 quae
1380 1515 1516 1551 subse-

848 1580 1018 1624 quuutur
1037 1569 1111 1622 τὴν
1134 1567 1261 1624 αύτὴν
1293 1570 1445 1624 ἔχοντες
1464 1570 1514 1613 cf·

847 1636 944 1667 nott.
966 1629 1015 1667 ad
1042 1629 1125 1678 Vll,
1147 1632 1214 1671 62.

1038 1719 1130 1772 Cap.
1150 1719 1330 1756 LXXIII.

907 1795 1064 1852 Φρύγες
1078 1797 1121 1839 δὲ
1142 1793 1345 1853 ἀγχοτάτω
1357 1812 1393 1836 κ.
1410 1811 1441 1836 τ.
1454 1797 1514 1848 λ.]

847 1855 1009 1907 Phryges
1028 1858 1163 1893 Noster
1183 1860 1461 1893 commemorat
1478 1855 1511 1902 I,

845 1914 1064 1960 28.72.111‚
1086 1915 1153 1953 90.
1176 1913 1248 1958 Qui
1267 1911 1386 1948 iidem
1406 1909 1514 1963 quod

844 1968 986 2019 Bryges
1006 1970 1098 2006 olim
1110 1970 1234 2007 vocati
1247 1976 1347 2015 sunt,
1369 1981 1417 2004 ex
1427 1969 1512 2004 Eu-

844 2038 937 2076 ropa
958 2028 997 2063 in
1017 2027 1151 2063 Asiam
1179 2027 1420 2076 transgressi,
1446 2037 1511 2061 re-

842 2082 969 2120 ferunt
998 2082 1071 2120 hoc
1093 2082 1141 2120 ad
1162 2082 1419 2119 Macedonum
1444 2094 1511 2118 so-

841 2152 958 2187 num,
981 2153 1057 2192 quo
1088 2141 1282 2186 Βίλιππος
1308 2146 1345 2176 et
1373 2134 1509 2177 Βάλα·

842 2211 936 2249 κρος
973 2198 1034 2235 isti
1054 2196 1232 2234 dicebant
1260 2210 1329 2248 pro
1355 2196 1509 2235 Φίλιπ-

839 2290 916 2323 πος
947 2283 984 2313 et
1025 2273 1260 2328 (Doikocnoog‘,
1282 2276 1430 2312 literam
1460 2290 1508 2326 φ.

840 2345 1042 2385 nunquam
1063 2335 1170 2371 initio
1192 2346 1333 2371 vocum
1354 2345 1507 2383 ponen-

839 2397 916 2438 tes,
938 2397 980 2427 ut
1000 2389 1049 2427 ad
1068 2391 1130 2438 VI,
1151 2389 1205 2431 45
1226 2392 1304 2426 iam
1326 2389 1508 2427 diximus.

839 2447 890 2484 Et
909 2454 1261 2484 commemorantur
1282 2446 1444 2498 Bryges,
1464 2453 1509 2484 ut

839 2511 946 2540 notat
975 2506 1254 2555 Wesselingius
1281 2503 1383 2556 apud
1416 2505 1508 2542 Ste-

838 2557 958 2609 phan.
986 2562 1149 2614 Byzant.
1179 2575 1209 2599 s.
1242 2576 1279 2601 v.
1317 2573 1406 2613 pag.
1423 2560 1507 2602 246

840 2622 876 2652 et
917 2617 1063 2655 Conon.
1097 2620 1244 2655 Narrat.
1283 2621 1318 2658 1.
1386 2616 1507 2654 Addit

841 2671 1152 2724 Schweighaeus.
1192 2672 1374 2727 Βρύγους
1403 2674 1506 2709 eius-

841 2727 931 2765 dem
951 2732 1105 2781 orIginis
1123 2738 1292 2781 gentem,
1313 2732 1352 2766 in
1373 2728 1504 2765 Thra-

841 2786 900 2822 cia
921 2799 1018 2838 quae
1037 2789 1231 2833 manserit,
1253 2793 1346 2823 teste
1376 2787 1503 2821 Hero-

843 2840 922 2883 dot.
942 2844 1005 2893 VI,
1028 2843 1080 2885 45
1083 2871 1100 2889 ,
1129 2844 1196 2880 ubi
1227 2842 1329 2880 conf.
1348 2848 1443 2881 nott.
1465 2848 1503 2879 et
