1897 3340
420 260 504 300 524

815 257 1276 296 HERODOTI

419 383 518 419 „vot
551 368 594 410 οἱ
621 365 706 420 πρὸ
737 366 837 423 ἐμεῦ
865 367 1090 422 γενόμενοι
1120 364 1314 422 βασιλέες
1342 365 1538 421 γνώμῃσι
1565 365 1678 421 ἐχρέ-

423 450 552 488 ,,οντο
593 433 769 490 ὁμοίῃσι
811 435 884 491 καὶ
923 433 999 483 σύ,
1041 433 1068 489 ἢ
1105 433 1163 489 μή
1201 431 1430 489 χρεόμενοι
1479 432 1679 490 γνώμῃσι

421 502 697 558 ,,τοιαυ’τῃσι,
755 501 913 553 ἄλλους
959 500 1240 556 συμβούλους
1278 499 1395 556 εἶχον
1434 499 1677 553 τοιούτους,

419 569 531 623 ,,ου’κ
556 568 616 612 ἅν
627 585 725 612 κοτε
755 566 865 620 εἶδες
886 568 997 612 αὐτοὶ
1029 570 1070 620 ἐς
1099 573 1229 613 τοῦτο
1259 567 1554 623 προελθόντα·
1596 571 1734 612 νῦν45

419 638 493 689 „62-
514 635 807 687 κινδύνουςα

391 703 651 760 7,,γοῖγοντο.

421 783 566 826 ,,νοισι
602 770 740 815 ἐθέλει
770 771 1086 825 καταιρέεσθαι.

781 635 1154 691 οὲναρῥιπτέοντες,
1186 637 1226 687 ἐς
1256 636 1384 680 τοῦτό
1417 648 1528 692 σφεα
1548 651 1678 692 προη-

709 702 873 759 μεγαλα
901 703 984 759 γὰρ
1014 703 1242 760 πρήγματα
1279 704 1502 760 μεγάλοισι
1532 702 1680 747 κινδύ-

1140 771 1284 826 Ἡμεῖς
1314 773 1465 814 τοίνυν
1477 806 1486 824 ,
1508 770 1679 826 ὁμοιεύ-

421 855 572 895 ,,μενοι
600 840 792 891 κείνοισι,
814 838 934 895 ὥρην
951 855 996 882 τε
1014 841 1096 882 τοῦ
1117 838 1229 889 ἔτεος
1245 841 1476 896 καλλίστην
1496 836 1679 893 πορευό-
1703 857 1706 859 ·

418 911 583 961 ,,μεθα,
613 906 688 949 καὶ
719 906 1122 961 καταστρεψάμενοι
1158 910 1305 950 πᾶσαν
1341 907 1421 963 τὴν
1445 905 1676 962 Εὐρώπην,
1689 913 1734 948 50

419 973 718 1029 ,,νοστήσομεν
749 972 907 1026 ὀπίσω,
940 973 1040 1018 οὔτε
1069 977 1180 1030 λιμῷ
1211 973 1460 1030 ἐντυχόντες
1490 973 1679 1029 οὐδαμό-

395 1046 527 1094 8,,θι,
575 1040 673 1084 οὔτε
704 1042 805 1085 ἄλλο
835 1041 963 1097 ἄχαρι
993 1040 1207 1091 παθόντες
1246 1039 1388 1084 οὐδέν.

1445 1045 1575 1085 τοῦτο
1601 1041 1680 1096 μὲν

418 1107 548 1166 ,,γοὲρ,
580 1107 706 1152 αὐτοὶ
734 1109 902 1164 πολλήν
924 1109 1098 1165 φορβήν
1122 1107 1356 1165 φερόμενοι
1384 1108 1678 1164 πορευόμεθα·

420 1179 575 1228 „wazo
604 1177 672 1229 δὲ,
712 1181 802 1220 τῶν
837 1177 892 1219 ἄν
932 1193 1015 1220 κου
1046 1175 1281 1232 ἐπιβέωμεν
1318 1180 1401 1232 γῆν
1432 1177 1506 1221 καὶ
1538 1176 1679 1228 ἔθνος,

417 1243 613 1297 „votivam
636 1243 716 1288 τὸν
745 1249 868 1288 σῖτον
891 1244 1057 1300 ἕξομεν·
1088 1243 1149 1288 ἐπ’
1179 1243 1399 1301 ἀροτῆρας
1432 1244 1501 1298 δὲ,
1522 1245 1594 1289 καὶ
1618 1243 1680 1288 οὐ
1692 1251 1734 1284 55

419 1448 598 1502 βασιλέες
627 1447 808 1521 γνώμῃσι
841 1450 1019 1505 εχρέοντο

362 1504 524 1562 ὁμοίῃσι
544 1506 608 1547 καὶ
622 1506 689 1557 συ]
705 1508 879 1559 βασιλέες
891 1511 1019 1561 scripsi

360 1576 430 1614 pro
439 1564 649 1630 βασιλῆες.
671 1565 860 1616 ἐχρέοντο,
875 1573 914 1603 ut
926 1580 1019 1604 mox

361 1615 577 1670 χρεόμενοι,
593 1635 690 1658 unus
712 1624 901 1659 Parisinus
922 1636 1016 1673 sug-

360 1677 528 1726 gerebat.
589 1678 697 1714 Conf.
719 1680 839 1715 Koen.
862 1678 909 1715 ad
921 1681 1017 1715 Gre-

361 1744 443 1782 gor.
471 1733 556 1771 Cor.
579 1732 626 1770 de
664 1733 1015 1781 dialect.10uic.§.

365 1787 416 1829 15
446 1802 532 1839 pag.
554 1792 648 1831 597
687 1789 1017 1844 Ρνοομοίῃσικαὶ

363 1841 411 1883 σύ
432 1846 572 1883 Aldina
594 1845 747 1884 exhibet
766 1850 855 1897 τῇσι
875 1848 940 1887 καὶ
969 1846 1016 1887 σὺ

361 1913 433 1938 nec
450 1903 573 1954 ipsum
584 1904 631 1939 ab
644 1903 826 1940 Herodoti
847 1917 917 1941 usu
927 1905 1020 1941 alie-

359 1970 469 1997 num.
528 1960 636 2001 Conf.
657 1967 753 1997 nott.
774 1960 821 1997 ad
842 1962 904 2009 IV,
929 1963 1020 2001 109.

362 2015 502 2053 struve
549 2017 662 2068 Spec.
701 2017 851 2063 Quaest.
883 2019 901 2054 1
928 2030 1017 2069 pag.

360 2071 430 2112 25.
459 2075 528 2113 26.

417 2130 494 2167 νῦν
525 2126 568 2167 δὲ
601 2124 817 2175 κινδύνους
852 2125 1020 2180 οἷναρῥι-

360 2182 559 2234 πτὲοντες]
596 2185 622 2221 i.
660 2199 693 2224 e.
739 2186 900 2235 pericula
937 2187 1019 2222 sub-

359 2243 489 2278 euntes.
555 2243 661 2277 Bene
702 2241 1016 2278 Valckenaerius:

360 2295 452 2342 „Ad
472 2295 583 2333 huius
604 2297 854 2333 imitationem
870 2299 924 2334 bis
941 2305 1018 2333 ter-

359 2364 406 2387 ve
427 2352 617 2391 κίνδυνον
649 2348 906 2403 α’ναρῤίπτειν
923 2353 1018 2390 dixit

359 2406 608 2460 Thucydides
652 2409 668 2456 [
687 2410 759 2456 lv,
799 2410 850 2450 85
889 2410 1016 2460 ibique

361 2463 559 2514 Duker.]3
581 2466 626 2501 ab
648 2463 705 2501 his
726 2467 950 2502 recentiores
969 2467 1017 2502 il-

359 2519 428 2557 lud
466 2528 786 2558 transumserunt:
826 2523 1018 2561 κίνδυνον

359 2576 457 2629 μέγα
488 2578 640 2628 ῥίπτειν
669 2577 858 2628 Euripidis
897 2586 950 2616 est
979 2581 1016 2615 in

360 2635 472 2674 Inon.
512 2633 578 2682 24,
619 2636 765 2684 saepius
806 2635 957 2684 ῥίπτειν
978 2637 1017 2672 in

359 2690 474 2728 istum
494 2704 606 2727 usum
627 2689 1016 2731 adhibentisfflucian.

359 2748 378 2783 1
398 2761 435 2798 p.
455 2749 585 2789 768.“
616 2749 681 2784 His
693 2746 949 2785 add.Siebelis
971 2748 1018 2785 ad

360 2805 524 2841 Pausan.
544 2806 609 2852 111,
631 2804 655 2844 5
677 2805 713 2849 ξ.
737 2807 774 2844 3.
798 2826 849 2831 -—
879 2807 954 2842 νῦν
976 2803 1018 2843 δὲ

360 2860 497 2899 eodem
510 2868 633 2913 pacto,
643 2873 719 2914 quo
729 2861 931 2910 111‚25,ubi
941 2860 1015 2900 vid.

1134 1393 1281 1449 μεγάλα
1312 1394 1386 1449 γαρ
1423 1391 1633 1449 πρήγματα
1667 1410 1733 1447 με-

1075 1450 1229 1506 γάλοισι
1257 1451 1483 1493 κινδύνοισι
1514 1453 1642 1492 ἐθέλει
1663 1468 1734 1491 κα-

1075 1510 1320 1560 ταιρέεσθαι]
1346 1509 1465 1547 Affert
1484 1508 1733 1548 Valckenaer.

1075 1567 1353 1603 Terentianum
1368 1566 1461 1603 illud
1475 1567 1516 1602 in
1537 1568 1735 1602 Heauton-

1073 1624 1156 1662 tim.
1186 1625 1234 1670 11,
1266 1627 1303 1670 3,
1326 1625 1401 1663 37:
1434 1621 1514 1660 Non
1525 1624 1576 1673 fit
1596 1625 1735 1672 sinepe-

1073 1679 1186 1716 riculo
1207 1679 1360 1729 facinus
1387 1691 1554 1727 magnum
1586 1682 1618 1715 et
1641 1691 1732 1716 com-

1073 1735 1329 1781 memorabile,“
1350 1736 1520 1786 itemque
1541 1733 1732 1773 Chariton.

1072 1794 1184 1838 11,1O
1206 1805 1242 1841 p-
1257 1794 1308 1831 37
1320 1804 1348 1829 S.
1366 1791 1414 1831 51
1438 1793 1554 1842 Lips.y
1577 1791 1642 1842 qui
1657 1792 1733 1827 He-

1074 1847 1230 1884 rodotea
1259 1848 1385 1884 forsan
1414 1847 1526 1884 fuerit
1553 1848 1733 1886 imitatus.

1075 1905 1159 1950 Ubi‘
1182 1904 1282 1941 conf.
1312 1904 1493 1941 Dorville.
1537 1916 1626 1954 pag.
1649 1905 1734 1944 330

1074 1962 1177 2011 Lips.
1234 1961 1401 1997 Verbum
1443 1959 1733 2012 καταιρέεσθαι,

1076 2019 1182 2054 cuius
1214 2017 1298 2053 loco
1330 2017 1515 2054 Stobaeus
1535 2028 1734 2067 perperam

1076 2073 1144 2113 καὶ
1182 2071 1409 2124 αἱρέεσθαι,
1440 2074 1735 2123 interpretantur

1075 2131 1237 2180 conficere
1249 2158 1258 2175 ‚
1286 2142 1464 2178 peragere,
1486 2135 1528 2165 ut
1539 2127 1639 2179 apud
1650 2129 1734 2164 Eu-

1075 2185 1186 2236 ripid.
1209 2185 1448 2235 suppl-759.
1469 2185 1569 2223 Ptut.
1583 2186 1732 2222 Cimon.

1077 2244 1128 2281 13
1149 2243 1231 2282 init,
1257 2253 1343 2290 pag.
1365 2239 1460 2281 486.
1481 2242 1526 2277 E.
1550 2240 1732 2279 Herodot-

1074 2297 1222 2344 1X,35,
1243 2298 1308 2333 ubi
1329 2295 1636 2348 συγκαταιρέειν.
1658 2299 1732 2334 lta-

1073 2367 1148 2406 que
1170 2352 1229 2389 hic
1260 2354 1338 2389 sere
1367 2353 1439 2390 loci
1465 2365 1616 2391 sensus:
1653 2366 1729 2391 ma-

1072 2423 1164 2458 gnas
1183 2422 1234 2446 res
1255 2423 1323 2446 non
1346 2411 1419 2446 m'si
1435 2412 1576 2459 magnis
1588 2411 1729 2460 pericu-

1073 2467 1117 2503 lis
1140 2464 1334 2516 (susceptis
1363 2465 1595 2519 feliciterque
1614 2478 1730 2517 supe-

1072 2523 1179 2570 ratis)
1197 2535 1322 2573 peragz
1340 2536 1456 2572 posse.

1131 2577 1247 2629 ἄχαρι
1287 2574 1484 2624 παθόντες
1510 2572 1661 2626 ου’δὲν.]
1699 2577 1733 2613 Ε

1074 2636 1291 2672 Florentino
1311 2636 1362 2672 sic
1384 2634 1528 2671 editum
1548 2646 1617 2684 pro
1629 2633 1734 2684 vulg.

1076 2689 1194 2742 α’χαρι
1216 2688 1334 2730 ον’ὂὲν
1354 2686 1561 2736 παθόντες.
1598 2688 1733 2726 Adlo-

1075 2749 1268 2785 cutionem
1298 2748 1399 2784 conf.
1426 2748 1473 2793 11,
1498 2745 1589 2786 141.
1609 2746 1672 2793 VI,
1693 2747 1731 2792 9,

1075 2812 1112 2841 et
1133 2804 1181 2841 ad
1212 2805 1372 2842 verbum
1400 2801 1632 2853 ἐπιβαίνειν,
1662 2813 1731 2851 ge-

1075 2862 1195 2900 nitivo
1214 2859 1356 2909 addito,
1377 2865 1472 2897 nott.
1489 2857 1537 2896 ad
1556 2858 1622 2906 IV,
1636 2855 1729 2898 125.
