1897 3340
528 230 1176 270 POLYMNIA.V11.
1375 238 1461 278 549

192 341 359 392 πάντας
397 340 500 392 τούς
526 338 710 391 Σκύθας
748 337 953 382 καλέουσι
993 339 1159 392 Σάκας.
1229 343 1461 396 Βακτρίων

193 411 238 453 δὲ
269 410 341 452 καὶ
374 408 555 451 Σακέων
591 402 695 462 ἦρχε
733 405 997 462 Ὑστάσπης,
1041 406 1065 450 ὁ
1096 409 1293 461 Δαρείου
1314 424 1359 452 τε
1389 410 1462 453 καὶ
1474 414 1520 451 40

14 495 21 535 3
57 477 124 522 65
188 476 387 532 Ἀτόσσης
423 480 497 531 τῆς
539 474 705 529 Κύρου.
762 473 888 517 Ἰνδοὶ
927 474 973 518 δὲ
1000 475 1153 530 εἵματα
1178 475 1259 532 μὲν
1280 477 1453 521 ἐνδεδυ·
1513 486 1588 515 Indi·

14 551 17 559 ⁸
190 545 313 596 κότες
343 542 429 587 άπὸ
460 540 602 594 ξύλων
630 540 918 597 πεποιημένα,
953 541 1056 594 τόξα
1082 543 1127 586 δὲ
1156 543 1374 601 καλάμινα
1406 543 1463 588 εἴ·

190 628 291 669 χον,
334 612 406 655 καὶ
445 607 616 659 ὀϊστούς
645 611 938 666 καλαμίνους·
978 610 1047 654 ἐπὶ
1078 610 1147 663 δὲ,
1181 613 1364 669 σίδηρον
1392 607 1461 668 ἦν.

189 677 437 735 ἐσταλμένοι
466 675 545 730 μὲν
575 675 629 731 δὴ
659 671 772 732 ἦσαν
802 677 918 721 οὕτω
941 676 1090 722 Ἰνδοί·
1122 681 1463 737 προσετετάχατο

14 789 17 795 ,
190 748 236 791 δὲ
275 743 668 799 συστρατευόμενοι
725 745 1026 802 Φαρναζάθρῃ
1070 750 1134 804 τῷ
1177 745 1460 805 Ἀρταβάτεω.
1472 750 1518 789 45

54 820 120 865 66
177 813 318 868 ’Ἀριοι
347 812 393 856 δὲ
422 811 583 865 τόξοισι
613 813 693 868 μὲν
722 814 1032 870 ἐσκευασμένοι
1056 809 1172 871 ἦσαν
1201 817 1457 873 Μηδικοῖσι,
1516 812 1636 874 ff&
1610 811 1667 873 Ρῗῃ
1657 812 1728 853 “3¹'‘
1683 847 1793 886 8ος

157 881 240 925 Qvo}
282 880 328 923 δὲ
367 879 476 924 ἄλλα
518 881 630 926 κατά
669 896 749 936 περ
791 879 1016 937 Βάκτριοι.
1083 881 1242 938 Ἀρίων
1283 884 1329 928 δὲ
1356 880 1459 940 ἦρχε
1516 880 1701 943 {33de
1682 857 1791 910 :iffida‘

185 947 411 1004 Σισάμνης
441 947 465 992 ὁ
492 948 734 1005 Ὑδάρνεος.
795 948 974 1004 Πάρθοι
1004 950 1064 1002 δε,
1092 952 1166 995 καὶ
1196 951 1461 1007 Χοράσμιοι,

183 1018 257 1061 καὶ
287 1019 459 1072 Σογδοί
487 1034 532 1061 τε
562 1018 636 1061 καὶ
665 1017 907 1072 Γανδάριοι
928 1020 1002 1063 καὶ
1023 1022 1240 1072 Δαδίκαι,
1270 1019 1351 1076 τήν
1373 1017 1458 1062 αὐ-

183 1084 265 1142 τήν
285 1085 444 1140 σκευήν
465 1085 636 1140 ἔχοντες
664 1084 744 1141 τήν
772 1087 844 1130 καὶ
876 1086 1100 1144 Βάκτριοι,
1132 1086 1458 1144 ἐστρατεύοντο.

156 1153 361 1197 3τούτων
392 1153 437 1197 δὲ
468 1148 604 1209 ἦρχον
634 1155 739 1197 οἵδε.
799 1153 1000 1211 Πάρθων
1027 1157 1108 1213 μὲν
1136 1157 1211 1200 καὶ
1241 1156 1517 1212 Χορασμί-ὃο

184 1238 269 1273 ων,
305 1220 567 1277 Ἀρτάβαζος
588 1218 611 1264 ὁ
654 1221 920 1276 Φαρνάκεω·
961 1226 1154 1280 Σογδῶν
1184 1224 1252 1278 δὲ,
1279 1221 1459 1279 Ἀζάνης

184 1290 209 1334 ὁ
249 1289 477 1345 Ἀρταίου’
545 1291 809 1346 Γανδαρίων
849 1291 897 1336 δὲ
925 1292 999 1336 καὶ
1017 1292 1269 1345 Δαδικέων,
1304 1289 1457 1347 Ἀρτύ-

129 1467 222 1504 bum
242 1480 263 1503 a
294 1466 551 1518 septentrione
572 1465 795 1517 Sogdianae
847 1465 1014 1504 diximus
1043 1465 1093 1505 ad
1120 1468 1202 1516 VII,
1225 1469 1293 1510 62.
1350 1467 1446 1504 Mox
1464 1459 1516 1518 ἦ·

128 1524 227 1560 iutra
262 1524 408 1560 Caliam
437 1537 480 1561 ac
519 1525 674 1575 Byltam
711 1525 791 1561 sive
849 1535 923 1564 σαν
953 1523 1041 1562 dedi
1068 1538 1138 1576 pro
1169 1524 1264 1564 ἕσαν
1293 1531 1331 1561 et
1358 1520 1516 1563 τούτων

126 1582 309 1618 Baltistan
341 1594 384 1618 ac
416 1581 602 1618 Tibetum
633 1593 792 1632 parvam
846 1594 917 1633 pro
949 1580 1141 1629 τουτέων,
1176 1588 1220 1618 ut
1238 1582 1329 1627 VII,
1350 1583 1402 1622 68
1425 1581 1513 1618 coll.

128 1636 315 1675 habitasse
335 1639 456 1689 ponit.
849 1640 917 1679 69.
974 1640 1033 1675 De
1067 1638 1238 1687 Parthis,
1283 1638 1514 1686 Chorasmiis,

344 1717 436 1768 Cap.
456 1717 578 1756 LXV.

186 1792 270 1836 άπό
301 1793 431 1844 ξύλων
452 1794 729 1848 πεποιημένα]
765 1795 791 1834 i.

130 1867 164 1890 e.
195 1857 303 1890 vestes
339 1866 357 1890 e
398 1855 562 1904 gossypio
598 1853 792 1903 consectas.

128 1909 214 1947 vid.
235 1916 329 1947 nott.
351 1908 399 1945 ad
419 1909 485 1957 ΙΙΙ,
502 1912 579 1950 106
601 1916 637 1946 et
658 1908 705 1946 de
720 1922 793 1946 usu

127 1967 413 2018 praeposifionis
444 1961 524 2005 άπὸ
556 1964 692 2002 Matth.
725 1967 792 2003 Gr.

83 2020 87 2025 ¹
129 2025 196 2060 Gr.
229 2025 265 2069 ξ.
285 2022 381 2064 374.
402 2023 440 2060 b.
470 2029 552 2060 not.
579 2035 666 2074 pag.
697 2024 792 2063 688.

127 2082 222 2116 Mox
235 2081 300 2116 ubi
321 2078 417 2116 dixit
436 2076 533 2127 τόξα
544 2077 744 2130 καλάμινα
755 2086 792 2117 et

130 2132 285 2183 ὀϊστούς
307 2136 571 2186 καλαμίνους,
616 2137 791 2187 cogitan-

130 2192 224 2230 dum
240 2192 286 2230 de
299 2193 482 2230 arundine
491 2192 634 2242 Indica
645 2194 706 2230 cui
716 2205 789 2230 no-

129 2249 402 2287 menBambus.
430 2249 516 2289 Vid.
539 2257 635 2288 nott.
656 2249 705 2287 ad
725 2251 790 2298 ΙΙΙ,

132 2307 200 2345 98.
256 2307 302 2341 Iu
330 2319 436 2358 seqq.
477 2308 611 2358 optimi
650 2308 792 2360 quique

135 2359 247 2397 codd.
261 2361 387 2397 ferunt
400 2362 575 2412 σίδηρον,
587 2363 692 2415 quod
704 2364 793 2400 ferri

134 2430 243 2467 posse
282 2424 409 2454 censet
436 2419 668 2470 Wesseling.
706 2421 794 2457 lau-

136 2472 229 2510 dans
268 2473 373 2510 Aret.
415 2473 642 2530 Cappadoc.
667 2477 791 2515 Morb.

135 2530 465 2577 Diuturn.11,13
486 2544 524 2580 p·
541 2530 617 2571 134
633 2516 717 2579 (ubi
738 2533 793 2571 σί-

135 2585 271 2636 δηρα).
327 2587 373 2622 In
404 2585 594 2623 Sanerofti
620 2587 716 2625 libro
735 2589 795 2624 le—

134 2644 236 2693 gitur
259 2641 434 2693 σίδηρος.
492 2641 571 2680 Sed
597 2642 676 2685 vid.
696 2651 794 2682 nott.

136 2698 184 2736 ad
203 2700 286 2747 vn,
312 2701 375 2739 16.

339 2777 433 2828 cap.
452 2777 590 2815 LXVI.

179 2841 319 2896 ’Ἄριοι
348 2842 391 2886 δὲ
411 2861 447 2887 κ.
477 2861 512 2885 τ.
531 2846 587 2895 λ.]
620 2846 677 2883 De
696 2845 796 2884 Arii,

851 1694 1053 1746 Sogdisque
1083 1694 1250 1732 diximus
1272 1694 1320 1731 ad
1348 1696 1414 1742 111,
1445 1696 1512 1741 93,

849 1750 898 1849 ξεῖ
918 1752 1118 1790 Gandczrz‘is
1138 1759 1175 1791 et
1194 1751 1349 1790 Dadicz's
1377 1749 1427 1788 ad
1446 1751 1513 1799 ΠΙ,

907 1940 983 1995 τὴν
1020 1937 1153 1994 αὖτήν
1187 1937 1336 1993 σκευὴν
1360 1939 1516 1992 ἔχοντες

849 1997 924 2051 τὴν
962 1997 1029 2038 καὶ
1069 1995 1285 2051 Βάκτριοι]
1344 1998 1515 2035 Pertinet

849 2055 925 2094 huc
958 2057 1100 2094 Struvii
1122 2056 1321 2107 (Specim.
1357 2055 1512 2101 Quaest-

847 2115 866 2150 Ι
886 2127 924 2165 p.
945 2113 1015 2159 25)
1048 2114 1256 2161 annotatio,
1279 2113 1345 2149 ubi
1365 2110 1404 2149 h.
1425 2112 1451 2150 l.
1474 2117 1512 2148 et

846 2171 987 2208 similes
1008 2183 1058 2206 ex
1087 2168 1283 2207 Herodoto
1304 2168 1440 2214 affert,
1471 2169 1514 2204 in

849 2228 986 2296 quibus
1004 2225 1233 2264 antecedens
1251 2238 1466 2277 pronomen
1492 2240 1512 2264 ο

850 2279 970 2331 αὐτος
991 2284 1132 2335 exeipit
1151 2284 1355 2321 relativum
1368 2283 1513 2334 aspira-

847 2343 952 2379 tione
985 2342 1152 2388 reiecta,
1191 2339 1260 2377 sed
1289 2339 1418 2377 addita
1463 2337 1513 2376 ad

847 2399 1034 2435 maiorem
1053 2398 1264 2435 sententiae
1288 2398 1369 2435 vim
1389 2409 1433 2433 ac
1453 2402 1513 2432 te-

848 2468 984 2492 norem
1021 2453 1207 2506 particula
1243 2453 1325 2493 καί.
1353 2474 1411 2480 —
1467 2453 1513 2489 In

849 2524 931 2563 sqq.
950 2510 999 2548 ad
1017 2524 1162 2548 nomen
1176 2505 1407 2562 Ἀρτύφιος
1409 2507 1514 2546 haud

850 2569 927 2604 scio
971 2580 1020 2604 an
1072 2569 1260 2619 pertineat
1301 2562 1516 2618 Ἀρτύβιος

852 2622 976 2674 (quod
1003 2625 1130 2675 ipsum
1158 2623 1221 2662 hic
1250 2623 1408 2676 quidam
1428 2622 1515 2658 libri

850 2679 1062 2727 afferunt),
1102 2682 1168 2733 qui
1196 2685 1434 2717 memoratur
1464 2678 1511 2724 V,

853 2737 932 2777 108
953 2743 990 2773 et
1008 2737 1089 2785 V11,
1098 2736 1193 2784 224,
1213 2738 1281 2773 ubi
1298 2730 1512 2785 Ἀρτάνης,

850 2791 957 2843 quod
986 2793 1113 2844 ipsum
1142 2791 1218 2830 hoo
1246 2793 1332 2829 loco
1367 2791 1513 2841 aliquot

848 2847 935 2886 libri
962 2849 1207 2901 suppeditant
1229 2860 1300 2900 pro
1327 2842 1513 2898 Ἀζάνης.
