1897 3340
6 355 7 359 ,
42 303 140 348 103

449 183 1115 226 TERPSICHORE.

1177 186 1220 221 V.
1392 186 1476 228 207

302 297 406 342 Τότε
434 297 514 352 μὲν
543 294 596 350 δὴ
626 293 740 337 οὕτω
770 291 1066 348 η’γωνίσαντο·
1121 291 1226 348 μετὰ
1256 291 1322 344 δὲ,
1354 291 1478 350 Ἀθη·

204 370 325 409 ναῖοι
367 366 446 421 μὲν
492 362 541 406 τὸ
583 360 792 414 παράπαν
840 358 1128 411 ἀπολιπόντες
1172 359 1275 410 τούς
1308 359 1477 413 Ἴωνας,

203 432 541 488 ἐπικαλεομένου
573 429 708 484 σφέας
737 429 876 472 πολλοὶ
909 427 968 472 δι’
1003 427 1198 484 ἀγγέλων
1232 427 1477 484 Ἀρισταγό-

175 508 313 556 Ξρεω,
351 498 433 543 οὐκ
463 498 634 554 ἔφασαν
662 497 924 553 τιμωρήσειν
964 499 1101 552 σφίσι.
1149 495 1295 547 Ἴωνες
1326 497 1370 540 δὲ
1399 501 1476 553 τῆς

200 567 444 623 Ἀθηναίων
488 566 731 621 συμμαχίης
769 567 1070 622 στερηθέντες,
1111 563 1249 616 (οὕτω
1278 565 1363 620 γάρ
1395 573 1527 621 σφιὸἑ

201 634 365 691 ὑπῆρχε
405 634 674 689 πεποιημένα
713 633 757 684 ἐς
792 639 1006 688 Δαρεῖον)
1055 630 1189 677 οὐδὲν
1239 632 1293 689 δὴ
1334 627 1473 688 ἧσσον

171 701 282 746 3τὸν
309 701 418 756 πρὸς
455 700 635 756 βασιλέα
672 700 866 757 πόλεμον
903 700 1200 755 ἐσκευάζοντο.

1261 700 1473 744 Πλώσαν-

197 785 262 821 τες
283 769 328 813 δὲ
346 769 388 819 ἐς
408 767 486 813 τόν
512 767 843 825 Ἑλλήσποντον,
874 769 1118 823 Βυζάντιόν
1139 786 1184 813 τε
1201 769 1272 813 καὶ
1305 769 1381 820 τοὶς
1404 768 1473 812 ἅλ-

196 841 274 888 aas·
303 837 428 887 πόλις
467 836 637 888 ἁπάσας
679 836 756 888 τοὶς
785 835 924 894 ταύτῃ
964 836 1047 881 ὑπ’
1082 837 1285 881 ἑωυτοῖσι
1330 836 1474 894 ἐποιή-

169 907 194 944 4
204 916 348 948 σαντο.

408 904 704 956 ἐκπλώσαντές
731 921 774 949 τε
805 906 882 958 ἔξω
913 906 991 949 τὸν
1015 905 1350 962 Ἑλλήσποντον,
1384 909 1471 948 Κα-

1535 309 1608 337 Inde
1624 313 1719 347 lones,
1732 316 1791 343 etei

1536 345 1736 372 Asswnivn-v-
1758 351 1808 377 ‹10-

1534 386 1613 404 mum
1637 379 1783 409 discesse-

1534 417 1614 446 rant,
1634 414 1728 441 nihilo
1745 426 1791 443 se-

1534 446 1598 472 cius
1621 446 1649 473 in
1673 449 1752 475 bello

1533 487 1779 517 perseverantes,

1534 518 1564 540 et
1580 514 1618 548 B)
1628 515 1759 542 zantium

1533 552 1733 584 caeterasque

1532 581 1728 617 Hellesponti
1759 592 1808 612 ur-

1531 616 1583 642 bes
1605 623 1790 653 expugnant,

1532 654 1563 676 et
1582 658 1722 684 magnam
1748 653 1806 679 (Ja-

1530 683 1596 710 riae
1614 687 1732 717 partem
1751 685 1789 713 ad

1530 716 1733 745 defectionem

1531 755 1720 787 permovent.

199 973 295 1030 ρίης
331 971 412 1029 τήν
455 972 620 1030 πολλὴν
668 974 1021 1030 προσεκτήσαντο
1070 976 1195 1031 σφίσι
1240 973 1470 1030 σύμμαχον
1485 979 1530 1013 90

143 1159 300 1198 victoria
321 1166 491 1204 enarrat,
523 1159 553 1196 si
586 1171 675 1195 cum
696 1158 805 1196 Stra-

142 1217 234 1254 bon.
255 1218 293 1253 X
313 1231 350 1267 p.
373 1215 454 1257 446
475 1229 580 1267 seqq.
614 1215 695 1255 448
716 1229 804 1266 pag.

144 1275 226 1314 687
250 1274 292 1310 C.
316 1274 572 1318 conferantur,
593 1272 704 1309 valde
715 1286 806 1323 pro-

143 1330 268 1367 babile
289 1344 379 1377 esse,
405 1329 631 1366 Eualcidem
651 1330 803 1377 Eleum,

145 1400 261 1439 quem
292 1388 496 1424 Pausanias
525 1387 587 1434 VI,
622 1388 669 1426 16
702 1387 738 1432 ξ.
779 1386 805 1426 4

144 1451 423 1480 commemorat
450 1444 651 1494 Olympiae
680 1444 804 1482 victo-

144 1514 248 1549 rem,
278 1500 443 1537 eundem
465 1513 543 1536 esse
565 1507 678 1550 atque
700 1513 802 1546 eum,

144 1559 208 1609 qui
238 1564 322 1608 post
351 1556 432 1593 dux
458 1556 572 1592 fuerit
605 1557 803 1592 Eretrien-

142 1615 254 1650 simn.
302 1615 400 1650 Nam
416 1613 478 1650 vel
497 1620 585 1649 aute
605 1611 678 1660 hoc
700 1620 803 1649 tem-

142 1683 212 1722 pus
242 1669 425 1721 (Olymp.
458 1672 525 1717 70,
562 1672 588 1709 2
609 1683 639 1706 s·
664 1668 745 1710 499
769 1683 801 1706 a·

143 1725 232 1764 Chr.
253 1729 313 1777 11.)
328 1727 444 1763 Ceam
464 1727 628 1763 insulam
649 1727 695 1762 ab
706 1728 805 1763 Ere-

142 1785 220 1822 triis
250 1782 474 1835 pependisse
505 1782 611 1820 idem
643 1785 806 1821 coniecit

141 1840 390 1878 Broendsted.
409 1862 466 1869 -—-
498 1841 622 1876 Verba
644 1836 805 1879 ἐσκεδά-

143 1902 302 1949 σθησαν
320 1893 401 1936 civo?
421 1894 490 1943 τοὶς
501 1894 644 1943 πόλιας
665 1899 804 1935 excitat

142 1953 308 1992 Fischer.
325 1953 373 1991 ad
393 1955 554 1991 VVeller.
576 1956 642 2000 ΙΙΙ,
664 1968 685 1990 a
713 1968 802 2006 pag.

145 2014 236 2060 162,
251 2012 299 2048 ob
319 2013 398 2048 vim
411 2012 698 2062 praepositionis
712 2007 804 2060 α’νοῖ,

142 2081 240 2121 quae
260 2069 359 2107 valet
376 2081 452 2119 per.

360 2170 453 2221 Cap.
480 2170 577 2207 CIII.

198 2236 505 2289 ἐπικαλεομένου
529 2235 671 2287 σφέας]
694 2238 802 2274 Reti-

141 2296 210 2331 nui
235 2294 308 2332 hoc
338 2307 427 2332 cum
458 2296 573 2332 Gaisf.
613 2295 687 2330 Alii
721 2293 800 2334 ἐπι·

141 2351 416 2403 καλεομένους.
449 2352 559 2391 Conf.
581 2352 626 2398 V,
652 2351 743 2392 105.

171 2405 275 2448 οὕτω
291 2404 364 2461 γάρ
380 2421 451 2458 σφι
463 2407 617 2460 ὑπῆρχε
629 2423 801 2459 πεποιη-

143 2463 242 2516 μένα
263 2465 302 2513 ἐς
323 2466 522 2516 Δαρεῖον]
576 2467 602 2502 i.
633 2478 666 2505 6.
696 2478 799 2502 nam-

143 2534 207 2571 que
224 2525 279 2560 ita
301 2523 345 2566 ab
372 2524 474 2559 initio
493 2522 661 2559 adversus
684 2534 799 2571 regem

142 2583 286 2626 egerant
300 2609 313 2626 ,
341 2586 383 2616 ut
403 2592 492 2616 cum
512 2579 577 2615 illo
608 2580 801 2616 conciliari

75 2664 80 2671 ,
142 2647 182 2671 se
196 2637 355 2673 minime
373 2648 482 2687 posse
496 2636 594 2672 bene
610 2635 801 2687 intellige-

141 2697 236 2731 rent.
266 2693 397 2745 ltaque
417 2691 708 2729 Atheniensium
730 2706 801 2729 au-

140 2747 231 2783 xilio
254 2750 425 2799 quamvis
446 2748 625 2796 destituti,
647 2748 695 2785 ad
716 2751 801 2787 bel-

139 2803 222 2840 lum
242 2803 487 2843 nihilominus
506 2819 586 2844 sese
602 2807 798 2857 parabant.

860 1158 921 1196 Ad
944 1160 1177 1197 locutionem
1207 1163 1339 1199 ποιεῖν
1365 1158 1421 1206 εἷς
1436 1154 1526 1197 τινα

862 1217 962 1253 conf.
1000 1219 1028 1264 Ι,
1062 1216 1127 1256 41.
1157 1218 1223 1264 111,
1245 1216 1311 1256 49.
1337 1218 1405 1262 lx,
1432 1219 1524 1256 106.

860 1295 916 1300 —
937 1275 1030 1310 Mox
1051 1287 1140 1310 cum
1154 1272 1337 1310 Matthiae
1354 1273 1526 1323 rescripsi

861 1324 990 1380 ἧσσον
1012 1344 1080 1381 pro
1108 1329 1224 1369 ἕσσον
1255 1329 1359 1378 (vid.
1383 1331 1428 1376 V,
1450 1330 1523 1380 72)

863 1394 916 1433 et,
958 1388 1092 1437 optimi
1119 1388 1327 1424 Florentini
1359 1388 1526 1423 auctori—

860 1450 936 1479 tate
957 1441 1024 1482 τὸν
1049 1441 1150 1490 πρὸς
1169 1442 1330 1494 βασιλέα
1351 1457 1420 1494 pro
1454 1440 1524 1482 τόν

859 1496 956 1550 πρὸς
978 1515 997 1537 τ
1010 1497 1030 1538 ὀ
1044 1516 1066 1538 ν
1085 1500 1271 1550 βασιλῆα,
1301 1499 1406 1552 quod
1420 1501 1523 1536 Mat-

859 1555 961 1593 thiae
984 1558 1118 1593 tenuit.
1177 1558 1235 1593 De
1257 1557 1414 1594 articulo
1436 1563 1525 1593 ante

859 1611 958 1650 hanc
979 1626 1117 1650 vocem
1147 1615 1285 1651 omisso
1316 1613 1393 1651 vid.
1422 1615 1522 1650 Ben-

861 1671 969 1707 seler.
993 1670 1040 1707 ad
1061 1673 1213 1708 Isocrat.
1236 1672 1455 1722 Areopagit.
1483 1685 1521 1722 p.

865 1728 943 1768 125
965 1741 1043 1780 seq.
1071 1725 1327 1774 ἐσκευάζοντο
1345 1728 1419 1765 dici
1438 1741 1519 1767 mo·

860 1786 1168 1835 netVVesseling.
1186 1786 1350 1836 simplex
1361 1786 1522 1822 verbum

860 1854 929 1891 pro
952 1844 1175 1892 composito,
1196 1850 1238 1878 ut
1259 1843 1321 1889 VI,
1345 1845 1438 1882 100.
1464 1845 1523 1878 De

860 1897 1041 1948 Byzantio
1061 1900 1163 1935 conf.
1188 1906 1283 1939 nott.
1306 1897 1427 1946 ale,
1442 1898 1520 1939 144

861 1962 898 1991 et
919 1954 966 1992 de
987 1957 1202 1993 locutione:
1239 1952 1306 1994 ὑπ’
1342 1954 1521 1995 ἑωυτοῖσι

859 2016 1065 2051 ποιεῖσθαι
1085 2020 1180 2050 nott.
1204 2013 1252 2049 ad
1273 2014 1317 2060 V,
1341 2015 1406 2053 30,

918 2065 1187 2116 ἐκπλώσαντές
1205 2085 1243 2109 τε
1258 2069 1329 2117 ἔξω
1349 2067 1419 2108 τὸν
1437 2068 1521 2108 Ἑλ·-

858 2121 1103 2176 λήσποντον]
1138 2129 1201 2164 Tu
1237 2127 1337 2164 conf.
1359 2128 1430 2171 ΙΙΙ,
1454 2130 1519 2173 16,

859 2190 896 2219 et
917 2182 964 2220 de
986 2186 1199 2221 accusativo
1221 2183 1368 2221 adiecto
1382 2182 1518 2220 Matth.

858 2240 924 2276 Gr.
950 2242 1014 2277 Gr.
1044 2254 1132 2292 pag.
1165 2243 1260 2283 697.
1304 2243 1382 2278 Nec
1413 2243 1520 2277 aliter

855 2298 901 2344 V,
937 2296 1039 2338 104:
1091 2294 1272 2346 φυλάξας
1306 2296 1520 2345 ἐξελθόντα

855 2351 900 2393 τό
920 2351 1039 2401 ἄστυ,
1078 2356 1164 2392 coll.
1186 2356 1266 2402 VII,
1289 2356 1356 2396 58.

913 2408 1237 2463 προσεκτήσαντο
1249 2433 1304 2440 -—
1318 2408 1438 2461 εἶναι]
1458 2410 1519 2448 Ad

855 2474 1084 2505 structuram
1104 2469 1203 2509 conf,
1227 2475 1323 2506 nott.
1335 2469 1381 2506 ad
1395 2470 1437 2516 V,
1450 2469 1518 2510 25.

857 2524 958 2562 Add.
980 2526 1062 2573 Vll,
1091 2526 1141 2567 51
1168 2529 1372 2577 Κῦρος-
1392 2522 1519 2565 Ἰωνί-

857 2597 909 2632 ην
974 2585 1111 2622 πᾶσαν
1138 2605 1195 2611 —
1225 2582 1518 2635 κατεστρέψατο

857 2637 1120 2692 δασμοφόρον
1154 2636 1292 2680 εἶναι
1325 2640 1517 2694 Πέρσῃσι.

856 2694 919 2732 Ad
958 2697 1074 2734 verba
1101 2710 1208 2750 seqq.
1239 2696 1306 2737 καὶ
1330 2695 1404 2748 yolo
1445 2693 1518 2745 τήν

858 2754 1027 2792 Καῦνον
1054 2769 1090 2793 κ.
1120 2770 1154 2792 τ.
1183 2758 1214 2793 λ.
1250 2755 1351 2792 conf.
1381 2751 1514 2790 Matth

858 2810 926 2846 Gr.
952 2811 1018 2848 Gr.
1048 2823 1138 2862 pag.
1160 2812 1254 2852 789.
1303 2812 1361 2847 De
1384 2809 1518 2857 Cauno,
