1897 3340
403 184 488 226 408
818 184 1281 223 HERODOTI

71 288 172 323 ducam
189 289 298 323 sualps
302 289 346 317 ius

70 309 172 357 culpa,
190 324 267 362 quod
286 323 348 350 Gli-

70 357 208 383 emenoni
232 357 348 386 frivola.

69 389 234 418 saltatione
248 392 347 420 offen-

70 422 175 456 disset,
203 433 296 454 uxore

71 457 192 486 excidit.

403 291 610 349 ἐκφάσιος
631 290 769 336 αὐτοῦ
790 293 1099 345 Κλεισθένεος,
1129 292 1207 336 τὸν
1234 294 1379 348 κρίνοι
1407 293 1454 337 έκ
1472 293 1660 348 πάντων,

403 360 544 412 θύσας
577 363 685 415 βοῦς
717 359 873 403 ἑκατόν
915 359 938 403 ὁ
970 359 1252 415 Κλεισθένης,
1304 358 1459 413 εὐώχεε
1497 360 1659 414 αὐτούς
1673 370 1718 405 95

375 435 452 472 Ξτε
488 427 591 478 τοὺς
630 432 879 483 μνηστῆρας
916 428 990 471 καὶ
1026 428 1130 479 τοὺς
1165 429 1446 480 Σικυωνίους
1483 429 1659 481 πάντας.

403 494 462 546 ὥς
491 495 536 539 δὲ
566 494 649 538 ἀπὸ
682 496 860 538 δείπνου
890 495 1110 550 ἐγένοντο,
1153 497 1196 538 οἱ
1225 499 1460 551 μνηστῆρες
1490 497 1581 551 ἔριν
1610 496 1662 540 εἶ-

403 579 482 619 χον
512 562 623 618 ἀμφί
652 578 695 605 τε
725 565 914 618 μουσικῇ
943 562 1016 605 καὶ
1043 566 1104 618 τῷ
1126 563 1341 620 λεγομένῳ
1372 563 1413 614 ές
1434 562 1482 606 τὸ
1513 563 1657 617 μέσον.

402 629 644 684 προϊούσης
674 629 720 672 δὲ
748 632 823 686 τῆς
851 629 1018 680 πόσιος,
1048 631 1237 685 κατέχων
1264 630 1429 675 πολλὸν
1455 630 1560 681 τούς
1592 631 1663 674 ἄλ-

402 700 506 746 λους
537 694 561 739 ὁ
589 694 901 752 Ἱπποκλείδης,
931 696 1095 740 ἐκέλευέ
1126 700 1171 742 οἱ
1198 697 1276 742 τόν
1309 697 1502 755 αὐλητὴν
1531 697 1663 753 αὐλῆ-

404 774 478 807 σαι
505 762 747 818 έμμέλειαν·
794 764 1062 821 πειθομένου
1102 765 1148 809 δὲ
1175 769 1256 809 τοῦ
1285 765 1503 823 αὐλητέω,
1542 763 1663 822 ὀρχή-

347 926 459 962 scrIbi
488 926 570 963 vult
598 925 848 977 κατακρίσιος
877 923 1004 978 (quo-

346 995 438 1019 cum
457 984 572 1019 verba
583 996 689 1035 seqq.
709 997 780 1021 τον
803 982 931 1031 κρίνει
962 982 1004 1022 ἐκ

345 1052 511 1077 παντων
534 1039 736 1077 convenire
751 1036 1004 1091 putat),quod

346 1107 415 1145 pro
430 1095 591 1146 simplici
600 1096 751 1147 κρίσιος
761 1096 927 1145 positum
939 1109 1004 1132 ac-

347 1152 529 1201 cipiatur:
554 1153 739 1201 jugement
757 1151 923 1202 de'finztif,
936 1152 1005 1189 ad-

341 1207 570 1258 judication,
618 1207 756 1245 eodem
788 1207 906 1245 modo
927 1222 1004 1260 quo

346 1261 546 1315 κυρώσιος
583 1279 678 1303 voce
716 1266 852 1302 Noster
877 1272 1005 1302 utatur

338 1321 408 1368 VI,
435 1324 526 1362 126.
550 1325 630 1363 130
651 1322 737 1359 coll.
759 1323 850 1361 131.
909 1320 1006 1358 Mihi

345 1376 444 1414 nihil
463 1377 694 1415 mutandum
711 1377 874 1416 videtur.
904 1380 1007 1416 Atti-

345 1435 401 1483 git
430 1433 647 1472 Herodotea
681 1433 856 1472 Eustath.
885 1434 933 1472 ad
960 1436 1006 1473 11.

345 1503 385 1540 p.
405 1490 471 1538 49,
494 1494 521 1532 2
540 1504 569 1530 s,
588 1494 655 1532 36.
688 1491 751 1528 Ad
771 1492 1006 1529 locutionem

346 1541 426 1585 ἀπὸ
463 1547 627 1586 δείπνου
663 1546 848 1601 γενέσθαι
903 1548 1005 1587 conf.

344 1602 482 1640 matth.
506 1605 572 1643 Gr.
595 1605 661 1640 Gr.
681 1617 768 1655 pag.
784 1606 902 1644 1129.
924 1606 1004 1640 He-

345 1658 429 1696 rod.
458 1661 506 1705 11,
532 1662 600 1700 78.
627 1661 672 1706 V,
707 1663 771 1700 18.
791 1661 859 1707 lx,
892 1662 953 1700 16.
975 1662 1004 1707 Ι,

349 1717 450 1763 126,
479 1716 609 1768 ibique
638 1723 735 1754 nott.
777 1717 866 1763 alia,
909 1730 1006 1767 quae

347 1772 438 1808 citat
465 1773 610 1811 Iacobs.
643 1771 692 1809 ad
711 1773 859 1809 Aelian.
880 1773 926 1811 N.
957 1775 1006 1810 A.

345 1829 452 1876 XIII,
475 1830 540 1868 19.
578 1828 745 1867 Fischer.
775 1828 823 1865 ad
843 1830 1006 1866 Weller.

344 1885 400 1920 111
447 1897 536 1935 pag.
578 1887 671 1926 108.
747 1887 792 1922 In
831 1898 906 1937 qua
944 1887 1005 1923 lo-

346 1941 498 1977 cutione
507 1942 622 1978 etiam
640 1943 866 1994 praepositio
889 1941 930 1981 ἔκ
945 1944 1006 1980 lo-

346 2010 436 2034 cum
456 1996 583 2045 habet,
605 2007 648 2036 ut
668 2001 697 2047 Ι,
715 1999 781 2040 50.
811 2000 927 2035 Plura
942 2001 1007 2035 Ia-

346 2054 448 2090 cobs.
470 2053 518 2090 ad
538 2055 688 2092 Aeliau.
708 2057 756 2091 N.
780 2056 828 2092 A.
839 2056 925 2102 XII,
938 2054 1006 2096 34

403 2108 487 2160 ε’ριν
509 2106 614 2161 εἶχον
636 2107 741 2162 οἷμφί
757 2126 797 2149 τε
810 2113 1002 2166 μουσικῇ]

345 2165 469 2215 Vulgo
493 2169 598 2216 εἰχον
625 2166 722 2217 ἔριν.
754 2168 874 2204 Usum
892 2180 1005 2216 prae-

347 2222 543 2271 positionis
565 2217 672 2271 οἷμφὶ
693 2224 798 2271 attigi
812 2222 859 2259 acl
881 2224 924 2270 V,
942 2225 1006 2262 19.

353 2277 388 2313 C
397 2291 429 2314 r.
458 2278 619 2314 conferri
640 2280 722 2316 vult
740 2252 934 2315 Matthiae.
956 2278 1005 2316 ad

346 2335 409 2384 H)
410 2346 489 2370 mn.
511 2335 684 2371 Homerr.
700 2349 739 2385 p.
760 2338 842 2376 222
859 2342 895 2371 et
911 2337 1004 2376 298.

346 2388 408 2426 Ad
419 2390 532 2427 verba
552 2403 658 2442 seqq.
678 2393 734 2444 τῷ
754 2389 950 2444 λεγομένῳ
967 2391 1007 2438 ἐς

346 2442 388 2485 τὸ
414 2445 534 2496 μέσον
554 2445 596 2496 (i.
611 2461 643 2484 e.
656 2448 865 2484 sermonibus
883 2450 1004 2484 inme-

347 2502 405 2538 ἀιο
431 2505 619 2552 propositas
647 2517 677 2540 5.
707 2517 822 2541 coram
859 2503 1004 2553 reli'quzs

346 2558 494 2608 halatis)
518 2559 567 2596 cs.
590 2560 652 2607 VI,
679 2562 778 2600 103:
814 2559 1004 2600 Κλεισθέ-

345 2614 637 2664 νης-ἔλεξε
658 2615 706 2661 ές
730 2612 1004 2666 μέσοντάδε.

347 2672 459 2708 Conf.
479 2672 541 2718 lv,
564 2673 617 2712 97
648 2673 777 2723 ibique
806 2679 901 2709 nott.
922 2674 1002 2721 Vll,

345 2729 370 2767 8
393 2728 431 2772 ᾧ.
453 2726 501 2767 4:
532 2729 674 2778 τίθημι
704 2725 748 2767 τό
775 2732 937 2780 πρῆγμα
957 2728 1004 2776 ἐς

345 2782 514 2834 μέσον.
533 2785 599 2833 111,
620 2787 674 2826 80
697 2785 882 2826 init.142.
913 2786 1003 2823 Ver-

1061 927 1109 963 ba
1137 923 1360 978 προϊούσης
1393 924 1436 965 δὲ
1469 929 1542 977 τῆς
1577 922 1721 974 πόσιος

1061 982 1271 1019 Larcherus
1302 984 1354 1019 sic
1379 981 1526 1019 reddit:
1565 983 1722 1033 pendant

1062 1040 1164 1089 qu’on
1184 1041 1274 1076 e'taz't
1293 1041 1420 1089 occupe'
1439 1040 1463 1075 ιὶ
1483 1040 1593 1086 boire,
1624 1040 1722 1075 bene

1060 1108 1235 1144 monens,
1257 1095 1358 1146 apud
1380 1096 1544 1132 Graecos
1563 1096 1722 1131 minime

1062 1153 1178 1189 moris
1198 1153 1312 1189 fuisse
1331 1153 1429 1188 inter
1440 1153 1567 1202 epulas
1579 1152 1720 1200 bibere,

1062 1215 1104 1245 ut
1124 1215 1251 1259 pateat
1271 1208 1617 1260 eXenoph.Anab.
1639 1208 1720 1257 Vll,

1117 1320 1290 1372 κατέχων
1300 1317 1444 1361 πολλὸν
1453 1317 1547 1367 τούς
1556 1316 1720 1370 ἄλλους]

1061 1378 1088 1414 i.
1110 1391 1143 1415 e.
1174 1378 1323 1415 multum
1353 1378 1503 1428 reliquos
1542 1377 1720 1427 (procos,

1062 1435 1258 1484 convivas)
1276 1435 1431 1471 detinens
1450 1436 1528 1471 sive
1549 1433 1723 1471 delectans

1063 1504 1274 1542 eorumque
1295 1492 1424 1527 oculos
1444 1492 1667 1541 animosque
1681 1491 1722 1526 iu

1060 1561 1099 1584 se
1112 1555 1348 1585 convertens.
1371 1545 1590 1596 Schweigh.
1605 1546 1721 1583 verbo

1060 1602 1235 1654 κατέχειν
1256 1602 1318 1640 hic
1351 1603 1588 1653 reprimendi,
1617 1602 1719 1639 inhi—

1061 1660 1164 1697 bendi
1189 1658 1362 1711 adeoque
1400 1659 1574 1696 silentium
1613 1660 1720 1708 impo-

1061 1716 1169 1753 nendi
1195 1717 1449 1766 significatum
1469 1716 1618 1761 tribuit3
1648 1727 1719 1752 nec

1061 1785 1151 1809 sane
1171 1771 1426 1819 intercedam,
1447 1772 1478 1808 si
1499 1773 1580 1824 quis
1598 1772 1650 1808 ita
1660 1772 1720 1808 lo-

1063 1842 1154 1865 cum
1195 1829 1366 1880 accipere
1404 1829 1516 1866 velit:
1574 1827 1721 1864 multum

1062 1882 1305 1934 (dexteritate
1330 1898 1397 1923 sua
1426 1881 1606 1936 arteque)
1635 1883 1722 1922 reli-

1063 1954 1147 1992 quos
1168 1942 1334 1989 cohibens,
1357 1955 1407 1978 ne
1427 1942 1505 1978 scil.
1527 1943 1567 1977 in
1586 1939 1721 1977 iisdem

1063 1999 1203 2035 artibus
1217 1999 1429 2049 periculum
1439 1998 1618 2043 facerent,
1631 2009 1720 2033 cum

1062 2055 1144 2105 ipso
1175 2055 1452 2101 concertaturi3
1494 2052 1534 2090 id
1563 2052 1667 2105 quod
1698 2066 1720 2089 a

1062 2112 1193 2147 Vallae
1213 2111 1520 2160 interpretatione
1539 2123 1617 2146 non
1632 2110 1719 2146 lon-

1061 2179 1108 2217 ge
1129 2166 1271 2203 recedit
1286 2168 1402 2202 libere
1431 2168 1483 2203 sic
1503 2165 1718 2203 reddentis:

1062 2236 1167 2273 quum
1179 2224 1278 2272 longe
1291 2223 1379 2259 alios
1390 2223 1612 2260 antecederet.
1626 2224 1718 2258 Lar-

1061 2278 1195 2316 cherus
1212 2281 1500 2329 iuterpretatur:
1524 2282 1614 2328 „qui
1631 2280 1720 2316 atti-

1063 2338 1131 2372 rvz't
1168 2336 1417 2373 l’attention.“
1471 2336 1610 2373 Coi-aes
1631 2348 1718 2371 ma-

1061 2393 1164 2428 vult:
1197 2394 1287 2442 „qui
1302 2392 1480 2438 dominon,
1501 2394 1564 2442 qui
1581 2393 1719 2440 regnoit

1061 2461 1122 2484 sur
1143 2452 1236 2485 toute
1262 2448 1300 2485 la
1324 2451 1538 2499 compagnie,
1559 2452 1622 2498 qui
1632 2448 1718 2486 bric-

1061 2505 1124 2541 loz't
1168 2507 1286 2554 parmi
1330 2509 1408 2542 tous
1450 2505 1498 2542 les
1535 2507 1716 2550 conviva-3

1060 2562 1219 2597 verbum
1235 2561 1408 2611 κατέχειν
1427 2560 1531 2598 idem
1551 2561 1630 2597 fere
1649 2573 1719 2598 va-

1061 2618 1138 2653 lere
1167 2625 1268 2655 latus
1307 2625 1421 2670 atque
1463 2614 1618 2667 ἄρχειν,
1657 2618 1718 2656 δε-

1062 2669 1230 2720 σπὸζειν.

1116 2729 1266 2769 ἐκέλευέ
1296 2728 1337 2768 οἷ
1356 2725 1425 2767 τὸν
1449 2723 1625 2779 αυλητην
1644 2744 1715 2768 αυ-

1061 2789 1179 2837 λῆσαι
1198 2784 1434 2838 ἐμμέλειαν]
1466 2787 1520 2822 lta
1544 2798 1632 2823 cum
1653 2798 1714 2822 re-

1874 1121 1875 1125 „
1859 1015 1876 1092 ...ζ
1858 656 1876 990 .-——.-ss‹--·-·-—›-⁴<·
1867 627 1869 629 ·
