1897 3340
68 379 164 429 145

550 268 1025 305 POLYMNIA.
1084 268 1184 305 VII.

1413 280 1496 318 (559

316 376 660 432 Συλλεγομὲνων
690 376 736 420 δὲ
765 376 807 427 ἐς
826 374 965 419 τώυτό
987 378 1076 418 τῶν
1105 376 1203 431 περὶ
1233 377 1312 433 τήν
1335 379 1494 426 Ἐλλά-

231 444 286 486 δα
319 443 547 501 “Ελλήνων
576 448 666 488 τῶν
694 443 748 488 τοὶ
779 441 938 499 ἀμείνω
971 442 1276 499 φρονεόντων,
1315 447 1388 489 καὶ
1432 451 1495 493 δι-

230 510 400 556 δόντων
421 515 546 570 σφίσι
562 513 695 569 λόγον
725 512 798 556 καὶ
815 513 972 562 πίστιν,
1003 511 1197 555 ἐνθαῦτα
1226 511 1370 556 ἐδόκεε
1384 517 1494 570 βου-

227 581 499 636 λευομένοισι
532 580 713 632 αὐτοῖσι,
744 583 923 635 πρῶτον
953 579 1031 635 μὲν
1059 579 1288 637 χρημάτων
1317 580 1494 626 πάντων

225 648 600 693 καταλλάσσεσθαι
640 647 714 699 τάς
744 664 789 691 τε
820 649 979 704 ἔχθρας
1005 648 1081 691 καὶ
1110 647 1215 699 τοὺς
1243 647 1333 693 κατ’
1364 648 1492 707 ἀλλή-

226 716 511 769 λους’ἐόντας
548 715 780 773 πολέμους.
809 711 922 772 ἦσαν
953 716 998 760 δὲ
1029 715 1138 771 πρός
1167 733 1290 769 τινας
1321 717 1395 761 καὶ
1426 716 1550 762 ‹iia-60

168 901 260 941 192.
317 899 380 937 Ad
412 901 646 938 locutionem
675 900 715 949 ἐς
736 899 827 941 δέον

164 955 242 994 vid.
262 956 374 994 citata
395 956 443 994 ad
463 959 511 1006 II,
535 961 628 999 173.

360 1048 452 1099 Cap.
474 1048 625 1087 CXLV.

217 1127 298 1165 τῶν
317 1125 408 1179 περὶ
441 1142 516 1178 την
536 1122 712 1167 ΓΕλλαδα
730 1125 824 1167 Ελ-

160 1178 296 1234 λήνων
314 1186 394 1223 τῶν
424 1180 471 1222 τοὶ
504 1179 653 1235 α’μείνω
682 1199 826 1236 φρονε-

160 1235 313 1289 όντων]
359 1239 561 1278 Belxkems
592 1254 705 1278 voces
728 1239 825 1281 Ελ-

160 1292 296 1347 ληνων
335 1312 417 1336 των
455 1311 561 1335 1111015
582 1298 745 1346 inclusit
779 1306 822 1337 ut

159 1360 367 1404 suspectas.
389 1354 530 1391 Contra
549 1355 735 1392 librorum
755 1369 821 1394 ve-

158 1417 347 1448 tustorum
378 1413 644 1450 auctoritatem
673 1410 821 1449 Sohae-

155 1467 259 1505 ferus
287 1466 512 1505 exhibuerat
555 1484 637 1508 των
674 1466 821 1522 Ελλή-

155 1539 240 1564 νων
261 1539 345 1564 των
366 1523 456 1577 περὶ
484 1541 516 1564 τ.
538 1520 707 1565 Ἑλλάδα
728 1541 765 1565 κ.
785 1542 818 1566 τ.

154 1583 211 1630 λ.,
244 1582 311 1618 ubi
339 1582 530 1619 immerito
569 1584 707 1621 vocula
737 1598 819 1623 των

155 1636 348 1689 displicuit
376 1638 667 1677 Valckenaerio.
715 1642 817 1677 Nam

152 1696 356 1748 utrobique
383 1703 486 1733 recte
512 1703 585 1733 stat
622 1697 813 1747 articulus,

151 1759 194 1789 ut
213 1760 316 1790 recte
344 1760 479 1790 monet
510 1752 815 1804 Schweighaeu-

151 1823 254 1847 serus
274 1809 370 1847 haec
399 1809 567 1851 addens:
618 1810 700 1859 „Oi
720 1810 811 1863 περι

151 1862 226 1917 τὴν
257 1862 460 1905 Ελλαδα
459 1863 649 1918 Ελληνες
678 1866 813 1904 distin-

149 1929 321 1973 guuntur
354 1936 376 1959 a
416 1925 569 1961 Graecis
609 1924 742 1961 Asiam
777 1931 815 1962 et

150 1977 360 2017 Thraciam
380 1980 656 2018 incolentibus:
702 1980 744 2020 οἲ
763 1995 812 2021 τα

149 2031 300 2088 ἆμείνω
335 2035 575 2087 φρονέοντες
606 2050 813 2088 opponun-

148 2099 210 2131 tur
230 2094 294 2141 eis,
327 2094 392 2145 qui
421 2092 469 2131 ad
498 2093 702 2131 Medorum
721 2107 812 2145 par-

149 2157 204 2187 tes
228 2151 501 2189 i11clinaba11t.“
559 2150 622 2187 Ad
647 2152 812 2192 locutio-

149 2220 241 2244 nem
260 2204 309 2246 τοὶ
329 2203 480 2259 οἷμείνω
511 2210 679 2260 φρονεῖν
709 2208 811 2245 conf.

148 2264 230 2312 VH,
267 2266 359 2304 102.
392 2265 500 2312 VIII,
541 2262 608 2305 34.
639 2263 708 2305 75.
767 2267 812 2301 Iu

147 2318 293 2358 Isthmo
313 2327 442 2357 autem
465 2319 524 2370 (ut
537 2328 642 2372 patet
663 2334 711 2358 ex
726 2321 810 2369 VII,

152 2379 244 2416 172.
281 2376 374 2417 175.
399 2376 556 2415 Diodor.
596 2379 718 2416 Sicul.
752 2380 811 2415 XI

147 2432 251 2485 init.)
281 2430 343 2469 hic
369 2433 603 2470 Graecorum
638 2447 810 2472 conven-

144 2495 205 2527 tus
223 2487 374 2526 habitus
395 2496 473 2537 est,
502 2502 620 2541 quem
638 2490 806 2541 Amphi-

145 2553 330 2599 ctyonum
350 2546 462 2583 fuisse
489 2544 594 2582 haud
612 2546 804 2584 immerito

145 2604 299 2640 coniicit
332 2604 369 2639 T
372 2604 549 2640 ittmann.
585 2601 727 2650 (Bund
767 2602 805 2644 d.

145 2659 365 2711 Amphicty.
381 2673 418 2711 p.
439 2661 515 2700 121
540 2659 627 2696 coll.
647 2665 741 2695 nott.
757 2659 807 2696 ad

144 2716 287 2755 Herod.
317 2717 398 2764 VH,
430 2717 562 2764 213),
594 2716 624 2752 si
649 2713 806 2767 quidem

145 2773 475 2825 Amphictyonum
508 2785 701 2809 consessus
735 2772 807 2808 ali-

147 2831 293 2882 quoties
322 2836 531 2869 conventus
560 2829 638 2866 sive
670 2828 804 2865 concio

147 2888 381 2926 Graecorum
397 2887 618 2939 appelletur,
641 2891 681 2922 ut
700 2883 804 2922 idem

884 901 1019 951 probat
1048 901 1261 938 Tittmann.
1294 903 1320 939 l.
1350 904 1373 939 1.
1407 917 1489 956 cap.
1521 908 1545 945 S

884 958 921 1003 ξ.
948 960 993 997 11
1017 964 1099 998 not.
1127 960 1145 997 1
1167 971 1257 1010 pag.
1279 961 1332 1000 62
1354 972 1438 1012 cap.
1459 962 1484 1004 5
1508 964 1545 1009 ξ.

883 1016 908 1055 6
929 1027 1016 1065 pag.
1039 1016 1118 1054 119
1147 1023 1225 1054 not.
1252 1019 1288 1057 1.

936 1070 1004 1110 καὶ
1046 1066 1238 1111 διδόντων
1279 1073 1394 1122 σφίσι
1428 1070 1544 1126 λόγον

880 1125 948 1167 καὶ
981 1127 1142 1176 πίστιν]
1198 1127 1544 1180 Schweighaeuse-

880 1196 965 1221 rus:
1014 1186 1103 1233 „ibi
1131 1189 1205 1223 tum
1234 1187 1374 1224 collatis
1399 1189 1489 1226 inter
1508 1202 1543 1227 se

879 1242 1093 1279 sermombus
1122 1242 1266 1294 fideque
1306 1244 1407 1281 data.
1415 1245 1439 1264 ‘⁶
1496 1247 1542 1282 Iu

879 1311 985 1350 seqq.
1022 1313 1183 1351 πρωτον
1216 1297 1290 1351 μὲν
1328 1298 1541 1353 χρημάτων

878 1352 1041 1394 πάντων
1069 1356 1213 1407 accipio
1244 1370 1398 1407 przmum
1424 1371 1541 1397 rerum

877 1414 1049 1460 omanum
1090 1420 1132 1450 ut
1161 1412 1257 1450 adeo
1277 1427 1357 1451 non
1382 1428 1476 1465 opus
1495 1417 1543 1454 sit

876 1482 945 1520 pro
985 1484 1201 1521 χοηματων
1232 1484 1321 1508 cum
1350 1471 1538 1511 Vale-ken.

876 1539 1062 1577 reponele
1096 1524 1365 1580 πρηγμάτων,
1404 1542 1538 1581 quum,

875 1583 975 1619 bene
1013 1584 1235 1622 obselvaute
1265 1586 1539 1637 Wesselingio,

873 1636 922 1679 τὰ
962 1635 1146 1692 χρήματα
1179 1642 1328 1692 saepius
1349 1656 1407 1680 les
1429 1657 1540 1695 quas-

874 1710 1028 1749 cunque
1078 1697 1297 1748 designent,
1347 1706 1389 1736 ut
1436 1699 1538 1752 apud

871 1752 1052 1805 Theogn.
1073 1755 1170 1802 461,
1188 1756 1286 1792 alibi.
1301 1779 1352 1783 ——
1374 1755 1438 1793 Ad
1450 1771 1539 1795 ver-

870 1810 965 1847 bum
985 1808 1308 1852 καταλάσσεσθαι
1318 1813 1418 1850 conf.
1438 1821 1536 1854 nott.

871 1866 920 1904 ad
941 1869 985 1915 V,
1007 1870 1075 1908 28·

926 1918 1033 1976 ἦσαν
1055 1920 1098 1962 δὲ
1115 1918 1215 1976 πρός
1244 1939 1356 1972 τινας
1377 1923 1446 1965 και
1465 1923 1537 1965 fik-

869 1981 965 2027 λους
999 1979 1304 2031 ἕγκεχρημένοι]
1337 1982 1443 2032 ἦσαν
1471 1981 1534 2021 1110

868 2037 1097 2087 suggerebat
1115 2037 1324 2074 Florentin.
1339 2052 1408 2107 pro
1428 2037 1536 2080 εσαν.

868 2092 1156 2144 Participium'
1138 2094 1418 2146 εγκεχρημένοι
1436 2097 1536 2133 Por-

869 2156 930 2188 tus
951 2149 1095 2187 derivat
1124 2163 1145 2186 a
1180 2150 1336 2188 verbo’
1318 2167 1535 2204 εγχραομαι

868 2213 911 2244 ut
939 2208 1037 2244 bella
1068 2207 1352 2257 intelligantur,
1385 2222 1529 2259 quaem

867 2264 1030 2301 manibus
1047 2263 1255 2312 habuerint,
1295 2263 1339 2304 ἐν
1362 2267 1413 2320 τῆ
1433 2263 1531 2318 χρή-

868 2332 927 2360 σει
965 2314 1082 2371 ἧσαν.
1158 2321 1211 2357 At
1250 2322 1326 2358 tale
1368 2323 1531 2360 verbum

865 2376 940 2415 hoc
961 2377 1200 2428 significatu
1189 2390 1382 2428 ignorasse
1392 2378 1530 2416 viden-

864 2440 927 2471 tur
957 2435 1106 2472 Graeci.
1174 2433 1350 2472 Reiskius
1377 2437 1529 2473 malue-

861 2498 919 2528 rat
956 2490 1234 2544 ἒγκεκρημένοι
1275 2493 1302 2532 1.
1345 2505 1378 2528 e.
1422 2493 1526 2542 bella,

863 2560 953 2597 quae
969 2550 1075 2598 quasi
1095 2550 1133 2584 in
1150 2550 1308 2586 mixtura
1332 2553 1452 2597 erant,
1474 2551 1523 2586 ob

862 2603 1003 2642 Herod.
1026 2605 1070 2651 V,
1087 2604 1165 2644 124
1188 2605 1272 2654 (ubi
1293 2612 1434 2642 exstat.
1455 2604 1523 2644 καὶ

863 2657 1175 2710 ἐγκερασάμενος
1207 2658 1421 2713 πρήγματα
1450 2676 1520 2710 με-

860 2712 1000 2766 γάλοι).
1059 2716 1169 2762 Quod
1216 2725 1259 2754 ut
1307 2717 1519 2767 genuinum

861 2769 993 2808 habeli
1035 2775 1172 2824 possit,
1201 2775 1338 2810 merito
1368 2779 1518 2809 veretur

859 2829 1148 2881 Wesselingius,
1161 2831 1221 2866 0111
1243 2842 1331 2866 011111
1351 2830 1384 2865 V
1386 2827 1517 2865 alcke·

858 2887 987 2924 naetio
1017 2885 1079 2924 hic
1109 2887 1239 2962 placet
1252 2883 1516 2937 ἐγκεχειοημέ-

1138 2937 1239 2982 40*

1554 385 1615 412 “on
1609 395 1645 413 us:
1640 387 1821 417 'UaaGrao

1553 419 1594 445 cis
1615 421 1650 447 ad
1671 420 1724 448 hos
1728 427 1773 449 tes

1553 460 1588 486 1r
1591 461 1639 487 “l'‘
1622 455 1728 482 misam
1731 456 1775 484 los

1552 487 1571 513 i·
1566 485 1637 514 nita.
