<?xml version="1.0" encoding="UTF-8"?>
<!DOCTYPE html PUBLIC "-//W3C//DTD XHTML 1.0 Transitional//EN"
    "http://www.w3.org/TR/xhtml1/DTD/xhtml1-transitional.dtd">
<html xmlns="http://www.w3.org/1999/xhtml" xml:lang="en" lang="en">
 <head>
  <title>
</title>
<meta http-equiv="Content-Type" content="text/html;charset=utf-8" />
  <meta name='ocr-system' content='tesseract 3.04.00' />
  <meta name='ocr-capabilities' content='ocr_page ocr_carea ocr_par ocr_line ocrx_word'/>
</head>
<body>
  <div class='ocr_page' id='page_1' title='image "./musaeher03hero_0623.png"; bbox 0 0 1897 3340; ppageno 0'>
   <div class='ocr_carea' id='block_1_1' title="bbox 21 556 113 602">
    <p class='ocr_par' dir='ltr' id='par_1_1' title="bbox 21 556 113 602">
     <span class='ocr_line' id='line_1_1' title="bbox 21 556 113 602; baseline 0.011 -1"><span class='ocrx_word' id='word_1_1' title='bbox 21 556 113 602; x_wconf 82' lang='lat'><em>119</em></span> 
     </span>
    </p>
   </div>
   <div class='ocr_carea' id='block_1_2' title="bbox 0 0 18 1340">
    <p class='ocr_par' dir='ltr' id='par_1_2' title="bbox 0 0 18 1340">
     <span class='ocr_line' id='line_1_2' title="bbox 0 0 18 1340; baseline 0 0"><span class='ocrx_word' id='word_1_2' title='bbox 0 0 18 1340; x_wconf 95' lang='lat' dir='ltr'><em> </em></span> 
     </span>
    </p>
   </div>
   <div class='ocr_carea' id='block_1_3' title="bbox 506 170 980 210">
    <p class='ocr_par' dir='ltr' id='par_1_3' title="bbox 506 170 980 210">
     <span class='ocr_line' id='line_1_3' title="bbox 506 170 980 210; baseline -0.006 0"><span class='ocrx_word' id='word_1_3' title='bbox 506 170 980 210; x_wconf 86' lang='lat' dir='ltr'><strong>POLYMNIA.</strong></span> 
     </span>
    </p>
   </div>
   <div class='ocr_carea' id='block_1_4' title="bbox 1040 170 1446 218">
    <p class='ocr_par' dir='ltr' id='par_1_4' title="bbox 1040 170 1446 218">
     <span class='ocr_line' id='line_1_4' title="bbox 1040 170 1446 218; baseline 0 -11"><span class='ocrx_word' id='word_1_4' title='bbox 1040 170 1072 207; x_wconf 88' lang='lat' dir='ltr'><strong>V</strong></span> <span class='ocrx_word' id='word_1_5' title='bbox 1083 171 1100 206; x_wconf 95' lang='lat'>1</span> <span class='ocrx_word' id='word_1_6' title='bbox 1114 171 1145 207; x_wconf 90' lang='lat'><em>1.</em></span> <span class='ocrx_word' id='word_1_7' title='bbox 1363 179 1446 218; x_wconf 73' lang='lat'><em>(309</em></span> 
     </span>
    </p>
   </div>
   <div class='ocr_carea' id='block_1_5' title="bbox 148 277 1500 1152">
    <p class='ocr_par' dir='ltr' id='par_1_5' title="bbox 148 277 1500 1152">
     <span class='ocr_line' id='line_1_5' title="bbox 180 277 1443 337; baseline 0 -12"><span class='ocrx_word' id='word_1_8' title='bbox 180 280 320 334; x_wconf 82' lang='grc' dir='ltr'><em>τέρων</em></span> <span class='ocrx_word' id='word_1_9' title='bbox 348 280 616 337; x_wconf 78' lang='grc' dir='ltr'><em>δεξαμένοισι</em></span> <span class='ocrx_word' id='word_1_10' title='bbox 647 282 728 336; x_wconf 86' lang='grc' dir='ltr'><em>τὴν</em></span> <span class='ocrx_word' id='word_1_11' title='bbox 756 279 924 334; x_wconf 74' lang='grc' dir='ltr'><em>Ξέρξεω</em></span> <span class='ocrx_word' id='word_1_12' title='bbox 956 277 1165 334; x_wconf 74' lang='grc' dir='ltr'><em>στρατιήν</em></span> <span class='ocrx_word' id='word_1_13' title='bbox 1193 279 1267 321; x_wconf 85' lang='grc' dir='ltr'><em>καὶ</em></span> <span class='ocrx_word' id='word_1_14' title='bbox 1285 281 1443 325; x_wconf 86' lang='grc' dir='ltr'><em>δειπνί-</em></span> 
     </span>
     <span class='ocr_line' id='line_1_6' title="bbox 182 345 1499 404; baseline 0 -13"><span class='ocrx_word' id='word_1_15' title='bbox 182 361 282 393; x_wconf 88' lang='grc' dir='ltr'><em>σασι</em></span> <span class='ocrx_word' id='word_1_16' title='bbox 315 348 594 404; x_wconf 85' lang='grc' dir='ltr'><em>Ἀντίπατρος</em></span> <span class='ocrx_word' id='word_1_17' title='bbox 631 347 655 392; x_wconf 90' lang='grc' dir='ltr'>ὁ</span> <span class='ocrx_word' id='word_1_18' title='bbox 687 347 866 402; x_wconf 80' lang='grc' dir='ltr'><em>Ὀργέος</em></span> <span class='ocrx_word' id='word_1_19' title='bbox 918 345 1231 402; x_wconf 77' lang='grc' dir='ltr'><em>ἀραιρημένος,</em></span> <span class='ocrx_word' id='word_1_20' title='bbox 1272 351 1361 389; x_wconf 79' lang='grc' dir='ltr'><em>τῶν</em></span> <span class='ocrx_word' id='word_1_21' title='bbox 1398 349 1446 391; x_wconf 86' lang='grc' dir='ltr'><em>ἀ-</em></span> <span class='ocrx_word' id='word_1_22' title='bbox 1461 359 1499 391; x_wconf 84' lang='grc'><em>15</em></span> 
     </span>
     <span class='ocr_line' id='line_1_7' title="bbox 183 411 1443 473; baseline -0.003 -13"><span class='ocrx_word' id='word_1_23' title='bbox 183 422 297 460; x_wconf 79' lang='grc' dir='ltr'><em>στών</em></span> <span class='ocrx_word' id='word_1_24' title='bbox 333 416 443 473; x_wconf 83' lang='grc' dir='ltr'><em>ἀνὴρ</em></span> <span class='ocrx_word' id='word_1_25' title='bbox 484 416 662 470; x_wconf 84' lang='grc' dir='ltr'><em>δόκιμος</em></span> <span class='ocrx_word' id='word_1_26' title='bbox 701 412 833 470; x_wconf 88' lang='grc' dir='ltr'><em>ὁμοῖα</em></span> <span class='ocrx_word' id='word_1_27' title='bbox 871 418 933 472; x_wconf 78' lang='grc' dir='ltr'><em>τῷ</em></span> <span class='ocrx_word' id='word_1_28' title='bbox 965 413 1165 471; x_wconf 80' lang='grc' dir='ltr'><em>μάλιστα,</em></span> <span class='ocrx_word' id='word_1_29' title='bbox 1197 411 1369 465; x_wconf 76' lang='grc' dir='ltr'><em>ἀπέδεξε</em></span> <span class='ocrx_word' id='word_1_30' title='bbox 1400 414 1443 466; x_wconf 75' lang='grc' dir='ltr'><em>ἐς</em></span> 
     </span>
     <span class='ocr_line' id='line_1_8' title="bbox 181 480 1444 538; baseline -0.002 -10"><span class='ocrx_word' id='word_1_31' title='bbox 181 484 229 528; x_wconf 85' lang='grc' dir='ltr'><em>τὸ</em></span> <span class='ocrx_word' id='word_1_32' title='bbox 261 487 439 528; x_wconf 83' lang='grc' dir='ltr'><em>δεῖπνον</em></span> <span class='ocrx_word' id='word_1_33' title='bbox 465 482 720 538; x_wconf 81' lang='grc' dir='ltr'><em>τετρακόσιοι</em></span> <span class='ocrx_word' id='word_1_34' title='bbox 747 483 937 526; x_wconf 85' lang='grc' dir='ltr'><em>τάλαντα</em></span> <span class='ocrx_word' id='word_1_35' title='bbox 971 480 1187 538; x_wconf 77' lang='grc' dir='ltr'><em>ἀργυρίου</em></span> <span class='ocrx_word' id='word_1_36' title='bbox 1209 483 1444 538; x_wconf 83' lang='grc' dir='ltr'><em>τετελεσμέ-</em></span> 
     </span>
     <span class='ocr_line' id='line_1_9' title="bbox 181 549 1443 608; baseline 0 -13"><span class='ocrx_word' id='word_1_37' title='bbox 181 568 248 595; x_wconf 83' lang='grc' dir='ltr'><em>να.</em></span> <span class='ocrx_word' id='word_1_38' title='bbox 298 552 380 604; x_wconf 73' lang='grc' dir='ltr'><em>“ᾩς</em></span> <span class='ocrx_word' id='word_1_39' title='bbox 428 552 474 595; x_wconf 79' lang='grc' dir='ltr'><em>δὲ</em></span> <span class='ocrx_word' id='word_1_40' title='bbox 510 551 821 607; x_wconf 83' lang='grc' dir='ltr'><em>παραπλησίως</em></span> <span class='ocrx_word' id='word_1_41' title='bbox 858 551 934 594; x_wconf 81' lang='grc' dir='ltr'><em>καὶ</em></span> <span class='ocrx_word' id='word_1_42' title='bbox 979 551 1026 594; x_wconf 82' lang='grc' dir='ltr'><em>ἐν</em></span> <span class='ocrx_word' id='word_1_43' title='bbox 1055 554 1156 608; x_wconf 81' lang='grc' dir='ltr'><em>τῇσι</em></span> <span class='ocrx_word' id='word_1_44' title='bbox 1183 549 1339 606; x_wconf 74' lang='grc' dir='ltr'><em>ἄλλῃσι</em></span> <span class='ocrx_word' id='word_1_45' title='bbox 1368 551 1443 596; x_wconf 84' lang='grc' dir='ltr'><em>πό-</em></span> 
     </span>
     <span class='ocr_line' id='line_1_10' title="bbox 179 616 1442 675; baseline -0.001 -12"><span class='ocrx_word' id='word_1_46' title='bbox 179 625 265 664; x_wconf 91' lang='grc' dir='ltr'><em>λισι</em></span> <span class='ocrx_word' id='word_1_47' title='bbox 296 622 341 664; x_wconf 87' lang='grc' dir='ltr'><em>οί</em></span> <span class='ocrx_word' id='word_1_48' title='bbox 367 619 617 670; x_wconf 78' lang='grc' dir='ltr'><em>ἐπεστεῶτες</em></span> <span class='ocrx_word' id='word_1_49' title='bbox 647 616 962 662; x_wconf 78' lang='grc' dir='ltr'><em>ἀπεδείκνυσαν</em></span> <span class='ocrx_word' id='word_1_50' title='bbox 990 617 1069 661; x_wconf 84' lang='grc' dir='ltr'><em>τὸν</em></span> <span class='ocrx_word' id='word_1_51' title='bbox 1107 617 1252 674; x_wconf 78' lang='grc' dir='ltr'><em>λόγον.</em></span> <span class='ocrx_word' id='word_1_52' title='bbox 1288 618 1338 662; x_wconf 88' lang='grc' dir='ltr'>τὸ</span> <span class='ocrx_word' id='word_1_53' title='bbox 1357 618 1442 675; x_wconf 73' lang='grc' dir='ltr'><em>γαρ</em></span> 
     </span>
     <span class='ocr_line' id='line_1_11' title="bbox 180 684 1442 743; baseline 0.001 -12"><span class='ocrx_word' id='word_1_54' title='bbox 180 690 358 738; x_wconf 82' lang='grc' dir='ltr'><em>δεῖπνον</em></span> <span class='ocrx_word' id='word_1_55' title='bbox 392 685 564 729; x_wconf 88' lang='grc' dir='ltr'><em>τοιόνδε</em></span> <span class='ocrx_word' id='word_1_56' title='bbox 603 703 645 729; x_wconf 88' lang='grc' dir='ltr'><em>τι</em></span> <span class='ocrx_word' id='word_1_57' title='bbox 673 686 863 743; x_wconf 77' lang='grc' dir='ltr'><em>ἐγίνετο,</em></span> <span class='ocrx_word' id='word_1_58' title='bbox 901 684 972 731; x_wconf 86' lang='grc' dir='ltr'><em>οἷα</em></span> <span class='ocrx_word' id='word_1_59' title='bbox 1001 686 1049 730; x_wconf 82' lang='grc' dir='ltr'><em>ἐκ</em></span> <span class='ocrx_word' id='word_1_60' title='bbox 1078 689 1247 730; x_wconf 85' lang='grc' dir='ltr'><em>πολλοῦ</em></span> <span class='ocrx_word' id='word_1_61' title='bbox 1275 685 1442 743; x_wconf 86' lang='grc' dir='ltr'><em>χρόνου</em></span> 
     </span>
     <span class='ocr_line' id='line_1_12' title="bbox 148 753 1500 810; baseline -0.001 -14"><span class='ocrx_word' id='word_1_62' title='bbox 148 754 520 810; x_wconf 77' lang='grc' dir='ltr'><em>2προειρημένον,</em></span> <span class='ocrx_word' id='word_1_63' title='bbox 561 754 634 797; x_wconf 80' lang='grc' dir='ltr'><em>καὶ</em></span> <span class='ocrx_word' id='word_1_64' title='bbox 673 755 771 810; x_wconf 79' lang='grc' dir='ltr'><em>περὶ</em></span> <span class='ocrx_word' id='word_1_65' title='bbox 801 758 969 798; x_wconf 88' lang='grc' dir='ltr'><em>πολλοῦ</em></span> <span class='ocrx_word' id='word_1_66' title='bbox 994 753 1269 808; x_wconf 86' lang='grc' dir='ltr'><em>ποιεύμενον.</em></span> <span class='ocrx_word' id='word_1_67' title='bbox 1310 759 1442 800; x_wconf 86' lang='grc' dir='ltr'><em>τοῦτο</em></span> <span class='ocrx_word' id='word_1_68' title='bbox 1456 764 1500 797; x_wconf 69' lang='lat'><em>20</em></span> 
     </span>
     <span class='ocr_line' id='line_1_13' title="bbox 174 820 1440 879; baseline 0.002 -15"><span class='ocrx_word' id='word_1_69' title='bbox 174 822 274 878; x_wconf 75' lang='grc' dir='ltr'><em>μὲν,</em></span> <span class='ocrx_word' id='word_1_70' title='bbox 307 821 366 872; x_wconf 77' lang='grc' dir='ltr'><em>ὦς</em></span> <span class='ocrx_word' id='word_1_71' title='bbox 397 820 617 865; x_wconf 76' lang='grc' dir='ltr'><em>ἐπύθοντο</em></span> <span class='ocrx_word' id='word_1_72' title='bbox 649 821 825 878; x_wconf 86' lang='grc' dir='ltr'><em>τάχιστα</em></span> <span class='ocrx_word' id='word_1_73' title='bbox 853 826 943 866; x_wconf 79' lang='grc' dir='ltr'><em>τῶν</em></span> <span class='ocrx_word' id='word_1_74' title='bbox 971 821 1177 879; x_wconf 80' lang='grc' dir='ltr'><em>κηρύκων</em></span> <span class='ocrx_word' id='word_1_75' title='bbox 1206 825 1296 864; x_wconf 72' lang='grc' dir='ltr'><em>τῶν</em></span> <span class='ocrx_word' id='word_1_76' title='bbox 1324 840 1440 879; x_wconf 88' lang='grc' dir='ltr'><em>περι-</em></span> 
     </span>
     <span class='ocr_line' id='line_1_14' title="bbox 176 888 1443 947; baseline 0.002 -15"><span class='ocrx_word' id='word_1_77' title='bbox 176 888 486 945; x_wconf 79' lang='grc' dir='ltr'><em>αγγελλόντων,</em></span> <span class='ocrx_word' id='word_1_78' title='bbox 517 888 758 946; x_wconf 78' lang='grc' dir='ltr'><em>δασάμενοι</em></span> <span class='ocrx_word' id='word_1_79' title='bbox 788 895 911 935; x_wconf 90' lang='grc' dir='ltr'><em>σῖτον</em></span> <span class='ocrx_word' id='word_1_80' title='bbox 941 889 988 933; x_wconf 78' lang='grc' dir='ltr'><em>ἐν</em></span> <span class='ocrx_word' id='word_1_81' title='bbox 1017 894 1116 947; x_wconf 87' lang='grc' dir='ltr'><em>τῇσι</em></span> <span class='ocrx_word' id='word_1_82' title='bbox 1144 890 1292 934; x_wconf 80' lang='grc' dir='ltr'><em>πόλισι</em></span> <span class='ocrx_word' id='word_1_83' title='bbox 1321 893 1365 934; x_wconf 85' lang='grc' dir='ltr'><em>οἷ</em></span> <span class='ocrx_word' id='word_1_84' title='bbox 1394 890 1443 935; x_wconf 83' lang='grc' dir='ltr'><em>ἀ-</em></span> 
     </span>
     <span class='ocr_line' id='line_1_15' title="bbox 175 956 1441 1016; baseline 0.001 -15"><span class='ocrx_word' id='word_1_85' title='bbox 175 958 295 1010; x_wconf 89' lang='grc' dir='ltr'><em>στοὶ,</em></span> <span class='ocrx_word' id='word_1_86' title='bbox 325 956 487 1012; x_wconf 77' lang='grc' dir='ltr'><em>ἅλευρά</em></span> <span class='ocrx_word' id='word_1_87' title='bbox 513 974 559 1001; x_wconf 86' lang='grc' dir='ltr'><em>τε</em></span> <span class='ocrx_word' id='word_1_88' title='bbox 587 959 661 1002; x_wconf 79' lang='grc' dir='ltr'><em>καὶ</em></span> <span class='ocrx_word' id='word_1_89' title='bbox 695 957 857 1015; x_wconf 75' lang='grc' dir='ltr'><em>ἄλφιτα</em></span> <span class='ocrx_word' id='word_1_90' title='bbox 886 957 1060 1002; x_wconf 79' lang='grc' dir='ltr'><em>ἐποίευν</em></span> <span class='ocrx_word' id='word_1_91' title='bbox 1089 958 1246 1010; x_wconf 86' lang='grc' dir='ltr'><em>πάντες</em></span> <span class='ocrx_word' id='word_1_92' title='bbox 1268 959 1336 1003; x_wconf 80' lang='grc' dir='ltr'><em>ἐπὶ</em></span> <span class='ocrx_word' id='word_1_93' title='bbox 1366 963 1441 1016; x_wconf 84' lang='grc' dir='ltr'><em>μῆ-</em></span> 
     </span>
     <span class='ocr_line' id='line_1_16' title="bbox 173 1025 1497 1083; baseline 0.002 -15"><span class='ocrx_word' id='word_1_94' title='bbox 173 1042 254 1076; x_wconf 83' lang='grc' dir='ltr'><em>νας</em></span> <span class='ocrx_word' id='word_1_95' title='bbox 292 1025 500 1081; x_wconf 82' lang='grc' dir='ltr'><em>συχνούς·</em></span> <span class='ocrx_word' id='word_1_96' title='bbox 550 1031 681 1071; x_wconf 85' lang='grc' dir='ltr'><em>τοῦτο</em></span> <span class='ocrx_word' id='word_1_97' title='bbox 713 1026 773 1078; x_wconf 79' lang='grc' dir='ltr'><em>δὲ,</em></span> <span class='ocrx_word' id='word_1_98' title='bbox 805 1025 964 1082; x_wconf 79' lang='grc' dir='ltr'><em>κτήνεα</em></span> <span class='ocrx_word' id='word_1_99' title='bbox 994 1027 1252 1079; x_wconf 82' lang='grc' dir='ltr'><em>σιτεύεσκον,</em></span> <span class='ocrx_word' id='word_1_100' title='bbox 1286 1027 1497 1083; x_wconf 75' lang='grc' dir='ltr'><em>ἐξευρί-Ξὸ</em></span> 
     </span>
     <span class='ocr_line' id='line_1_17' title="bbox 173 1093 1442 1152; baseline 0.002 -15"><span class='ocrx_word' id='word_1_101' title='bbox 173 1104 351 1146; x_wconf 87' lang='grc' dir='ltr'><em>σκοντες</em></span> <span class='ocrx_word' id='word_1_102' title='bbox 379 1097 505 1151; x_wconf 87' lang='grc' dir='ltr'><em>τιμῆς</em></span> <span class='ocrx_word' id='word_1_103' title='bbox 530 1096 584 1138; x_wconf 80' lang='grc' dir='ltr'><em>τὰ</em></span> <span class='ocrx_word' id='word_1_104' title='bbox 612 1094 833 1147; x_wconf 80' lang='grc' dir='ltr'><em>κάλλιστα,</em></span> <span class='ocrx_word' id='word_1_105' title='bbox 865 1093 1053 1150; x_wconf 80' lang='grc' dir='ltr'><em>ἔτρεφόν</em></span> <span class='ocrx_word' id='word_1_106' title='bbox 1072 1110 1115 1138; x_wconf 88' lang='grc' dir='ltr'><em>τε</em></span> <span class='ocrx_word' id='word_1_107' title='bbox 1137 1094 1323 1150; x_wconf 79' lang='grc' dir='ltr'><em>ὄρνιθας</em></span> <span class='ocrx_word' id='word_1_108' title='bbox 1351 1112 1442 1152; x_wconf 86' lang='grc' dir='ltr'><em>χερ-</em></span> 
     </span>
    </p>
   </div>
   <div class='ocr_carea' id='block_1_6' title="bbox 121 1214 394 1222">
    <p class='ocr_par' dir='ltr' id='par_1_6' title="bbox 121 1214 394 1222">
     <span class='ocr_line' id='line_1_18' title="bbox 121 1214 394 1222; baseline 0 2118"><span class='ocrx_word' id='word_1_109' title='bbox 121 1214 394 1222; x_wconf 95' lang='lat' dir='ltr'><em> </em></span> 
     </span>
    </p>
   </div>
   <div class='ocr_carea' id='block_1_7' title="bbox 113 1289 777 1912">
    <p class='ocr_par' dir='ltr' id='par_1_7' title="bbox 113 1289 777 1912">
     <span class='ocr_line' id='line_1_19' title="bbox 116 1289 775 1343; baseline 0.009 -17"><span class='ocrx_word' id='word_1_110' title='bbox 116 1289 278 1328; x_wconf 85' lang='lat' dir='ltr'><strong>florenn.</strong></span> <span class='ocrx_word' id='word_1_111' title='bbox 302 1290 355 1331; x_wconf 86' lang='lat'><em>48</em></span> <span class='ocrx_word' id='word_1_112' title='bbox 379 1292 581 1343; x_wconf 86' lang='lat' dir='ltr'><strong>crucigerr.</strong></span> <span class='ocrx_word' id='word_1_113' title='bbox 611 1295 691 1332; x_wconf 90' lang='lat' dir='ltr'><em>Nec</em></span> <span class='ocrx_word' id='word_1_114' title='bbox 702 1294 775 1332; x_wconf 88' lang='lat' dir='ltr'><strong>alio</strong></span> 
     </span>
     <span class='ocr_line' id='line_1_20' title="bbox 116 1347 777 1401; baseline 0.015 -18"><span class='ocrx_word' id='word_1_115' title='bbox 116 1360 229 1384; x_wconf 77' lang='lat' dir='ltr'><strong>sensu</strong></span> <span class='ocrx_word' id='word_1_116' title='bbox 240 1347 523 1401; x_wconf 41' lang='lat' dir='ltr'><strong>mox-dicuutur</strong></span> <span class='ocrx_word' id='word_1_117' title='bbox 539 1349 580 1389; x_wconf 81' lang='grc' dir='ltr'><em>οἵ</em></span> <span class='ocrx_word' id='word_1_118' title='bbox 590 1349 777 1392; x_wconf 71' lang='grc' dir='ltr'><em>ἐπεστεῶ-</em></span> 
     </span>
     <span class='ocr_line' id='line_1_21' title="bbox 116 1399 776 1459; baseline 0.008 -16"><span class='ocrx_word' id='word_1_119' title='bbox 116 1419 178 1451; x_wconf 85' lang='grc' dir='ltr'><em>τες</em></span> <span class='ocrx_word' id='word_1_120' title='bbox 190 1399 479 1444; x_wconf 79' lang='grc' dir='ltr'><em>ἀπεδείκνυσαν</em></span> <span class='ocrx_word' id='word_1_121' title='bbox 490 1402 560 1445; x_wconf 89' lang='grc' dir='ltr'><em>τὸν</em></span> <span class='ocrx_word' id='word_1_122' title='bbox 573 1404 690 1459; x_wconf 86' lang='grc' dir='ltr'><em>λόγον</em></span> <span class='ocrx_word' id='word_1_123' title='bbox 703 1409 727 1447; x_wconf 87' lang='grc' dir='ltr'><em>ἰ.</em></span> <span class='ocrx_word' id='word_1_124' title='bbox 741 1422 776 1448; x_wconf 87' lang='lat' dir='ltr'><em>e.</em></span> 
     </span>
     <span class='ocr_line' id='line_1_22' title="bbox 113 1461 777 1516; baseline 0.008 -18"><span class='ocrx_word' id='word_1_125' title='bbox 113 1461 252 1512; x_wconf 80' lang='lat' dir='ltr'><strong>publice</strong></span> <span class='ocrx_word' id='word_1_126' title='bbox 259 1461 431 1513; x_wconf 66' lang='lat' dir='ltr'><strong>praefecti</strong></span> <span class='ocrx_word' id='word_1_127' title='bbox 442 1463 496 1500; x_wconf 76' lang='lat' dir='ltr'><em>his</em></span> <span class='ocrx_word' id='word_1_128' title='bbox 514 1464 627 1513; x_wconf 73' lang='lat' dir='ltr'><strong>epulis</strong></span> <span class='ocrx_word' id='word_1_129' title='bbox 646 1478 777 1516; x_wconf 72' lang='lat' dir='ltr'><strong>expen-</strong></span> 
     </span>
     <span class='ocr_line' id='line_1_23' title="bbox 117 1519 776 1560; baseline 0.008 -5"><span class='ocrx_word' id='word_1_130' title='bbox 117 1531 236 1556; x_wconf 85' lang='lat' dir='ltr'><strong>sarum</strong></span> <span class='ocrx_word' id='word_1_131' title='bbox 265 1519 407 1557; x_wconf 81' lang='lat' dir='ltr'><strong>tabulas</strong></span> <span class='ocrx_word' id='word_1_132' title='bbox 429 1532 456 1556; x_wconf 92' lang='lat' dir='ltr'><em>s.</em></span> <span class='ocrx_word' id='word_1_133' title='bbox 483 1522 640 1558; x_wconf 76' lang='lat' dir='ltr'><strong>rationes</strong></span> <span class='ocrx_word' id='word_1_134' title='bbox 676 1522 776 1560; x_wconf 70' lang='lat' dir='ltr'><strong>exhi-</strong></span> 
     </span>
     <span class='ocr_line' id='line_1_24' title="bbox 117 1574 776 1630; baseline 0.008 -18"><span class='ocrx_word' id='word_1_135' title='bbox 117 1576 278 1613; x_wconf 78' lang='lat' dir='ltr'><strong>buerunt.</strong></span> <span class='ocrx_word' id='word_1_136' title='bbox 311 1597 368 1603; x_wconf 88' lang='lat'><em>——</em></span> <span class='ocrx_word' id='word_1_137' title='bbox 424 1575 486 1613; x_wconf 85' lang='lat' dir='ltr'><em>Ad</em></span> <span class='ocrx_word' id='word_1_138' title='bbox 501 1590 637 1614; x_wconf 85' lang='lat' dir='ltr'><strong>vocem</strong></span> <span class='ocrx_word' id='word_1_139' title='bbox 659 1574 776 1630; x_wconf 82' lang='grc' dir='ltr'><em>ἀραι-</em></span> 
     </span>
     <span class='ocr_line' id='line_1_25' title="bbox 117 1630 773 1684; baseline 0.003 -15"><span class='ocrx_word' id='word_1_140' title='bbox 117 1630 287 1684; x_wconf 79' lang='grc' dir='ltr'><em>ρημένος</em></span> <span class='ocrx_word' id='word_1_141' title='bbox 319 1632 398 1670; x_wconf 81' lang='lat' dir='ltr'><strong>vid.</strong></span> <span class='ocrx_word' id='word_1_142' title='bbox 424 1640 522 1672; x_wconf 88' lang='lat' dir='ltr'><strong>nott.</strong></span> <span class='ocrx_word' id='word_1_143' title='bbox 545 1633 593 1670; x_wconf 82' lang='lat' dir='ltr'><em>ad</em></span> <span class='ocrx_word' id='word_1_144' title='bbox 608 1635 689 1683; x_wconf 85' lang='lat' dir='ltr'>VII,</span> <span class='ocrx_word' id='word_1_145' title='bbox 721 1637 773 1675; x_wconf 81' lang='lat'><em>83</em></span> 
     </span>
     <span class='ocr_line' id='line_1_26' title="bbox 117 1687 777 1744; baseline 0.009 -19"><span class='ocrx_word' id='word_1_146' title='bbox 117 1695 154 1726; x_wconf 90' lang='lat' dir='ltr'><em>et</em></span> <span class='ocrx_word' id='word_1_147' title='bbox 174 1688 222 1725; x_wconf 84' lang='lat' dir='ltr'><em>ad</em></span> <span class='ocrx_word' id='word_1_148' title='bbox 241 1702 354 1726; x_wconf 80' lang='lat' dir='ltr'><strong>voces</strong></span> <span class='ocrx_word' id='word_1_149' title='bbox 379 1688 494 1740; x_wconf 83' lang='grc' dir='ltr'><em>ὁμοῖα</em></span> <span class='ocrx_word' id='word_1_150' title='bbox 527 1693 583 1744; x_wconf 78' lang='grc' dir='ltr'><em>τῷ</em></span> <span class='ocrx_word' id='word_1_151' title='bbox 607 1687 777 1742; x_wconf 71' lang='grc' dir='ltr'><em>μάλιστα</em></span> 
     </span>
     <span class='ocr_line' id='line_1_27' title="bbox 117 1745 775 1796; baseline 0.005 -15"><span class='ocrx_word' id='word_1_152' title='bbox 117 1747 294 1796; x_wconf 83' lang='lat' dir='ltr'>proxime</span> <span class='ocrx_word' id='word_1_153' title='bbox 314 1745 624 1784; x_wconf 80' lang='lat' dir='ltr'><strong>antecedentibus</strong></span> <span class='ocrx_word' id='word_1_154' title='bbox 654 1761 775 1784; x_wconf 84' lang='lat' dir='ltr'><strong>anne-</strong></span> 
     </span>
     <span class='ocr_line' id='line_1_28' title="bbox 118 1801 772 1854; baseline 0.005 -16"><span class='ocrx_word' id='word_1_155' title='bbox 118 1801 271 1838; x_wconf 85' lang='lat' dir='ltr'><strong>ctendas</strong></span> <span class='ocrx_word' id='word_1_156' title='bbox 289 1803 357 1849; x_wconf 89' lang='lat'><em>111,</em></span> <span class='ocrx_word' id='word_1_157' title='bbox 380 1805 404 1842; x_wconf 85' lang='lat'>8</span> <span class='ocrx_word' id='word_1_158' title='bbox 426 1803 554 1854; x_wconf 82' lang='lat' dir='ltr'><strong>ibique</strong></span> <span class='ocrx_word' id='word_1_159' title='bbox 575 1805 700 1841; x_wconf 80' lang='lat' dir='ltr'><strong>allata.</strong></span> <span class='ocrx_word' id='word_1_160' title='bbox 722 1826 772 1832; x_wconf 83' lang='lat'><em>-—</em></span> 
     </span>
     <span class='ocr_line' id='line_1_29' title="bbox 116 1857 776 1912; baseline 0.002 -16"><span class='ocrx_word' id='word_1_161' title='bbox 116 1857 366 1909; x_wconf 82' lang='grc' dir='ltr'><em>τετελεσμένα</em></span> <span class='ocrx_word' id='word_1_162' title='bbox 402 1858 506 1895; x_wconf 82' lang='lat' dir='ltr'><strong>idem</strong></span> <span class='ocrx_word' id='word_1_163' title='bbox 547 1873 625 1898; x_wconf 86' lang='lat' dir='ltr'><strong>esse</strong></span> <span class='ocrx_word' id='word_1_164' title='bbox 662 1868 776 1912; x_wconf 84' lang='lat' dir='ltr'><strong>atque</strong></span> 
     </span>
    </p>
   </div>
   <div class='ocr_carea' id='block_1_8' title="bbox 116 1913 774 2024">
    <p class='ocr_par' dir='ltr' id='par_1_8' title="bbox 116 1913 774 2024">
     <span class='ocr_line' id='line_1_30' title="bbox 118 1913 774 1966; baseline 0.005 -13"><span class='ocrx_word' id='word_1_165' title='bbox 118 1913 421 1966; x_wconf 82' lang='grc' dir='ltr'><em>δεδαπανημὲνα</em></span> <span class='ocrx_word' id='word_1_166' title='bbox 450 1915 560 1953; x_wconf 81' lang='lat' dir='ltr'><strong>docet</strong></span> <span class='ocrx_word' id='word_1_167' title='bbox 592 1916 774 1956; x_wconf 85' lang='lat' dir='ltr'><strong>Valcken.</strong></span> 
     </span>
     <span class='ocr_line' id='line_1_31' title="bbox 116 1970 646 2024; baseline 0.004 -16"><span class='ocrx_word' id='word_1_168' title='bbox 116 1972 235 2009; x_wconf 85' lang='lat' dir='ltr'><strong>citans</strong></span> <span class='ocrx_word' id='word_1_169' title='bbox 254 1970 396 2011; x_wconf 84' lang='lat' dir='ltr'><strong>Athen.</strong></span> <span class='ocrx_word' id='word_1_170' title='bbox 418 1974 454 2009; x_wconf 89' lang='grc' dir='ltr'><em>ΙΙ</em></span> <span class='ocrx_word' id='word_1_171' title='bbox 473 1986 509 2024; x_wconf 86' lang='lat' dir='ltr'><em>p.</em></span> <span class='ocrx_word' id='word_1_172' title='bbox 527 1971 580 2013; x_wconf 79' lang='lat'><em>40</em></span> <span class='ocrx_word' id='word_1_173' title='bbox 599 1974 646 2012; x_wconf 83' lang='lat' dir='ltr'><em>E.</em></span> 
     </span>
    </p>
   </div>
   <div class='ocr_carea' id='block_1_9' title="bbox 313 2083 577 2136">
    <p class='ocr_par' dir='ltr' id='par_1_9' title="bbox 313 2083 577 2136">
     <span class='ocr_line' id='line_1_32' title="bbox 313 2083 577 2136; baseline 0.011 -15"><span class='ocrx_word' id='word_1_174' title='bbox 313 2083 405 2136; x_wconf 78' lang='lat' dir='ltr'><em>Cap.</em></span> <span class='ocrx_word' id='word_1_175' title='bbox 439 2085 577 2125; x_wconf 87' lang='lat' dir='ltr'>CXIX.</span> 
     </span>
    </p>
   </div>
   <div class='ocr_carea' id='block_1_10' title="bbox 119 2157 778 2876">
    <p class='ocr_par' dir='ltr' id='par_1_10' title="bbox 119 2157 778 2833">
     <span class='ocr_line' id='line_1_33' title="bbox 176 2157 777 2217; baseline 0.005 -16"><span class='ocrx_word' id='word_1_176' title='bbox 176 2157 242 2202; x_wconf 87' lang='grc' dir='ltr'><em>οἷα</em></span> <span class='ocrx_word' id='word_1_177' title='bbox 279 2161 323 2202; x_wconf 80' lang='grc' dir='ltr'><em>ἐκ</em></span> <span class='ocrx_word' id='word_1_178' title='bbox 345 2166 497 2203; x_wconf 80' lang='grc' dir='ltr'><em>πολλοῦ</em></span> <span class='ocrx_word' id='word_1_179' title='bbox 519 2161 664 2216; x_wconf 79' lang='grc' dir='ltr'><em>χρόνον</em></span> <span class='ocrx_word' id='word_1_180' title='bbox 679 2179 777 2217; x_wconf 84' lang='grc' dir='ltr'><em>προ-</em></span> 
     </span>
     <span class='ocr_line' id='line_1_34' title="bbox 119 2217 776 2269; baseline 0.002 -12"><span class='ocrx_word' id='word_1_181' title='bbox 119 2217 353 2269; x_wconf 83' lang='grc' dir='ltr'><em>ειρημένον]</em></span> <span class='ocrx_word' id='word_1_182' title='bbox 387 2220 443 2259; x_wconf 83' lang='lat' dir='ltr'><em>cf.</em></span> <span class='ocrx_word' id='word_1_183' title='bbox 463 2222 544 2269; x_wconf 82' lang='lat' dir='ltr'><em>VH,</em></span> <span class='ocrx_word' id='word_1_184' title='bbox 561 2224 628 2263; x_wconf 81' lang='lat'><em>32.</em></span> <span class='ocrx_word' id='word_1_185' title='bbox 671 2222 776 2266; x_wconf 80' lang='lat' dir='ltr'><strong>Quae</strong></span> 
     </span>
     <span class='ocr_line' id='line_1_35' title="bbox 120 2278 774 2329; baseline 0.011 -18"><span class='ocrx_word' id='word_1_186' title='bbox 120 2281 331 2326; x_wconf 85' lang='lat' dir='ltr'><strong>sequuntur</strong></span> <span class='ocrx_word' id='word_1_187' title='bbox 380 2278 495 2313; x_wconf 79' lang='lat' dir='ltr'><strong>verba</strong></span> <span class='ocrx_word' id='word_1_188' title='bbox 542 2278 774 2329; x_wconf 84' lang='grc' dir='ltr'><em>(δεῖπνον)</em></span> 
     </span>
     <span class='ocr_line' id='line_1_36' title="bbox 119 2329 776 2385; baseline 0.009 -17"><span class='ocrx_word' id='word_1_189' title='bbox 119 2329 188 2369; x_wconf 85' lang='grc' dir='ltr'><em>καὶ</em></span> <span class='ocrx_word' id='word_1_190' title='bbox 219 2329 309 2381; x_wconf 87' lang='grc' dir='ltr'><em>περὶ</em></span> <span class='ocrx_word' id='word_1_191' title='bbox 346 2334 497 2371; x_wconf 82' lang='grc' dir='ltr'><em>πολλοῦ</em></span> <span class='ocrx_word' id='word_1_192' title='bbox 535 2331 776 2385; x_wconf 81' lang='grc' dir='ltr'><em>ποιεύμενον</em></span> 
     </span>
     <span class='ocr_line' id='line_1_37' title="bbox 120 2385 775 2437; baseline 0.005 -13"><span class='ocrx_word' id='word_1_193' title='bbox 120 2385 504 2437; x_wconf 82' lang='lat' dir='ltr'><strong>Schweighaeuserus</strong></span> <span class='ocrx_word' id='word_1_194' title='bbox 526 2389 572 2425; x_wconf 88' lang='lat' dir='ltr'><em>de</em></span> <span class='ocrx_word' id='word_1_195' title='bbox 594 2403 696 2427; x_wconf 81' lang='lat' dir='ltr'><strong>coena</strong></span> <span class='ocrx_word' id='word_1_196' title='bbox 712 2392 775 2426; x_wconf 85' lang='lat' dir='ltr'><strong>in-</strong></span> 
     </span>
     <span class='ocr_line' id='line_1_38' title="bbox 119 2444 776 2494; baseline 0.005 -14"><span class='ocrx_word' id='word_1_197' title='bbox 119 2444 273 2494; x_wconf 80' lang='lat' dir='ltr'><strong>telligit,</strong></span> <span class='ocrx_word' id='word_1_198' title='bbox 326 2457 414 2494; x_wconf 77' lang='lat' dir='ltr'><strong>quae</strong></span> <span class='ocrx_word' id='word_1_199' title='bbox 450 2457 582 2493; x_wconf 80' lang='lat' dir='ltr'><strong>magna</strong></span> <span class='ocrx_word' id='word_1_200' title='bbox 612 2459 697 2482; x_wconf 80' lang='lat' dir='ltr'><em>cura</em></span> <span class='ocrx_word' id='word_1_201' title='bbox 727 2450 776 2483; x_wconf 83' lang='lat' dir='ltr'><em>est</em></span> 
     </span>
     <span class='ocr_line' id='line_1_39' title="bbox 119 2500 778 2552; baseline 0.005 -15"><span class='ocrx_word' id='word_1_202' title='bbox 119 2503 316 2550; x_wconf 78' lang='lat' dir='ltr'><strong>apparata,</strong></span> <span class='ocrx_word' id='word_1_203' title='bbox 356 2513 476 2552; x_wconf 84' lang='lat' dir='ltr'><strong>quum</strong></span> <span class='ocrx_word' id='word_1_204' title='bbox 506 2500 596 2550; x_wconf 84' lang='grc' dir='ltr'><em>περὶ</em></span> <span class='ocrx_word' id='word_1_205' title='bbox 626 2504 778 2540; x_wconf 80' lang='grc' dir='ltr'><em>πολλοῦ</em></span> 
     </span>
     <span class='ocr_line' id='line_1_40' title="bbox 119 2556 776 2607; baseline 0 -13"><span class='ocrx_word' id='word_1_206' title='bbox 119 2559 325 2596; x_wconf 85' lang='grc' dir='ltr'><em>ποιεῖσθαι</em></span> <span class='ocrx_word' id='word_1_207' title='bbox 349 2558 514 2594; x_wconf 79' lang='lat' dir='ltr'><strong>crebrius</strong></span> <span class='ocrx_word' id='word_1_208' title='bbox 530 2556 632 2607; x_wconf 79' lang='lat' dir='ltr'><strong>apud</strong></span> <span class='ocrx_word' id='word_1_209' title='bbox 652 2559 776 2594; x_wconf 84' lang='lat' dir='ltr'><strong>Hero—</strong></span> 
     </span>
     <span class='ocr_line' id='line_1_41' title="bbox 121 2610 775 2663; baseline 0.003 -15"><span class='ocrx_word' id='word_1_210' title='bbox 121 2610 255 2650; x_wconf 86' lang='lat' dir='ltr'><strong>dotum</strong></span> <span class='ocrx_word' id='word_1_211' title='bbox 285 2620 484 2650; x_wconf 84' lang='lat' dir='ltr'><strong>occurrat:</strong></span> <span class='ocrx_word' id='word_1_212' title='bbox 528 2614 678 2663; x_wconf 74' lang='lat' dir='ltr'><strong>plurimi</strong></span> <span class='ocrx_word' id='word_1_213' title='bbox 708 2613 775 2662; x_wconf 88' lang='lat' dir='ltr'><em>fa-</em></span> 
     </span>
     <span class='ocr_line' id='line_1_42' title="bbox 122 2669 777 2719; baseline 0.002 -15"><span class='ocrx_word' id='word_1_214' title='bbox 122 2680 194 2704; x_wconf 79' lang='lat' dir='ltr'><strong>cere</strong></span> <span class='ocrx_word' id='word_1_215' title='bbox 225 2669 363 2719; x_wconf 79' lang='lat' dir='ltr'><strong>aliquid</strong></span> <span class='ocrx_word' id='word_1_216' title='bbox 405 2671 554 2719; x_wconf 80' lang='lat' dir='ltr'><em>indeque</em></span> <span class='ocrx_word' id='word_1_217' title='bbox 583 2669 777 2719; x_wconf 78' lang='lat' dir='ltr'><strong>plurimum</strong></span> 
     </span>
     <span class='ocr_line' id='line_1_43' title="bbox 123 2726 777 2775; baseline 0.002 -15"><span class='ocrx_word' id='word_1_218' title='bbox 123 2736 242 2773; x_wconf 83' lang='lat' dir='ltr'><strong>operae</strong></span> <span class='ocrx_word' id='word_1_219' title='bbox 258 2738 382 2774; x_wconf 80' lang='lat' dir='ltr'><strong>ponere</strong></span> <span class='ocrx_word' id='word_1_220' title='bbox 399 2728 434 2763; x_wconf 74' lang='lat' dir='ltr'><em>in</em></span> <span class='ocrx_word' id='word_1_221' title='bbox 452 2726 576 2775; x_wconf 80' lang='lat' dir='ltr'><strong>aliqua</strong></span> <span class='ocrx_word' id='word_1_222' title='bbox 593 2739 642 2771; x_wconf 81' lang='lat' dir='ltr'><strong>re,</strong></span> <span class='ocrx_word' id='word_1_223' title='bbox 672 2726 723 2761; x_wconf 86' lang='lat' dir='ltr'><em>ita</em></span> <span class='ocrx_word' id='word_1_224' title='bbox 734 2732 777 2761; x_wconf 87' lang='lat' dir='ltr'><strong>ut</strong></span> 
     </span>
     <span class='ocr_line' id='line_1_44' title="bbox 120 2779 777 2833; baseline 0.005 -18"><span class='ocrx_word' id='word_1_225' title='bbox 120 2781 271 2830; x_wconf 81' lang='lat' dir='ltr'><strong>proprie</strong></span> <span class='ocrx_word' id='word_1_226' title='bbox 290 2779 329 2817; x_wconf 88' lang='lat' dir='ltr'><em>h.</em></span> <span class='ocrx_word' id='word_1_227' title='bbox 349 2782 376 2820; x_wconf 90' lang='lat' dir='ltr'><em>l.</em></span> <span class='ocrx_word' id='word_1_228' title='bbox 398 2783 628 2833; x_wconf 70' lang='lat' dir='ltr'><strong>intelligatur</strong></span> <span class='ocrx_word' id='word_1_229' title='bbox 646 2794 777 2830; x_wconf 84' lang='lat' dir='ltr'><strong>coena,</strong></span> 
     </span>
    </p>

    <p class='ocr_par' dir='ltr' id='par_1_11' title="bbox 178 2838 497 2876">
     <span class='ocr_line' id='line_1_45' title="bbox 178 2838 497 2876; baseline 0.013 -4"><span class='ocrx_word' id='word_1_230' title='bbox 178 2838 400 2876; x_wconf 61' lang='lat' dir='ltr'><strong>meonor.</strong></span> <span class='ocrx_word' id='word_1_231' title='bbox 430 2840 497 2876; x_wconf 84' lang='lat'><em>111.</em></span> 
     </span>
    </p>
   </div>
   <div class='ocr_carea' id='block_1_11' title="bbox 832 1292 1496 1401">
    <p class='ocr_par' dir='ltr' id='par_1_12' title="bbox 832 1292 1496 1401">
     <span class='ocr_line' id='line_1_46' title="bbox 834 1292 1496 1345; baseline 0.003 -16"><span class='ocrx_word' id='word_1_232' title='bbox 834 1292 882 1330; x_wconf 80' lang='lat' dir='ltr'><em>ad</em></span> <span class='ocrx_word' id='word_1_233' title='bbox 909 1305 1028 1345; x_wconf 88' lang='lat' dir='ltr'><strong>quam</strong></span> <span class='ocrx_word' id='word_1_234' title='bbox 1048 1292 1215 1330; x_wconf 81' lang='lat' dir='ltr'><strong>multum</strong></span> <span class='ocrx_word' id='word_1_235' title='bbox 1236 1306 1372 1345; x_wconf 84' lang='lat' dir='ltr'><strong>operae</strong></span> <span class='ocrx_word' id='word_1_236' title='bbox 1401 1308 1496 1332; x_wconf 90' lang='lat' dir='ltr'><strong>con-</strong></span> 
     </span>
     <span class='ocr_line' id='line_1_47' title="bbox 832 1350 1495 1401; baseline 0.005 -15"><span class='ocrx_word' id='word_1_237' title='bbox 832 1351 1003 1387; x_wconf 88' lang='lat' dir='ltr'><strong>tuleruut</strong></span> <span class='ocrx_word' id='word_1_238' title='bbox 1022 1350 1091 1386; x_wconf 89' lang='lat' dir='ltr'><strong>rite</strong></span> <span class='ocrx_word' id='word_1_239' title='bbox 1122 1351 1395 1401; x_wconf 82' lang='lat' dir='ltr'><strong>apparandam.</strong></span> <span class='ocrx_word' id='word_1_240' title='bbox 1437 1352 1495 1389; x_wconf 87' lang='lat' dir='ltr'><em>Cf.</em></span> 
     </span>
    </p>
   </div>
   <div class='ocr_carea' id='block_1_12' title="bbox 831 1406 1374 1457">
    <p class='ocr_par' dir='ltr' id='par_1_13' title="bbox 831 1406 1374 1457">
     <span class='ocr_line' id='line_1_48' title="bbox 831 1406 1374 1457; baseline 0.006 -14"><span class='ocrx_word' id='word_1_241' title='bbox 831 1409 861 1456; x_wconf 92' lang='lat'><em>1,</em></span> <span class='ocrx_word' id='word_1_242' title='bbox 883 1410 949 1448; x_wconf 82' lang='lat'><em>73.</em></span> <span class='ocrx_word' id='word_1_243' title='bbox 970 1408 1035 1456; x_wconf 82' lang='lat' dir='ltr'><em>vl,</em></span> <span class='ocrx_word' id='word_1_244' title='bbox 1061 1406 1153 1447; x_wconf 83' lang='lat'>104.</span> <span class='ocrx_word' id='word_1_245' title='bbox 1174 1408 1256 1457; x_wconf 83' lang='lat' dir='ltr'><em>vn,</em></span> <span class='ocrx_word' id='word_1_246' title='bbox 1280 1411 1374 1449; x_wconf 86' lang='lat'><em>181.</em></span> 
     </span>
    </p>
   </div>
   <div class='ocr_carea' id='block_1_13' title="bbox 828 1470 1498 2654">
    <p class='ocr_par' dir='ltr' id='par_1_14' title="bbox 828 1470 1498 2654">
     <span class='ocr_line' id='line_1_49' title="bbox 890 1470 1496 1526; baseline 0.005 -13"><span class='ocrx_word' id='word_1_247' title='bbox 890 1470 1039 1525; x_wconf 72' lang='grc' dir='ltr'><em>ἅλευρά</em></span> <span class='ocrx_word' id='word_1_248' title='bbox 1060 1488 1100 1514; x_wconf 86' lang='grc' dir='ltr'><em>τε</em></span> <span class='ocrx_word' id='word_1_249' title='bbox 1117 1473 1183 1514; x_wconf 83' lang='grc' dir='ltr'><em>καὶ</em></span> <span class='ocrx_word' id='word_1_250' title='bbox 1217 1473 1364 1526; x_wconf 72' lang='grc' dir='ltr'><em>ἄλφιτα</em></span> <span class='ocrx_word' id='word_1_251' title='bbox 1385 1474 1496 1516; x_wconf 81' lang='grc' dir='ltr'><em>ἐποί-</em></span> 
     </span>
     <span class='ocr_line' id='line_1_50' title="bbox 833 1529 1498 1584; baseline -0.002 -13"><span class='ocrx_word' id='word_1_252' title='bbox 833 1533 929 1580; x_wconf 89' lang='grc' dir='ltr'><em>ευν]</em></span> <span class='ocrx_word' id='word_1_253' title='bbox 969 1529 1277 1581; x_wconf 75' lang='lat' dir='ltr'><strong>Schweighaeus.</strong></span> <span class='ocrx_word' id='word_1_254' title='bbox 1309 1534 1498 1584; x_wconf 86' lang='lat' dir='ltr'><strong>interpre-</strong></span> 
     </span>
     <span class='ocr_line' id='line_1_51' title="bbox 831 1586 1498 1639; baseline 0.001 -13"><span class='ocrx_word' id='word_1_255' title='bbox 831 1595 953 1626; x_wconf 82' lang='lat' dir='ltr'><strong>tatur:</strong></span> <span class='ocrx_word' id='word_1_256' title='bbox 995 1586 1160 1638; x_wconf 74' lang='lat' dir='ltr'><em>farz&#39;mcm</em></span> <span class='ocrx_word' id='word_1_257' title='bbox 1204 1596 1241 1625; x_wconf 87' lang='lat' dir='ltr'><em>et</em></span> <span class='ocrx_word' id='word_1_258' title='bbox 1266 1589 1447 1639; x_wconf 79' lang='lat' dir='ltr'><strong>polentam</strong></span> <span class='ocrx_word' id='word_1_259' title='bbox 1476 1603 1498 1626; x_wconf 82' lang='lat' dir='ltr'><em>e</em></span> 
     </span>
     <span class='ocr_line' id='line_1_52' title="bbox 830 1644 1498 1697; baseline 0.003 -15"><span class='ocrx_word' id='word_1_260' title='bbox 830 1646 1026 1682; x_wconf 83' lang='lat' dir='ltr'><strong>frumento</strong></span> <span class='ocrx_word' id='word_1_261' title='bbox 1061 1646 1149 1695; x_wconf 90' lang='lat' dir='ltr'><strong>ipsis</strong></span> <span class='ocrx_word' id='word_1_262' title='bbox 1171 1644 1369 1683; x_wconf 85' lang='lat' dir='ltr'><strong>distributo</strong></span> <span class='ocrx_word' id='word_1_263' title='bbox 1384 1659 1498 1697; x_wconf 80' lang='lat' dir='ltr'><strong>para-</strong></span> 
     </span>
     <span class='ocr_line' id='line_1_53' title="bbox 832 1700 1495 1755; baseline 0.005 -16"><span class='ocrx_word' id='word_1_264' title='bbox 832 1703 928 1741; x_wconf 82' lang='lat' dir='ltr'><strong>bant.</strong></span> <span class='ocrx_word' id='word_1_265' title='bbox 987 1702 1040 1738; x_wconf 88' lang='lat' dir='ltr'><strong>At</strong></span> <span class='ocrx_word' id='word_1_266' title='bbox 1076 1700 1284 1742; x_wconf 80' lang='grc' dir='ltr'><em>ἐποιεῦντο</em></span> <span class='ocrx_word' id='word_1_267' title='bbox 1312 1704 1353 1739; x_wconf 90' lang='lat' dir='ltr'><strong>in</strong></span> <span class='ocrx_word' id='word_1_268' title='bbox 1387 1716 1495 1755; x_wconf 88' lang='lat' dir='ltr'><strong>seqq.</strong></span> 
     </span>
     <span class='ocr_line' id='line_1_54' title="bbox 833 1757 1498 1810; baseline 0.002 -15"><span class='ocrx_word' id='word_1_269' title='bbox 833 1765 908 1796; x_wconf 87' lang='lat' dir='ltr'><strong>est:</strong></span> <span class='ocrx_word' id='word_1_270' title='bbox 942 1757 1112 1802; x_wconf 79' lang='lat' dir='ltr'><strong>facienda</strong></span> <span class='ocrx_word' id='word_1_271' title='bbox 1135 1760 1205 1795; x_wconf 76' lang='lat' dir='ltr'><strong>sibi</strong></span> <span class='ocrx_word' id='word_1_272' title='bbox 1231 1760 1400 1796; x_wconf 71' lang='lat' dir='ltr'><em>curabant</em></span> <span class='ocrx_word' id='word_1_273' title='bbox 1425 1772 1498 1810; x_wconf 81' lang='lat' dir='ltr'><em>po-</em></span> 
     </span>
     <span class='ocr_line' id='line_1_55' title="bbox 833 1814 1498 1866; baseline 0 -14"><span class='ocrx_word' id='word_1_274' title='bbox 833 1815 914 1852; x_wconf 84' lang='lat' dir='ltr'><em>cula</em></span> <span class='ocrx_word' id='word_1_275' title='bbox 927 1827 975 1851; x_wconf 84' lang='lat' dir='ltr'><em>ex</em></span> <span class='ocrx_word' id='word_1_276' title='bbox 995 1821 1086 1851; x_wconf 81' lang='lat' dir='ltr'><strong>nota</strong></span> <span class='ocrx_word' id='word_1_277' title='bbox 1104 1816 1210 1852; x_wconf 85' lang='lat' dir='ltr'><strong>verbi</strong></span> <span class='ocrx_word' id='word_1_278' title='bbox 1237 1814 1356 1852; x_wconf 86' lang='lat' dir='ltr'><strong>medii</strong></span> <span class='ocrx_word' id='word_1_279' title='bbox 1376 1816 1498 1866; x_wconf 82' lang='lat' dir='ltr'><strong>signi-</strong></span> 
     </span>
     <span class='ocr_line' id='line_1_56' title="bbox 833 1870 1497 1910; baseline 0.006 -4"><span class='ocrx_word' id='word_1_280' title='bbox 833 1872 1022 1910; x_wconf 83' lang='lat' dir='ltr'><strong>ficatione.</strong></span> <span class='ocrx_word' id='word_1_281' title='bbox 1088 1872 1189 1908; x_wconf 83' lang='lat' dir='ltr'><strong>Hinc</strong></span> <span class='ocrx_word' id='word_1_282' title='bbox 1217 1870 1437 1909; x_wconf 85' lang='lat' dir='ltr'><strong>Athenaeus</strong></span> <span class='ocrx_word' id='word_1_283' title='bbox 1471 1873 1497 1910; x_wconf 92' lang='lat' dir='ltr'><em>l.</em></span> 
     </span>
     <span class='ocr_line' id='line_1_57' title="bbox 833 1927 1498 1978; baseline 0.002 -13"><span class='ocrx_word' id='word_1_284' title='bbox 833 1929 858 1966; x_wconf 90' lang='lat' dir='ltr'><em>l.</em></span> <span class='ocrx_word' id='word_1_285' title='bbox 892 1927 1007 1964; x_wconf 86' lang='lat' dir='ltr'><strong>habet</strong></span> <span class='ocrx_word' id='word_1_286' title='bbox 1035 1929 1308 1978; x_wconf 82' lang='grc' dir='ltr'><em>παρετίθεντο.</em></span> <span class='ocrx_word' id='word_1_287' title='bbox 1367 1930 1498 1966; x_wconf 88' lang='lat' dir='ltr'><strong>Accu-</strong></span> 
     </span>
     <span class='ocr_line' id='line_1_58' title="bbox 833 1982 1496 2034; baseline 0.006 -13"><span class='ocrx_word' id='word_1_288' title='bbox 833 1985 950 2021; x_wconf 81' lang='lat' dir='ltr'><strong>ratius</strong></span> <span class='ocrx_word' id='word_1_289' title='bbox 969 1984 1001 2020; x_wconf 86' lang='lat' dir='ltr'><strong>si</strong></span> <span class='ocrx_word' id='word_1_290' title='bbox 1012 1982 1243 2034; x_wconf 83' lang='lat' dir='ltr'><strong>distinguere</strong></span> <span class='ocrx_word' id='word_1_291' title='bbox 1253 1985 1363 2030; x_wconf 84' lang='lat' dir='ltr'><strong>velis,</strong></span> <span class='ocrx_word' id='word_1_292' title='bbox 1376 1983 1496 2024; x_wconf 67' lang='grc' dir='ltr'><em>ἄλευ-</em></span> 
     </span>
     <span class='ocr_line' id='line_1_59' title="bbox 835 2039 1497 2092; baseline 0.009 -16"><span class='ocrx_word' id='word_1_293' title='bbox 835 2055 885 2092; x_wconf 80' lang='grc' dir='ltr'><em>ρα</em></span> <span class='ocrx_word' id='word_1_294' title='bbox 918 2041 988 2077; x_wconf 87' lang='lat' dir='ltr'><strong>erit</strong></span> <span class='ocrx_word' id='word_1_295' title='bbox 1010 2039 1144 2090; x_wconf 81' lang='lat' dir='ltr'><strong>farina</strong></span> <span class='ocrx_word' id='word_1_296' title='bbox 1168 2044 1318 2086; x_wconf 74' lang='lat' dir='ltr'><strong>triticea,</strong></span> <span class='ocrx_word' id='word_1_297' title='bbox 1348 2039 1497 2092; x_wconf 69' lang='grc' dir='ltr'><em>ἄλφιτα</em></span> 
     </span>
     <span class='ocr_line' id='line_1_60' title="bbox 828 2095 1495 2149; baseline 0.003 -15"><span class='ocrx_word' id='word_1_298' title='bbox 828 2099 960 2149; x_wconf 79' lang='lat' dir='ltr'><strong>farina</strong></span> <span class='ocrx_word' id='word_1_299' title='bbox 976 2095 1159 2144; x_wconf 77' lang='lat' dir='ltr'><strong>hordacea,</strong></span> <span class='ocrx_word' id='word_1_300' title='bbox 1182 2105 1275 2135; x_wconf 88' lang='lat' dir='ltr'><strong>teste</strong></span> <span class='ocrx_word' id='word_1_301' title='bbox 1296 2099 1454 2136; x_wconf 87' lang='lat' dir='ltr'><strong>Polluce</strong></span> <span class='ocrx_word' id='word_1_302' title='bbox 1464 2100 1495 2148; x_wconf 90' lang='lat'><em>1,</em></span> 
     </span>
     <span class='ocr_line' id='line_1_61' title="bbox 834 2152 1498 2195; baseline 0 -5"><span class='ocrx_word' id='word_1_303' title='bbox 834 2154 931 2195; x_wconf 79' lang='lat'>247.</span> <span class='ocrx_word' id='word_1_304' title='bbox 987 2152 1073 2190; x_wconf 87' lang='lat' dir='ltr'><strong>Vid.</strong></span> <span class='ocrx_word' id='word_1_305' title='bbox 1116 2154 1258 2192; x_wconf 87' lang='lat' dir='ltr'><strong>Sturzii</strong></span> <span class='ocrx_word' id='word_1_306' title='bbox 1294 2157 1388 2194; x_wconf 86' lang='lat' dir='ltr'><strong>Lex.</strong></span> <span class='ocrx_word' id='word_1_307' title='bbox 1419 2157 1498 2192; x_wconf 86' lang='lat' dir='ltr'><em>Xe.</em></span> 
     </span>
     <span class='ocr_line' id='line_1_62' title="bbox 833 2209 1495 2262; baseline 0.003 -15"><span class='ocrx_word' id='word_1_308' title='bbox 833 2209 1021 2262; x_wconf 80' lang='lat' dir='ltr'><strong>nophont,</strong></span> <span class='ocrx_word' id='word_1_309' title='bbox 1051 2211 1069 2246; x_wconf 97' lang='lat' dir='ltr'>I</span> <span class='ocrx_word' id='word_1_310' title='bbox 1088 2224 1176 2261; x_wconf 82' lang='lat' dir='ltr'><strong>pag.</strong></span> <span class='ocrx_word' id='word_1_311' title='bbox 1204 2214 1282 2252; x_wconf 81' lang='lat'><em>123</em></span> <span class='ocrx_word' id='word_1_312' title='bbox 1304 2213 1391 2249; x_wconf 88' lang='lat' dir='ltr'><strong>coll.</strong></span> <span class='ocrx_word' id='word_1_313' title='bbox 1416 2211 1495 2254; x_wconf 83' lang='lat'><em>147</em></span> 
     </span>
     <span class='ocr_line' id='line_1_63' title="bbox 834 2265 1495 2320; baseline 0.005 -16"><span class='ocrx_word' id='word_1_314' title='bbox 834 2275 871 2304; x_wconf 89' lang='lat' dir='ltr'><em>et</em></span> <span class='ocrx_word' id='word_1_315' title='bbox 893 2265 1075 2318; x_wconf 82' lang='lat' dir='ltr'><strong>Stephan.</strong></span> <span class='ocrx_word' id='word_1_316' title='bbox 1099 2267 1218 2305; x_wconf 90' lang='lat' dir='ltr'><strong>Thes.</strong></span> <span class='ocrx_word' id='word_1_317' title='bbox 1247 2269 1292 2306; x_wconf 90' lang='lat' dir='ltr'><em>L.</em></span> <span class='ocrx_word' id='word_1_318' title='bbox 1314 2271 1380 2306; x_wconf 88' lang='lat' dir='ltr'><em>Gr.</em></span> <span class='ocrx_word' id='word_1_319' title='bbox 1400 2271 1435 2305; x_wconf 94' lang='grc' dir='ltr'>Π</span> <span class='ocrx_word' id='word_1_320' title='bbox 1455 2283 1495 2320; x_wconf 86' lang='lat' dir='ltr'><em>p.</em></span> 
     </span>
     <span class='ocr_line' id='line_1_64' title="bbox 835 2325 1494 2366; baseline 0 -3"><span class='ocrx_word' id='word_1_321' title='bbox 835 2326 939 2365; x_wconf 80' lang='lat'>1801</span> <span class='ocrx_word' id='word_1_322' title='bbox 983 2325 1029 2360; x_wconf 89' lang='lat' dir='ltr'><em>D.</em></span> <span class='ocrx_word' id='word_1_323' title='bbox 1061 2330 1098 2360; x_wconf 88' lang='lat' dir='ltr'><em>et</em></span> <span class='ocrx_word' id='word_1_324' title='bbox 1129 2326 1232 2364; x_wconf 84' lang='lat'><em>1901</em></span> <span class='ocrx_word' id='word_1_325' title='bbox 1265 2327 1314 2366; x_wconf 90' lang='lat' dir='ltr'><em>D.</em></span> <span class='ocrx_word' id='word_1_326' title='bbox 1347 2348 1399 2354; x_wconf 88' lang='lat'>-</span> <span class='ocrx_word' id='word_1_327' title='bbox 1429 2325 1494 2363; x_wconf 85' lang='lat' dir='ltr'><em>Ad</em></span> 
     </span>
     <span class='ocr_line' id='line_1_65' title="bbox 831 2376 1491 2433; baseline 0.009 -17"><span class='ocrx_word' id='word_1_328' title='bbox 831 2380 1054 2432; x_wconf 81' lang='lat' dir='ltr'><strong>imperfecta</strong></span> <span class='ocrx_word' id='word_1_329' title='bbox 1067 2376 1306 2431; x_wconf 86' lang='grc' dir='ltr'><em>σιτεύεσκον,</em></span> <span class='ocrx_word' id='word_1_330' title='bbox 1321 2381 1491 2433; x_wconf 77' lang='grc' dir='ltr'><em>ἔχεσκον,</em></span> 
     </span>
     <span class='ocr_line' id='line_1_66' title="bbox 832 2434 1492 2487; baseline 0.006 -12"><span class='ocrx_word' id='word_1_331' title='bbox 832 2435 1081 2485; x_wconf 82' lang='grc' dir='ltr'><em>ποιεέσκετο,</em></span> <span class='ocrx_word' id='word_1_332' title='bbox 1112 2434 1422 2487; x_wconf 79' lang='grc' dir='ltr'><em>ἀπελαύνεσκον,</em></span> <span class='ocrx_word' id='word_1_333' title='bbox 1451 2441 1492 2476; x_wconf 84' lang='lat' dir='ltr'><strong>in</strong></span> 
     </span>
     <span class='ocr_line' id='line_1_67' title="bbox 834 2493 1492 2546; baseline 0.005 -17"><span class='ocrx_word' id='word_1_334' title='bbox 834 2493 970 2543; x_wconf 86' lang='lat' dir='ltr'><strong>quibus</strong></span> <span class='ocrx_word' id='word_1_335' title='bbox 998 2494 1097 2530; x_wconf 85' lang='lat' dir='ltr'><strong>inest</strong></span> <span class='ocrx_word' id='word_1_336' title='bbox 1124 2495 1280 2532; x_wconf 81' lang='lat' dir='ltr'><strong>actionis</strong></span> <span class='ocrx_word' id='word_1_337' title='bbox 1311 2497 1492 2546; x_wconf 85' lang='lat' dir='ltr'><strong>repetitae</strong></span> 
     </span>
     <span class='ocr_line' id='line_1_68' title="bbox 832 2549 1490 2598; baseline 0.011 -15"><span class='ocrx_word' id='word_1_338' title='bbox 832 2549 938 2585; x_wconf 88' lang='lat' dir='ltr'><strong>notio</strong></span> <span class='ocrx_word' id='word_1_339' title='bbox 952 2578 961 2596; x_wconf 87' lang='lat'>,</span> <span class='ocrx_word' id='word_1_340' title='bbox 985 2549 1086 2586; x_wconf 84' lang='lat' dir='ltr'><strong>conf.</strong></span> <span class='ocrx_word' id='word_1_341' title='bbox 1107 2551 1221 2588; x_wconf 80' lang='lat' dir='ltr'><strong>citata</strong></span> <span class='ocrx_word' id='word_1_342' title='bbox 1242 2551 1290 2588; x_wconf 83' lang='lat' dir='ltr'><em>ad</em></span> <span class='ocrx_word' id='word_1_343' title='bbox 1310 2553 1392 2598; x_wconf 89' lang='lat' dir='ltr'><em>V11,</em></span> <span class='ocrx_word' id='word_1_344' title='bbox 1414 2553 1490 2591; x_wconf 88' lang='lat'><em>106</em></span> 
     </span>
     <span class='ocr_line' id='line_1_69' title="bbox 834 2603 1491 2654; baseline 0.005 -14"><span class='ocrx_word' id='word_1_345' title='bbox 834 2611 871 2640; x_wconf 89' lang='lat' dir='ltr'><em>et</em></span> <span class='ocrx_word' id='word_1_346' title='bbox 901 2603 948 2641; x_wconf 88' lang='lat' dir='ltr'><em>de</em></span> <span class='ocrx_word' id='word_1_347' title='bbox 977 2605 1100 2642; x_wconf 84' lang='lat' dir='ltr'><strong>forma</strong></span> <span class='ocrx_word' id='word_1_348' title='bbox 1126 2605 1212 2647; x_wconf 75' lang='grc' dir='ltr'><em>ἔσκε</em></span> <span class='ocrx_word' id='word_1_349' title='bbox 1239 2609 1318 2645; x_wconf 78' lang='lat' dir='ltr'><strong>citt.</strong></span> <span class='ocrx_word' id='word_1_350' title='bbox 1346 2606 1400 2644; x_wconf 75' lang='lat' dir='ltr'><em>-ad</em></span> <span class='ocrx_word' id='word_1_351' title='bbox 1430 2607 1491 2654; x_wconf 85' lang='lat' dir='ltr'><em>VI,</em></span> 
     </span>
    </p>
   </div>
   <div class='ocr_carea' id='block_1_14' title="bbox 834 2725 1488 2880">
    <p class='ocr_par' dir='ltr' id='par_1_15' title="bbox 834 2725 1488 2880">
     <span class='ocr_line' id='line_1_70' title="bbox 889 2725 1488 2780; baseline 0.003 -14"><span class='ocrx_word' id='word_1_352' title='bbox 889 2725 1176 2780; x_wconf 78' lang='grc' dir='ltr'><em>ἐξευρίσκοντες</em></span> <span class='ocrx_word' id='word_1_353' title='bbox 1193 2732 1310 2780; x_wconf 80' lang='grc' dir='ltr'><em>τιμῆς</em></span> <span class='ocrx_word' id='word_1_354' title='bbox 1328 2727 1376 2769; x_wconf 70' lang='grc' dir='ltr'><em>ἰα’</em></span> <span class='ocrx_word' id='word_1_355' title='bbox 1392 2725 1488 2768; x_wconf 78' lang='grc' dir='ltr'><em>κάλ-</em></span> 
     </span>
     <span class='ocr_line' id='line_1_71' title="bbox 834 2784 1488 2836; baseline 0.002 -15"><span class='ocrx_word' id='word_1_356' title='bbox 834 2784 969 2833; x_wconf 86' lang='grc' dir='ltr'><em>λιστα]</em></span> <span class='ocrx_word' id='word_1_357' title='bbox 1009 2785 1035 2822; x_wconf 88' lang='grc' dir='ltr'><em>ἰ.</em></span> <span class='ocrx_word' id='word_1_358' title='bbox 1063 2798 1096 2824; x_wconf 82' lang='lat' dir='ltr'><em>e.</em></span> <span class='ocrx_word' id='word_1_359' title='bbox 1124 2786 1361 2836; x_wconf 76' lang='lat' dir='ltr'><strong>pulcherrima</strong></span> <span class='ocrx_word' id='word_1_360' title='bbox 1384 2798 1488 2834; x_wconf 79' lang='lat' dir='ltr'><strong>quae-</strong></span> 
     </span>
     <span class='ocr_line' id='line_1_72' title="bbox 1162 2843 1216 2880; baseline 0 0"><span class='ocrx_word' id='word_1_361' title='bbox 1162 2843 1216 2880; x_wconf 84' lang='lat'><em>39</em></span> 
     </span>
    </p>
   </div>
  </div>
 </body>
</html>
