1897 3340
77 772 143 816 40

452 167 1107 228 TERPsicnoRE.
1165 184 1210 221 v.

1408 186 1462 224 61

205 301 283 354 „vo
319 297 630 353 Εὐρυσθένεος
667 291 872 351 γενέσθαι
911 293 1116 349 ἐξίτηλον.
1170 290 1225 335 σύ
1268 307 1352 333 νυν
1387 289 1468 346 τὴν

176 369 312 424 4,,μὲν
342 368 446 422 ἔχεις
476 368 675 420 γυναῖκα,
706 362 795 406 ἐπεί
824 377 868 404 τε
897 378 966 405 τοι
996 359 1049 404 οὐ
1079 360 1224 411 τίκτει,
1257 359 1362 410 ἔξεο,
1394 357 1467 401 ἅλ-

144 475 146 478 ,
204 440 285 492 λην
331 433 375 476 δὲ
422 436 590 488 γῆμον·
637 431 708 474 καὶ
748 429 910 473 ποιέων
955 432 1120 481 ταῦτα,
1161 426 1494 482 ΣπαρτιήτῃσιῙ

176 501 446 558 5,,ἁδήσεις.“
500 498 550 542 Ὁ
590 498 635 542 δὲ
665 495 863 554 ἀμείβετο
898 496 985 553 φάς
1031 494 1230 549 ,,του’των
1259 493 1467 549 οὐδέτερα
1524 504 1600 544 391

203 568 456 623 ,,ποιήσειν·
491 567 682 617 ἐκείνους
701 583 744 610 τε
776 564 831 609 ου’
858 569 1002 616 καλῶς
1029 561 1357 619 συμβουλεύειν,
1388 577 1469 605 πα-

203 635 504 690 ,,ραινέοντας,
534 633 613 690 τὴν
645 634 725 690 ἔχει
762 639 980 690 γυναῖκα,
1024 632 1185 676 έοῦσαν
1223 630 1469 687 ἀναμάρτη-

202 720 308 758 ,,τον
349 703 518 760 ἑωυτῷ,
565 701 727 758 ταύτην
768 700 952 752 ἀπέντα,
994 699 1130 756 ἄλλην
1159 699 1471 756 ἐσαγαγέσθαι·

200 770 333 823 ,.,ο’ὐδε’
365 783 444 827 σφι
472 772 740 831 πείσεσθαι.“

800 769 922 824 Πρός
950 772 1086 811 ταῦτα
1126 769 1170 811 οἱ
1198 768 1355 823 ἔφοροι
1384 765 1458 809 καὶ

205 842 249 883 οί
277 839 477 894 γέροντες
506 836 862 894 βουλευσάμενοι,
894 836 1170 891 προσέφερον
1194 832 1462 890 Ἀναξανδρί-

204 911 257 965 δῃ
297 907 419 951 τάδε·
473 905 615 959 „Emi
664 907 818 949 τοίνυν
851 903 1158 961 περιεχόμενόν
1197 915 1243 947 σε
1283 900 1469 957 ὁρέομεν

145 1097 280 1128 neam,
321 1082 543 1120 admonent.
610 1080 808 1127 Quemad—

146 1141 308 1177 modum
342 1142 446 1176 enim
473 1141 512 1175 in
534 1140 689 1188 singulis
712 1140 809 1176 civi-

147 1199 218 1235 bus
247 1199 298 1234 ita
323 1198 362 1233 in
396 1197 548 1247 regibus
588 1198 809 1246 praesertim

148 1268 193 1291 eo
223 1255 404 1305 spectavit
432 1254 722 1290 matrimonium
762 1266 809 1289 ex

149 1313 426 1362 Spartanorum
446 1311 653 1356 sententia,
684 1316 727 1345 ut
747 1322 810 1345 so-

148 1369 253 1405 boles
282 1368 435 1404 robusta
457 1367 597 1403 civitati
625 1367 809 1416 gignere-

149 1431 236 1471 tur,
287 1425 349 1461 cui
378 1436 595 1474 numquam
636 1422 809 1459 deessent

150 1482 221 1519 viri
256 1481 398 1517 robusti
428 1493 470 1516 ac
507 1480 634 1515 fortes.
708 1480 808 1514 Hinc

150 1550 304 1589 quoque
327 1534 568 1573 diiudicanda
588 1542 688 1581 sunt,
711 1548 809 1587 quae

148 1593 250 1645 apud
268 1591 462 1629 Plutarch.
491 1593 532 1628 in
552 1594 718 1643 Lycurg.
743 1591 807 1633 15.

147 1649 397 1701 Xenophont.
427 1651 522 1700 Rep.
552 1650 697 1685 Lacon.
717 1650 747 1695 I,
770 1649 808 1693 ξ.

149 1711 175 1749 7
214 1708 414 1758 leguntur,
465 1704 540 1742 huc
586 1706 808 1756 spectantia,

148 1765 246 1802 bene
275 1770 433 1800 tractata
460 1775 482 1799 a
510 1763 646 1813 Cragio
666 1764 725 1799 De
746 1776 808 1798 re-

148 1822 253 1873 publ.
274 1823 364 1857 Lac.
380 1821 433 1856 III
452 1821 543 1856 Inst.
564 1821 634 1856 IX.

207 1899 266 1941 ἐπ
281 1900 325 1939 εί
350 1913 400 1938 τε
429 1914 489 1938 τοι
511 1893 561 1938 ου’
579 1897 718 1947 τίκτει]
750 1897 809 1934 Cf.

151 1958 195 2005 V,
219 1960 283 1998 18.
341 1957 435 1993 Mox
461 1962 562 1992 recte
590 1969 694 1992 nunc
726 1954 810 1991 edi-

150 2021 211 2051 tur
241 2013 334 2061 ἔξεο,
370 2015 396 2049 i.
428 2026 461 2049 e.
484 2013 620 2050 dimitte
650 2026 672 2048 a
691 2013 809 2049 verbo

151 2069 293 2121 ἔξίημι.
353 2070 410 2106 Cf.
434 2068 570 2106 Matth.
593 2071 659 2109 Gr.
683 2070 748 2106 Gr.
772 2070 809 2114 ξ.

151 2130 246 2168 213.
282 2129 309 2167 2
346 2139 432 2178 pag.
476 2126 573 2167 407.
649 2126 812 2163 Plurimi

152 2182 263 2221 codd.
285 2183 328 2223 ἐκ
349 2182 413 2223 σέο
429 2213 438 2230 ,
469 2182 573 2235 quod
593 2183 719 2234 ipsum
739 2196 812 2220 an-

151 2239 339 2277 tecedenti
359 2240 477 2279 τίκτει
500 2239 729 2290 adiungitur.
766 2241 811 2275 In

152 2309 229 2333 una
249 2296 389 2334 Aldina
410 2295 453 2336 ἐκ
477 2295 542 2336 σέο
565 2294 685 2344 ἄπες,
708 2295 813 2349 quod

153 2354 278 2404 plures
300 2353 388 2390 dein
398 2360 617 2390 tenuerunt.
648 2355 683 2390 A
696 2354 812 2391 verbo

154 2411 283 2461 ἐξίημι
315 2410 426 2446 fluxit
460 2410 583 2458 ἕξεσις
612 2411 657 2457 V,
680 2410 734 2451 40
757 2411 814 2447 di-

154 2469 292 2514 missio,
325 2467 536 2514 divortium,
579 2463 815 2518 α’πόπεμψις

155 2520 365 2574 γυναικός,
403 2530 446 2560 ut
482 2526 638 2575 exponit
675 2526 816 2561 Eusta-

159 2578 280 2628 thius3
326 2593 419 2616 nam
456 2581 496 2616 in
526 2582 648 2618 verbis
669 2580 813 2632 ἐξίημι,

161 2633 279 2682 ἔξεσις
317 2636 451 2673 eadem
480 2637 576 2674 inest
614 2638 669 2675 vis
701 2644 815 2689 atque

161 2690 200 2726 in
219 2693 333 2729 verbo
355 2689 619 2744 ἀποπέμπειν,
642 2693 746 2746 quod
769 2692 816 2730 de

161 2747 247 2783 viris
294 2750 394 2786 valet
414 2779 423 2797 ‚
488 2750 818 2801 quemadmodum

163 2797 388 2844 οἷπολείπειν
420 2804 467 2842 de
492 2807 657 2845 feminis.
707 2807 816 2844 Conf.

862 1082 925 1128 VI,
948 1083 1000 1121 63
1041 1087 1079 1117 et
1107 1080 1137 1127 J,
1158 1080 1211 1120 59
1242 1079 1370 1129 ibique
1400 1076 1527 1112 citata.

863 1161 919 1165 —
958 1137 1019 1174 Ad
1052 1133 1216 1186 ἁδήσεις
1247 1135 1349 1171 conf.
1387 1130 1526 1169 Matth.

866 1197 931 1232 Gr.
950 1196 1016 1231 Gr.
1037 1195 1072 1239 ξ.
1096 1192 1175 1234 224
1203 1205 1292 1243 pag.
1314 1190 1408 1231 434.
1451 1191 1526 1225 Pro

866 1250 1038 1291 τουτέων
1064 1249 1152 1286 dedi
1180 1247 1347 1287 τούτων.
1378 1268 1435 1274 -
1466 1245 1526 1282 Ad

867 1308 1027 1345 verbum
1070 1304 1330 1357 ἐσαγαγέσθαι
1371 1305 1410 1339 in
1451 1303 1527 1338 sine

866 1378 949 1416 cap.
972 1364 1075 1401 conf.
1096 1365 1208 1400 citata
1229 1361 1278 1398 ad
1297 1361 1361 1408 IV,
1383 1362 1452 1400 78.

1098 1475 1190 1526 Cap.
1212 1475 1296 1511 XL.

912 1551 1024 1594 Ἐπεὶ
1042 1555 1181 1594 τοίνυν
1194 1546 1472 1605 περιεχόμενόν
1487 1562 1529 1589 σε

866 1610 1061 1664 ὁρέομεν]
1114 1610 1226 1657 Quod
1264 1616 1350 1661 post
1388 1608 1528 1647 τοίνυν

864 1671 1036 1721 plerique
1049 1667 1161 1706 codd.
1176 1670 1348 1705 inserunt
1368 1666 1530 1701 alterum

865 1741 938 1775 τοι,
961 1725 1143 1778 equidem
1164 1738 1256 1762 cum
1276 1721 1472 1761 Schaefer.
1492 1728 1527 1757 et

864 1782 1000 1820 Matth.
1034 1782 1225 1820 Sancrofti
1255 1779 1341 1818 cod.
1363 1779 1529 1816 auctori—

865 1847 943 1877 tate
975 1839 1121 1888 delevi3
1152 1845 1409 1891 2quamquam
1438 1836 1529 1872 reti-

865 1898 992 1934 nuisse
1012 1896 1125 1934 video
1157 1892 1470 1944 Schweighaeus.
1492 1899 1530 1928 et

867 1954 984 1991 Gaisf.
1062 1952 1124 1989 Ad
1163 1953 1326 1990 verbum
1355 1947 1531 2001 περιέχε-

866 2015 965 2050 σθαι
987 2011 1089 2048 conf.
1109 2010 1177 2058 111,
1201 2009 1253 2051 53
1283 2008 1413 2059 ibique
1434 2012 1531 2042 nott.

865 2069 1054 2105 Voculam
1075 2065 1118 2107 δὲ
1134 2096 1144 2114 ,
1185 2079 1284 2118 quae
1304 2071 1390 2116 post
1412 2059 1459 2102 σύ
1490 2064 1531 2098 in

867 2124 1026 2176 apodosi
1056 2125 1217 2175 legitur,
1248 2135 1339 2160 cum
1360 2122 1407 2157 G.
1431 2122 1532 2156 Her-

866 2195 1011 2219 manno
1051 2181 1099 2218 ad
1142 2178 1325 2231 Sophocl.
1365 2175 1531 2214 Philoct.

869 2242 922 2280 86
943 2252 1032 2290 pag.
1054 2241 1119 2285 23,
1150 2239 1202 2274 ita
1224 2236 1415 2287 explicare
1437 2235 1531 2270 lice-

867 2296 944 2344 bit,
966 2303 1008 2332 ut
1035 2296 1142 2331 illam
1160 2294 1369 2331 referamus
1392 2290 1440 2328 ad
1462 2291 1532 2326 ali-

870 2365 988 2404 quam
1008 2359 1155 2403 partem
1176 2351 1387 2388 sententiae
1402 2378 1410 2394 ‚
1434 2360 1532 2400 quae

870 2411 991 2461 qualis
1013 2411 1071 2456 sit,
1103 2408 1264 2445 dubium
1286 2419 1365 2443 esse
1384 2406 1532 2456 nequit,

872 2479 994 2518 quum
1022 2467 1194 2516 opposita
1225 2478 1303 2501 esse
1324 2462 1460 2500 debeat
1486 2462 1532 2508 ei,

871 2524 911 2559 in
934 2536 1010 2575 qua
1031 2530 1086 2560 est
1107 2521 1159 2561 δέ.
1219 2524 1352 2573 Itaque
1372 2517 1412 2555 h.
1434 2520 1459 2555 l.
1479 2519 1532 2559 sic

873 2581 1053 2631 exponit:
1102 2580 1265 2629 quoniam
1297 2582 1328 2615 te
1353 2576 1398 2613 ab
1426 2587 1534 2612 uxore

873 2641 936 2674 tua
961 2638 1070 2674 teneri
1082 2636 1252 2683 videmm,
1273 2638 1312 2671 tu
1328 2646 1406 2670 vero
1421 2631 1533 2680 (alius

874 2701 1002 2730 autem
1021 2693 1178 2730 sortasse
1200 2690 1303 2729 aliud
1322 2689 1452 2736 faciat)
1474 2688 1535 2722 Ιιοτ

868 2751 949 2801 fac.
1008 2749 1110 2786 Add.
1138 2751 1203 2796 ΙΙΙ,
1236 2752 1288 2789 37
1328 2753 1364 2782 et
1404 2743 1535 2780 confer

874 2809 923 2844 sis
944 2819 1043 2859 quae
1062 2819 1142 2843 non
1167 2817 1318 2856 prorsus
1340 2799 1534 2838 dissimilia

1526 912 1533 922 ι

1525 931 1655 958 alteram
1669 927 1801 955 inducat.

1475 770 1494 805 5
1525 758 1612 787 minis
1638 757 1768 793 cogitur,

1527 798 1559 820 ut
1578 793 1710 828 priorem
1737 800 1801 819 ser-

1526 836 1601 854 vans
1627 835 1763 860 uxorem,

1526 865 1633 888 contra
1655 868 1768 887 morem

1527 896 1751 930 §partanoruin
