1897 3340
411 261 494 301 17⁰

806 262 1266 299 HERODOTI

410 371 568 423 .,βαλε,
599 366 731 420 δόξαν
761 370 806 412 δὲ
837 369 982 424 φύσας
1012 368 1257 422 αὐξάνει-αι’
1303 370 1410 414 ὥστε
1431 373 1667 431 ἐκμεμαθή-

410 448 538 487 ,,κασι
561 435 746 490 μάλιστα
775 438 854 492 μὲν
881 440 925 481 οῖ
953 441 1168 490 περίοικοι
1197 437 1345 482 αὐτῶν
1376 442 1565 484 Βοιωτοὶ
1592 443 1666 485 καὶ

396 504 678 555 ,,Χαλκιδεές,
728 504 835 560 τάχα
882 506 928 548 δέ
976 523 1041 557 τις
1092 508 1166 549 καὶ
1204 506 1332 558 ἄλλος
1379 508 1666 564 ἐκμαθήσεται

380 569 659 626 4,,ἁμαρτών.
720 571 812 615 ἐπεί
845 588 889 615 τε
925 573 971 616 oze.
1012 572 1152 617 ἐκεῖνα
1189 574 1447 632 ποιήσαντες
1483 575 1721 633 ἡμάρτο-55

349 782 378 825 Ι,
410 782 506 821 207.
538 801 592 807 —
637 776 799 830 βασιλέα
829 777 917 816 dedi
937 792 1005 830 pro

350 837 535 887 βασιλῆα.

405 922 527 971 δόξαν
549 922 592 963 δὲ
617 920 750 972 φύσας
771 919 1003 975 αὐξάνεται]

348 981 421 1026 Qui
441 981 534 1017 olim
554 979 592 1018 h.
613 982 638 1018 l.
659 982 794 1017 Latine
826 979 1004 1018 reddide-

348 1043 436 1073 runt
458 1038 565 1074 Valla
596 1037 838 1087 (inflatusque
860 1039 1004 1088 superbe

338 1093 479 1143 famam
496 1094 646 1142 auget),
679 1092 895 1144 Stephanus
924 1094 1002 1144 (at-

346 1163 410 1199 que
443 1150 531 1187 adeo
565 1151 704 1200 superbe
722 1151 873 1200 inflatus
901 1163 1002 1187 suam

340 1208 531 1255 potentiam
562 1207 718 1256 auget),
758 1207 894 1243 Portus
924 1206 1002 1256 (su-

342 1263 498 1312 perbiam
519 1264 658 1312 spirans
679 1265 802 1300 crescit
816 1263 831 1312 )
847 1291 857 1309 ,
895 1264 921 1299 ii
941 1264 1000 1300 vi·-

345 1317 483 1355 dentur
529 1315 662 1368 φύσας
707 1320 893 1369 accepisse
931 1333 999 1370 pro

343 1371 529 1426 φυσήσας
541 1405 551 1423 ‚
571 1388 640 1426 per
658 1389 853 1426 syncopen
874 1383 1000 1413 ortum

328 1432 419 1468 sive
439 1445 508 1482 per
525 1431 886 1469 librariisocordiam
905 1434 1001 1469 scri-

339 1510 465 1548 bentis
486 1512 628 1557 φυσας,
642 1509 746 1547 uude
765 1518 905 1561 postea,
928 1510 998 1548 de-

341 1568 416 1604 leta
434 1567 534 1602 linea
554 1579 716 1617 superne
739 1565 853 1603 ducta
880 1569 998 1603 exsti—

341 1625 428 1661 terit
449 1619 593 1670 φύσας.
652 1623 859 1674 Syncopen
880 1624 998 1659 meri-

342 1687 381 1716 to
403 1679 576 1717 dubitans
596 1678 844 1716 Valckenaer.
866 1681 999 1716 conie-

341 1737 393 1773 cit
413 1738 554 1784 φυσῶν
574 1736 633 1772 vel
655 1734 815 1785 φυσὲων
835 1734 907 1772 hoc
919 1737 998 1772 fere

341 1805 474 1829 sensu:
502 1795 649 1838 „crescit
670 1792 832 1841 (virtutis
846 1795 997 1843 expers)

341 1850 454 1885 verbis
491 1851 632 1885 iactans
662 1849 833 1897 glorz'am3
867 1856 908 1885 ut
937 1847 998 1885 hic

341 1902 436 1952 δόξα
447 1918 539 1941 vana
561 1904 706 1942 dicatur
723 1906 854 1953 gloria,
875 1918 999 1956 oppo-

340 1963 408 1998 sita
430 1963 479 2015 τῇ
497 1956 652 2015 εὐκλείᾳ
662 1969 698 1998 et
711 1957 846 2015 α’ρετῇ,
862 1962 900 1997 ἱιι
914 1963 998 2012 opi-

341 2019 454 2054 nione
476 2024 625 2054 tantum
656 2019 906 2069 superborum
927 2020 996 2055 sita

342 2080 379 2111 et
399 2073 493 2110 nihil
513 2075 638 2110 minus
652 2087 769 2125 quam
788 2087 890 2111 vera.
913 2075 996 2120 Quo

340 2129 478 2167 eodem
498 2130 576 2166 fere
589 2130 704 2167 modo
713 2131 782 2167 sibi
792 2143 996 2181 opponun—

342 2193 402 2222 tur
432 2188 565 2225 δοκεῖν
592 2187 706 2224 videri
735 2194 771 2223 et
804 2183 903 2226 εἶναι
927 2200 998 2224 esse

341 2243 509 2294 itemque
537 2240 580 2282 τὸ
608 2244 739 2282 δοκεῖν
768 2250 804 2279 et
831 2240 873 2282 τὸ
893 2239 938 2282 ὂν
959 2250 996 2280 et

341 2298 442 2350 apud
464 2296 707 2350 philosophos
721 2295 817 2346 δόξα
835 2307 871 2335 et
892 2295 995 2349 ἁλή-

340 2359 456 2403 θεια,
498 2362 540 2391 ut
576 2355 677 2406 apud
707 2355 878 2406 Euripid.
909 2356 994 2391 An-

340 2410 538 2449 dromach.
582 2414 675 2452 319.
744 2413 842 2448 Hinc
880 2412 994 2461 igitur

340 2466 379 2505 h.
409 2469 434 2504 Ι.
467 2463 587 2515 δόξαν
616 2465 754 2516 φύσαν
783 2469 869 2514 erit,
903 2468 993 2504 Val-

340 2524 518 2562 ckenaer.
539 2525 753 2574 interprete,
766 2526 902 2561 inanem
912 2525 991 2573 glo-

340 2583 430 2618 riam
471 2582 606 2630 spirare
631 2581 690 2616 vel
711 2583 845 2617 iactare
879 2587 992 2632 atque

341 2638 507 2688 inflatum
520 2649 613 2673 vana
631 2639 786 2686 opinione
805 2638 992 2685 superbire,

342 2700 382 2730 nt
410 2695 447 2730 in
476 2693 623 2729 Platon.
657 2694 778 2729 Alcib.
799 2695 831 2728 ll
853 2707 888 2743 p.
918 2693 993 2734 145

340 2751 384 2786 Ε.
415 2748 557 2786 Athen.
588 2750 669 2794 XV,
705 2752 757 2790 28
789 2763 825 2799 p.
849 2751 922 2789 681
950 2751 992 2785 (ἶ.

338 2805 432 2842 Mihi
448 2806 549 2842 nulla
580 2804 728 2842 videtur
747 2819 840 2856 opus
861 2818 994 2841 emen-

339 2862 504 2900 datione.
563 2861 765 2899 Descendit
788 2862 889 2898 enim
913 2858 991 2911 φύ-

1063 791 1133 826 σας
1153 793 1174 817 a
1195 793 1288 817 voce
1309 777 1442 829 φύειν,
1473 783 1534 819 cni
1563 795 1721 820 accusa-

1062 837 1157 873 tivus
1180 835 1254 874 h.l.
1275 837 1424 875 additur
1445 838 1582 876 eodem
1601 838 1719 876 modo

1062 906 1138 945 quo
1150 892 1250 944 apud
1261 893 1444 945 Sophocl.
1455 896 1596 932 Eiectr.
1613 895 1719 936 1490

1061 948 1190 997 (1463
1220 950 1304 999 ΒΓ.)
1345 950 1482 1001 Οεάἰρ.’
1516 952 1598 988 Col.
1637 952 1718 992 838

1061 1005 1169 1053 (804
1190 1007 1254 1042 ΒΓ.
1279 1004 1359 1047 746
1380 1005 1494 1043 Both.
1508 1007 1525 1055 )
1540 1038 1550 1053 ,
1583 1007 1716 1056 Antig.

1059 1063 1138 1102 639
1171 1061 1285 1098 Both.
1322 1063 1462 1100 Eiectr.
1495 1065 1573 1104 139
1602 1060 1718 1100 Both.

1058 1119 1273 1155 invenimus
1287 1115 1408 1168 φύειν
1419 1118 1567 1169 φρένας
1580 1133 1592 1166 ‚-
1613 1117 1718 1171 quod

1058 1181 1186 1211 tamen
1208 1187 1341 1212 vereor
1351 1183 1392 1212 ut
1402 1176 1632 1225 Wesseling.
1654 1188 1718 1211 re-

1059 1238 1117 1268 cte
1152 1232 1418 1282 interpretetur
1462 1234 1610 1283 spiritus
1648 1232 1718 1269 sibi

1057 1299 1206 1335 sumere,
1235 1300 1376 1336 augere,
1397 1301 1486 1325 cum
1514 1286 1607 1324 illud
1627 1300 1716 1324 mo-

1056 1350 1171 1379 nente
1187 1342 1550 1394 Schweighaeusero
1570 1343 1619 1380 ad
1638 1343 1676 1380 h.
1687 1345 1716 1381 l.

1057 1407 1094 1436 et
1122 1399 1342 1437 Dtiderleiu.
1363 1400 1411 1437 ad
1433 1399 1617 1450 Sophocl.
1638 1400 1713 1437 loc.

1057 1457 1094 1493 in
1127 1455 1220 1495 Oed.
1261 1457 1343 1494 Col.
1380 1456 1464 1505 (ubi
1491 1455 1651 1494 Brunck
1677 1462 1716 1493 et

1054 1511 1223 1552 Lobeck.
1275 1513 1324 1549 ad
1371 1512 1555 1564 Sophocl.
1603 1513 1712 1550 Aiac.

1057 1571 1165 1609 1066
1196 1569 1358 1606 conferri
1384 1571 1522 1618 iubet)
1565 1569 1709 1606 valeat:

1052 1628 1196 1662 mentem
1215 1624 1262 1672 (s,
1271 1624 1530 1677 prudentiam)
1541 1627 1711 1673 nancisci,

1055 1694 1194 1729 sapere,
1236 1682 1287 1718 ita
1319 1689 1361 1718 ut
1387 1681 1604 1718 Herodoteo
1624 1682 1710 1718 loco

1055 1733 1177 1784 δόξαν
1199 1734 1332 1786 φύσας
1353 1733 1562 1786 αὐξάνεται
1590 1737 1710 1787 sigui—

1054 1792 1159 1830 ficet:
1205 1793 1347 1843 famam
1382 1799 1507 1832 nactus
1537 1796 1710 1843 augescit,

1054 1850 1131 1886 sive
1145 1850 1310 1900 plenius:
1325 1851 1560 1901 quaefamam
1573 1851 1612 1899 (e
1621 1851 1710 1900 pul-

1053 1907 1101 1942 sis
1121 1906 1309 1957 tyrannis)
1327 1908 1396 1944 sibi
1414 1906 1710 1956 concilianmpud

1054 1966 1180 1999 ceteros
1224 1963 1379 2000 Graecos
1419 1962 1499 2000 inde
1534 1965 1709 2013 augescit,

1052 2021 1263 2056 incrementa
1303 2021 1399 2070 capit
1449 2032 1592 2070 opesque
1623 2032 1710 2056 suas

1053 2079 1160 2125 atque
1194 2078 1384 2125 potentiam
1434 2080 1555 2125 auget.
1630 2077 1710 2113 Nec

1053 2144 1289 2183 quemquam
1326 2133 1456 2169 latebit
1485 2133 1711 2183 ambiguitas

1053 2187 1242 2239 quaedam
1262 2189 1302 2224 in
1322 2201 1415 2226 voce
1440 2184 1556 2236 δόξα,
1593 2201 1710 2240 quam

1052 2257 1172 2295 aeque
1192 2245 1428 2295 interpretari
1439 2246 1525 2282 licet
1539 2244 1587 2282 de
1606 2247 1712 2283 inani

1044 2300 1154 2350 fama
1173 2314 1202 2337 s.
1215 2300 1379 2348 gloriola,
1402 2314 1517 2353 quam
1537 2302 1577 2337 in
1594 2314 1707 2338 suum

1050 2369 1161 2392 usum
1187 2355 1436 2394 Athenienses
1466 2364 1706 2405 convertunt,

1050 2411 1098 2448 ad
1119 2425 1207 2462 opes
1226 2425 1311 2449 suas
1331 2412 1535 2463 augendas.

1106 2468 1147 2507 οἱ
1168 2469 1364 2518 περίοικοι
1380 2464 1515 2507 αὐτῶν
1536 2468 1705 2508 Βοιωτοὶ.
1737 2464 1749 2471 X

1049 2540 1084 2562 κ.
1107 2539 1139 2562 τ.
1161 2525 1219 2572 λ.]
1261 2520 1394 2563 αὐτῶν
1427 2524 1514 2562 dedi
1539 2537 1607 2575 pro
1631 2521 1705 2563 av'-

1048 2578 1161 2620 τέων.
1219 2582 1276 2616 De
1306 2582 1379 2618 loci
1407 2588 1633 2632 argtunento
1654 2582 1705 2619 cf.

1049 2638 1093 2679 V,
1116 2634 1181 2676 7'7.
1218 2638 1347 2674 Verbis
1367 2638 1701 2689 subsequentibus:

1051 2688 1148 2742 τάχα
1169 2691 1210 2731 ὁὲ
1230 2709 1287 2740 τις
1298 2693 1366 2732 καὶ
1388 2691 1504 2740 ἄλλος
1522 2689 1703 2744 ἐκμαθή-

1051 2761 1155 2787 σεται
1186 2746 1373 2799 ἇμαρτοὶν
1406 2748 1455 2801 (i.
1487 2764 1520 2786 e.
1543 2750 1700 2800 sortasse

1050 2807 1153 2843 etiam
1175 2806 1269 2843 alius
1290 2810 1366 2856 qais
1386 2819 1421 2843 se
1441 2819 1572 2844 errasse
1597 2806 1699 2844 intel-

1052 2862 1164 2911 liget)
1195 2863 1362 2900 Lacones
1391 2876 1430 2900 oe
1467 2864 1565 2914 ipsos
1596 2862 1698 2899 indi·
