1897 3340
0 0 9 224 -1...-.....-s--‚1

0 1930 23 1974 π’,
0 1860 16 1871 ’“
8 1843 11 1853 “

0 2508 24 2650 uri-‘⁷
0 2376 24 2501 *zv—12,
10 2363 13 2369 -
0 2313 19 2357 ,ης

0 2793 32 3079 π-ΣῗῖἭ

7 3270 11 3278 ,
0 3128 33 3246 εἴ

408 241 492 281 508
807 239 1272 278 HERODOTI

407 364 485 391 ποι
513 346 582 391 ἐπὶ
610 348 750 391 τοῦδε.
809 349 897 392 ἔστι
926 351 1076 393 πεδίον
1113 349 1222 404 μέγα
1265 350 1340 402 τῆς
1378 350 1580 404 Μηδικῆς
1617 352 1678 405 τῷ

409 413 581 470 οὔνομά
611 415 699 458 ἐστι
730 418 945 460 Νίσαιον·
978 418 1083 468 τούς
1113 412 1176 460 ὧν
1205 416 1256 471 δή
1291 418 1452 466 ἵππους
1473 416 1576 466 τοὺς
1605 431 1673 470 με-

382 482 572 539 5γάλους
603 482 726 537 φέρει
753 482 801 528 τὸ
829 487 981 528 πεδίον
1020 489 1162 528 τοῦτο.
1221 484 1375 528 ὄπισθε
1416 484 1462 527 δὲ
1501 481 1672 526 τούτων

408 553 497 594 τῶν
535 549 638 594 δέκα
675 552 845 604 ἳππων,
885 551 999 608 ἅρμα
1027 552 1140 604 Διός
1179 554 1279 607 ἱρὸν
1308 552 1581 602 ἐπετέτακτο,
1621 549 1668 593 τὸ

353 759 592 810 potissimum
607 758 810 795 utebantur
831 772 874 796 ac
903 759 1013 796 nobi-

353 816 464 851 liores
495 816 645 851 Persae.
703 816 801 859 Quin
825 815 1014 868 hodieque

353 871 419 907 tali
439 884 538 926 equo
559 871 779 908 solemniter
811 872 900 909 vehi
919 874 1013 910 solet

352 928 555 964 Persarum
566 940 634 963 rex
649 941 677 964 s.
695 927 847 975 Scluat-la,
860 936 899 966 ut
912 942 1013 965 nunc

352 991 522 1030 vocatur,
542 990 636 1021 teste
656 986 827 1032 Portero,
851 987 913 1037 qui
934 989 1013 1036 ipse

355 1040 394 1076 in
405 1041 559 1091 planitie
571 1041 708 1077 Casbin
721 1042 872 1078 illorum
891 1055 1012 1092 equo—

352 1109 438 1133 rum
466 1098 740 1135 formositatem
774 1106 810 1134 et
840 1099 1013 1135 celerita-

352 1161 430 1189 tem
446 1153 662 1203 admiratus,
676 1155 769 1190 ineo
785 1163 913 1191 tamen
933 1155 1013 1191 salli

351 1209 512 1257 videtur,
528 1210 632 1262 quod
647 1213 903 1248 cumRenuel.
924 1224 1012 1262 pag.

353 1266 430 1306 501
454 1268 607 1304 Nisaeos
627 1280 793 1319 campos,
814 1269 855 1304 in
876 1269 1012 1320 quibus

342 1323 412 1359 ‘isti
451 1324 540 1375 equi
577 1325 848 1374 pascebantur,
893 1337 1013 1375 prope

351 1378 640 1417 Kermanscliah
668 1381 783 1419 fuisse
812 1382 1013 1429 existimat,

352 1449 443 1472 cum
480 1435 575 1474 haec
605 1450 744 1488 pascua
773 1440 813 1474 in
843 1439 1012 1488 planitie,

353 1505 451 1544 quae
480 1494 580 1530 intra
609 1495 745 1531 Casbiu
772 1502 809 1532 et
831 1493 1011 1531 Teheran

293 1553 296 1557 '
350 1550 577 1599 porrigitur,
607 1564 727 1601 prope
756 1558 926 1589 veterem
946 1564 1013 1587 ur-

350 1605 440 1641 bem
468 1606 585 1655 Raga
611 1609 652 1643 in
676 1607 805 1645 IlIedz’a
830 1620 963 1656 magna
981 1621 1011 1645 s·

350 1661 592 1699 meridionali
627 1665 705 1701 sive
753 1665 793 1700 iu
841 1665 1010 1714 regione,

352 1731 451 1770 quae
471 1732 573 1755 nunc
603 1720 812 1771 appellatur
831 1719 1011 1758 Iralc-Acl-

353 1775 505 1823 scltemzz‘,
528 1776 640 1813 fuisse
665 1778 787 1813 multo
808 1778 854 1813 sit
873 1778 1011 1827 proba-

351 1832 477 1868 bilius.
534 1833 638 1870 Haec
669 1834 771 1869 enim
791 1835 896 1883 regio
916 1834 1013 1883 opti-

352 1889 424 1925 mis
450 1888 618 1926 abundat
633 1891 779 1940 pascuis
800 1888 1014 1927 herbafflle-

352 1943 438 1981 dica
450 1973 460 1992 ,
497 1958 614 1996 quam
632 1944 811 1983 Nostrt‘im
830 1946 915 1984 Klee
936 1960 1014 1983 esse

352 2002 469 2052 vulgo
489 2002 713 2051 perhibent,
741 2004 891 2054 repletis
913 2005 1013 2055 opti-

350 2071 539 2109 mumque
569 2059 658 2096 inde
688 2061 873 2110 pabulum
900 2073 1013 2110 prae-

350 2115 541 2152 bentibus.
593 2116 680 2153 Vid.
702 2118 866 2154 Heeren.
882 2116 1012 2153 Ideen.

350 2172 382 2206 Ι.
407 2174 425 2210 1
454 2184 541 2221 pag.
564 2172 658 2213 304.
679 2173 773 2213 305.
833 2174 1014 2210 Veterum

352 2227 568 2264 testimonia
588 2228 636 2265 de
657 2230 761 2280 equis
790 2230 931 2265 Nisaeis
949 2228 1014 2265 ‹la-

353 2283 450 2319 bunt
480 2285 690 2321 Brissonius
718 2286 776 2321 De
806 2298 886 2331 reg.
907 2286 1011 2322 Pers.

352 2339 512 2389 princip.
547 2341 576 2387 l,
609 2343 701 2380 122.
729 2342 793 2387 ΙΙΙ,
826 2343 878 2380 29
907 2339 1011 2391 (quo

352 2397 432 2431 iam
461 2409 558 2436 ,usus
601 2409 687 2432 sum
729 2395 777 2432 ad
817 2395 1011 2436 Plutarch.

353 2450 492 2502 Pyrrh,
517 2455 563 2492 11
588 2465 676 2502 pag,
702 2454 816 2500 169),
838 2459 872 2488 et
890 2454 1013 2489 Intor-

352 2514 465 2558 prett.
504 2507 552 2544 ad
598 2510 794 2547 Ammian.
845 2510 1012 2547 Marcell.

352 2566 496 2611 XXIII,
531 2566 556 2604 6
590 2566 630 2610 ξ.
660 2567 713 2605 30
743 2565 829 2602 coll.
860 2567 1011 2605 Arrian.

355 2622 478 2658 Anab-
500 2622 579 2667 vll,
606 2624 654 2661 13
676 2622 758 2658 init.

410 2673 519 2728 ἅρμα
539 2675 636 2723 Διός
658 2674 741 2727 ἱρὸν
763 2675 1009 2727 ἐπετέτακτο]

353 2735 378 2771 i.
393 2746 523 2784 e.pone
544 2735 680 2785 (elsuos
691 2733 825 2770 decem
840 2735 1010 2786 Nisaeos)

354 2791 558 2840 sequebatur
584 2804 615 2828 s.
645 2790 832 2827 collocutus
852 2795 926 2827 erat
950 2791 1011 2828 Ιυ-

356 2849 409 2885 υἱε
429 2859 568 2885 curnis-
620 2845 769 2885 Eodem
790 2846 905 2885 modo
922 2846 1012 2888 ἐπε-

1069 757 1225 800 τέτακτο
1245 762 1326 808 VII,
1349 759 1398 800 41
1426 760 1512 800 coll,
1532 760 1560 805 l,
1583 760 1649 806 80,
1659 757 1725 795 ubi

1070 813 1217 855 ὄπισθε
1239 820 1311 856 τοῦ
1334 818 1453 862 πεζοῦ
1477 815 1634 862 ἐπέταξε
1651 811 1726 866 τήν

1069 875 1203 911 πᾶσαν
1223 873 1347 912 ἵππον
1364 874 1388 909 i.
1401 886 1432 910 e.
1457 886 1558 922 pone,
1570 875 1648 922 post
1663 885 1727 922 pe-

1071 929 1160 966 dites
1191 930 1363 979 disposuit
1393 932 1598 978 equitatum.
1670 928 1727 963 De

1068 986 1150 1035 ipso
1180 987 1278 1022 Iovis
1314 998 1426 1022 curru
1453 984 1554 1035 apud
1582 985 1727 1030 Persas,

1070 1043 1175 1092 equis
1193 1042 1284 1078 albis
1303 1042 1444 1085 iuncto,
1454 1041 1622 1090 primarii
1642 1046 1730 1077 sunt

1068 1098 1143 1134 loci
1163 1097 1430 1148 Xenophontis
1455 1099 1492 1132 in
1517 1095 1729 1147 Cyropaed.

1070 1155 1173 1198 VIII,
1195 1157 1219 1194 3
1243 1155 1279 1199 ξ.
1308 1157 1355 1194 13
1379 1161 1415 1190 et
1437 1154 1554 1189 Curtii
1575 1154 1640 1199 111,
1657 1153 1729 1197 3§.

1070 1213 1108 1258 6,
1136 1211 1203 1247 ubi
1233 1211 1378 1248 consul.
1406 1208 1640 1246 Freinshem.
1680 1210 1731 1245 Et

1070 1268 1171 1304 conf.
1193 1280 1345 1319 quoque
1360 1265 1503 1303 Herod.
1523 1266 1622 1313 VIII,
1636 1265 1730 1306 115.

1070 1324 1184 1360 Cuius
1195 1337 1324 1361 currus
1342 1323 1595 1374 symbolicam
1606 1334 1730 1374 quan-

1070 1379 1159 1416 dam
1180 1394 1259 1418 esse
1277 1380 1595 1431 significationem
1613 1390 1730 1415 nemo

1068 1438 1243 1487 negabit,
1274 1439 1339 1488 qui
1359 1435 1463 1474 haud
1492 1436 1621 1487 paucis
1661 1434 1730 1472 diis

1070 1507 1138 1543 per
1168 1495 1434 1545 antiquitatem
1464 1505 1595 1530 currus
1614 1492 1730 1528 tribui

1071 1552 1323 1601 reputaverit,
1371 1550 1537 1586 universi
1571 1562 1602 1586 s.
1631 1548 1731 1585 orbis

1068 1613 1256 1643 terrarum
1283 1608 1391 1659 quasi
1419 1607 1630 1656 imaginem
1664 1617 1732 1640 ae-

1070 1664 1213 1714 quabili
1237 1676 1280 1699 ac
1310 1669 1493 1713 perpetuo
1527 1661 1659 1698 ordine
1681 1673 1730 1697 ex

1068 1726 1221 1756 aeterna
1249 1721 1334 1769 lege
1353 1732 1392 1755 se
1420 1719 1620 1755 moventis.
1651 1718 1730 1753 Ita-

1070 1789 1145 1826 que
1165 1789 1243 1812 non
1272 1776 1372 1812 male
1391 1782 1554 1812 statuere
1579 1773 1730 1811 videtur

1069 1831 1238 1868 Kleuker
1260 1831 1464 1882 (Append.
1496 1830 1544 1867 ad
1574 1829 1730 1866 Zenda-

1069 1895 1161 1926 vest.
1183 1891 1236 1925 III
1256 1903 1292 1938 p.
1311 1890 1378 1929 23.
1399 1888 1484 1937 32),
1519 1888 1615 1924 bene
1644 1899 1730 1922 lne—

1069 1958 1154 1982 mor
1173 1947 1266 1982 sacri
1277 1945 1531 1981 Israelitarum
1550 1944 1730 1980 taberna—

1070 2004 1157 2050 culi,
1168 2001 1285 2038 hocce
1296 2014 1421 2047 curru,
1433 2002 1538 2037 cuius
1550 2001 1590 2036 iu
1602 2001 1729 2036 omni—

1069 2059 1139 2095 bus
1184 2060 1387 2094 Persarum
1427 2055 1729 2107 expeditionibus

1070 2116 1180 2165 regiis
1203 2116 1243 2151 fit
1263 2116 1427 2160 mentio,
1456 2112 1614 2149 iudicari
1634 2112 1730 2149 Iovis

1070 2172 1334 2221 praesentiam,
1365 2171 1506 2206 summi
1524 2169 1604 2205 scil.
1631 2169 1729 2218 regis

1070 2234 1257 2263 terrarum
1295 2233 1410 2277 atque
1450 2227 1564 2276 ipsius
1619 2226 1728 2271 coeli,

1070 2284 1238 2334 itemque
1269 2283 1346 2318 eius
1379 2283 1568 2318 actionem
1592 2295 1635 2318 ac
1656 2294 1730 2332 po-

1067 2341 1246 2385 tentiam,
1287 2338 1360 2390 quii
1390 2339 1519 2375 omnia
1550 2339 1590 2374 in
1623 2339 1729 2374 terris

1068 2409 1189 2447 aeque
1229 2402 1342 2445 atque
1377 2396 1416 2430 in
1458 2395 1564 2431 coelo
1610 2401 1730 2444 regat.

1068 2453 1174 2489 Coeli
1195 2459 1321 2488 autem
1348 2452 1481 2488 orbem
1506 2452 1638 2488 Persas
1667 2449 1730 2487 Io-

1067 2522 1139 2546 vem
1161 2521 1332 2555 vocasse,
1373 2515 1530 2544 testatur
1549 2509 1628 2558 ipse
1648 2509 1728 2543 He-

1069 2565 1223 2602 rodotus
1244 2566 1273 2611 I,
1304 2567 1392 2604 131.
1452 2563 1564 2609 Quod
1584 2577 1633 2600 ne
1652 2564 1728 2599 mi-

1068 2624 1170 2667 reris,
1190 2620 1399 2658 tenendum
1421 2622 1584 2657 Graecos
1606 2621 1728 2657 Grae-

1068 2680 1120 2715 cis
1145 2679 1363 2715 nominibus
1383 2677 1596 2727 significare
1617 2689 1728 2727 pere-

1071 2736 1179 2783 grina
1200 2735 1381 2782 numina,
1401 2735 1441 2769 in
1462 2734 1597 2784 quibus
1621 2733 1728 2769 simi-

1068 2793 1144 2828 lem
1172 2790 1368 2843 quandam
1395 2791 1474 2828 vim
1493 2790 1562 2826 sibi
1582 2801 1729 2839 cogno-

1067 2850 1163 2887 visse
1183 2847 1421 2894 videbantur,
1461 2853 1503 2884 ut
1530 2846 1664 2883 monui
1680 2843 1729 2882 ad
