1897 3340
8 736 106 783 118
173 729 244 772 ἐπὶ
273 727 351 784 τὴν
383 727 562 782 Καρίην.

424 275 1082 319 TERPSICIIORE.
1141 275 1187 311 V.

1359 274 1441 314 221

177 390 423 447 Λάμψακον
452 389 521 432 καὶ
558 384 752 429 Παισόν·
780 383 939 434 ταύτας
960 383 1038 438 μὲν
1068 381 1137 426 ἐπ’
1158 381 1317 439 ἡμέρης
1347 381 1442 424 ἑκά-

148 466 282 515 Ξστης
312 460 437 511 αἵρεε.
480 454 565 498 duo*
599 454 645 497 δὲ
685 456 860 495 Παισοῦ
899 451 1129 494 ἐλαύνοντί
1169 453 1213 494 οἱ
1253 450 1320 493 ἐπὶ
1352 448 1442 493 Πά-

173 543 273 581 ριον
300 524 446 576 πόλιν,
478 517 585 578 ἦλθε
607 520 800 576 ἀγγελίη,
845 519 949 570 τούς
979 522 1129 573 Κᾶρας
1158 518 1301 562 τώυτό
1320 517 1442 560 Ἴωσι

147 592 513 649 ὃφρονήσαντας,
554 587 790 632 ἀπεστάναι
830 586 915 630 ἀπὸ
956 589 1174 641 Περσέων.

1234 586 1443 641 ἄποστρέ-
1455 592 1499 627 85

175 668 261 712 ψας
288 654 352 702 ὦν
380 659 426 702 ἐκ
456 661 537 702 τοῦ
560 654 904 713 Ἑλλησπόντου,
955 654 1117 711 ἤλαυνε
1146 654 1224 699 τόν
1254 654 1443 708 στρατὸν

621 726 709 767 Καί
737 740 823 776 κως
853 727 990 766 ταῦτα
1014 728 1130 766 τοῖσι
1151 724 1294 777 Καρσὶ
1324 724 1442 779 {gay-

169 795 306 851 γέλθη
346 793 565 849 πρότερον
603 794 708 847 πρὶν
747 791 775 849 ἢ
811 792 890 836 τὸν
920 793 1152 848 Δαυρίσην
1193 790 1438 837 ἀπικέσθαι.

111 972 271 1008 milliare
296 984 418 1008 uuum
448 977 636 1008 remotam
655 971 775 1007 meri-

111 1028 213 1065 diem
243 1023 368 1066 versus
403 1027 452 1065 ad
472 1029 540 1064 rivi
561 1028 772 1076 cuiusdam,

113 1098 230 1137 quem
269 1086 427 1122 Homeri
464 1083 658 1121 Rhodium
695 1099 773 1122 esse

111 1143 268 1190 volunt,
319 1143 425 1181 ostia.
493 1144 604 1178 Nunc
643 1143 772 1178 vicum

112 1197 269 1248 Nagara
307 1200 347 1235 in
394 1200 628 1250 prominenti
664 1201 772 1250 apice

109 1263 344 1292 exstructum
365 1255 496 1292 dicunt
516 1257 651 1307 eoipso
672 1257 770 1304 loco,

109 1325 185 1364 quo
206 1320 312 1350 vetus
333 1311 492 1364 Abydus
513 1313 584 1349 suit
603 1314 684 1349 sita.
714 1315 771 1350 Ita

106 1377 205 1406 certe
239 1371 358 1406 Kruse
388 1371 413 1406 1.
446 1370 470 1405 l.
498 1382 586 1420 pag.
611 1373 679 1410 72.
701 1373 769 1411 73,

105 1427 221 1462 Plura
242 1425 471 1465 Tzschucke
494 1428 532 1462 in
555 1433 650 1463 nott.
674 1440 767 1462 exe-

104 1490 197 1533 gett.
227 1483 276 1519 ad
305 1485 393 1520 Mel.
424 1485 454 1530 I,
489 1486 538 1523 19
571 1484 607 1528 ξ.
633 1485 650 1522 1
676 1497 763 1534 pag.

104 1540 184 1581 548
206 1541 289 1577 Vol.
312 1542 364 1576 111
384 1541 470 1576 P.I.
500 1541 764 1587 Mannert.V1,

104 1598 129 1636 3
158 1610 196 1646 p.
229 1597 322 1637 512.
383 1598 487 1633 Intra
515 1596 699 1647 Abydum
721 1610 764 1633 ac

102 1654 358 1704 Lampsacum
367 1654 483 1703 vulgo
493 1655 647 1704 ponitur
656 1653 767 1705 ’Περ-

103 1705 234 1759 κώπης
265 1717 302 1747 et
341 1710 529 1761 oppidum
558 1717 593 1746 et
614 1710 765 1758 fluvius,

104 1768 171 1818 qui
189 1767 236 1803 ab
259 1768 338 1804 aliis
355 1774 512 1805 vocatur
522 1763 763 1818 Περκώπης.

104 1824 214 1862 Conf.
245 1825 403 1861 Homer.
431 1823 539 1861 Iliad.
573 1825 641 1872 XI,
683 1826 764 1865 229

101 1880 192 1932 ibiq.
212 1880 385 1920 Eustath.
409 1881 589 1918 Strabon.
609 1883 701 1918 XIII
724 1894 763 1931 p.

102 1937 185 1978 590
212 1938 257 1974 Β.
288 1951 317 1977 s.
349 1940 429 1979 883
460 1939 507 1975 A.
550 1938 764 1975 casaubon.

102 2000 139 2030 et
170 1992 523 2045 Schweighaeuser.
544 1994 593 2031 ad
619 1994 763 2032 Athen.

101 2050 385 2089 Animadverss.
417 2052 466 2088 T.
496 2053 513 2087 Ι
543 2065 632 2102 pag.
665 2054 762 2093 223.

100 2106 196 2147 499.
218 2109 407 2145 Mannert.
427 2109 490 2155 VI,
513 2111 537 2149 3
558 2122 646 2159 pag.
665 2109 760 2150 517.

99 2165 158 2200 De
167 2164 366 2215 Lampsaco
384 2172 513 2202 nostra
538 2173 660 2203 aetate
682 2165 761 2202 dis-

99 2223 247 2271 putavit
275 2223 475 2260 castellan.
513 2224 659 2260 Lettres
699 2236 764 2260 Sul

98 2278 135 2314 la
155 2278 279 2315 Grece
301 2287 371 2316 etc.
392 2280 517 2329 (Paris
538 2281 663 2330 1811)
685 2281 702 2315 I
721 2294 760 2331 p.

98 2336 150 2374 71
176 2348 283 2388 seqq.
317 2338 397 2376 112
417 2349 524 2388 seqq.
555 2339 632 2376 119
653 2350 760 2389 seqq.

99 2390 206 2436 Quae
236 2393 324 2429 urbs
345 2392 394 2429 ad
414 2394 652 2444 Hellesponti
673 2395 759 2430 exi—

97 2453 181 2484 tum
201 2450 282 2496 sita,
295 2449 371 2501 quei
390 2451 618 2502 plerumque
633 2457 760 2488 trans—

95 2504 168 2541 itus
189 2518 238 2542 ex
249 2507 403 2557 Europa
420 2508 458 2543 in
479 2508 611 2543 Asiam
631 2507 757 2556 fiebat,

97 2561 189 2598 olim
210 2563 457 2600 celeberrima
470 2564 540 2601 fuit
561 2571 675 2616 atque
697 2566 758 2602 vel

96 2618 400 2668 Byzantinorum
421 2627 541 2657 aetate
566 2620 758 2659 florentis-

97 2675 204 2722 sima,
225 2677 264 2712 iu
285 2677 391 2713 cuius
403 2677 533 2714 locum
549 2690 652 2714 mmc
673 2692 757 2715 ces-

96 2730 185 2766 sisse
196 2730 404 2783 Lampxaki,
416 2735 545 2771 vicum
561 2735 760 2784 exiguum,

99 2786 215 2836 vulgo
244 2789 419 2837 tradunt,
449 2792 542 2838 nisi,
577 2803 674 2842 quae
705 2798 760 2829 est

100 2842 314 2881 castellanii
322 2848 520 2894 sententia,
532 2849 760 2884 vetusLam—

32 2904 34 2910 ⁴
99 2912 234 2950 psacus
253 2913 297 2937 eo
317 2901 402 2939 loco
422 2904 548 2953 iacuit,
561 2917 638 2956 quo
655 2918 758 2943 nunc

831 969 935 1006 vicus
957 968 1150 1006 Tchardak
1173 968 1376 1015 iuvenitur,
1390 966 1493 1005 haud

829 1027 963 1076 procul
983 1039 1004 1062 a
1022 1024 1230 1076 Lampsaki
1250 1026 1494 1076 septemtrio-

829 1096 921 1119 nem
938 1079 1066 1120 versu's
1088 1083 1135 1119 ad
1156 1096 1275 1120 mare.
1333 1082 1420 1120 Vid.
1440 1084 1491 1121 ib.

828 1153 916 1191 pag.
944 1138 1022 1180 134
1043 1153 1148 1192 seqq.
1210 1141 1274 1176 ubi
1296 1141 1410 1176 etiam
1432 1147 1492 1176 ta-

829 1198 918 1234 bula
939 1198 1016 1233 aeri
1035 1199 1165 1246 incisa,
1198 1210 1296 1249 quae
1316 1196 1416 1234 hauc
1429 1211 1491 1233 re-

827 1256 985 1304 gionem
1007 1253 1174 1302 exhibet,
1188 1254 1352 1291 additur.
1374 1255 1492 1291 Plura

829 1310 974 1347 dabunt
994 1313 1124 1348 Wass.
1148 1311 1196 1348 ad
1222 1310 1404 1362 Thucyd.
1427 1312 1490 1359 VI,

827 1368 879 1408 59
915 1368 1077 1419 (Poppo
1109 1367 1157 1405 ad
1188 1367 1370 1419 Thucyd.
1398 1370 1428 1416 Ι,
1464 1371 1491 1408 2

824 1437 862 1474 p.
884 1423 984 1476 436>
1017 1424 1247 1462 Tzschucke
1278 1424 1325 1462 ad
1344 1427 1435 1462 Mel.
1457 1426 1485 1462 1.

824 1482 848 1517 l.
869 1494 956 1531 pag.
980 1481 1061 1522 549
1082 1483 1211 1534 ibique
1236 1490 1409 1520 veterum
1430 1490 1491 1520 te-

822 1539 1014 1575 stimonia.
1080 1539 1195 1576 Haud
1227 1541 1361 1590 procul
1398 1539 1490 1576 iude

823 1596 1009 1631 orientem
1038 1609 1166 1633 versus
1196 1595 1332 1634 Paesus
1352 1597 1489 1634 fluvius

821 1651 862 1686 iu
892 1664 1001 1688 mare
1028 1654 1130 1700 exit⁷
1163 1652 1211 1689 ad
1244 1667 1363 1706 quem
1397 1653 1489 1692 Pae-

821 1721 881 1744 sus
919 1709 1008 1745 urbs
1039 1722 1061 1746 a
1090 1710 1246 1748 Milesiis
1275 1710 1429 1748 condita
1451 1718 1488 1748 et

820 1763 913 1801 dein
932 1778 953 1801 a
973 1760 1245 1822 Lampsacefiis
1266 1767 1403 1816 diruta,
1424 1770 1488 1805 in-

822 1823 913 1858 colis
934 1824 1190 1874 Lampsacum
1221 1826 1486 1876 migrantibus.

821 1877 909 1915 vid.
938 1881 1128 1919 Mannert.
1148 1883 1212 1930 VI,
1234 1885 1258 1922 3
1279 1895 1367 1932 pag.
1390 1884 1486 1924 520·

821 1936 857 1970 A
878 1937 998 1973 Paeso
1032 1940 1220 1975 orientem
1251 1952 1380 1975 versus
1411 1939 1487 1976 Pa-

820 1996 912 2030 rium
933 1994 1119 2045 oppidum
1140 1996 1325 2032 aMilesiis
1342 2008 1386 2032 eo
1407 1996 1487 2032 fere

820 2050 905 2087 loco
919 2058 1168 2100 exstructum,
1191 2066 1267 2104 quo
1279 2066 1381 2089 nunc
1392 2066 1486 2103 por-

817 2113 903 2143 tum
925 2121 1004 2145 esse
1026 2108 1158 2146 dicunt
1178 2110 1364 2147 Kamares.
1397 2109 1485 2147 Vid.

817 2165 1010 2202 Mannert.
1024 2167 1087 2214 VI,
1102 2169 1126 2207 3
1142 2180 1230 2218 pag.
1245 2166 1339 2208 521.
1363 2167 1485 2204 Creu-

820 2235 897 2259 zer.
917 2223 956 2258 in
989 2223 1211 2274 fragmentt.
1232 2222 1422 2266 historico.
1444 2238 1481 2275 p.

823 2281 915 2319 119.
938 2279 1158 2318 Tzschuck.
1180 2282 1206 2318 l.
1227 2281 1254 2318 l.
1275 2294 1363 2350 pag.
1387 2281 1484 2323 551.

875 2331 1022 2384 ταύτας
1045 2335 1118 2389 μὲν
1135 2333 1192 2377 ἐπ’
1215 2336 1368 2389 ἡμέρης
1386 2334 1484 2377 ἑκά-

819 2403 911 2444 στης
932 2393 1064 2443 alpes]
1098 2395 1204 2440 Quae
1224 2403 1327 2432 recte
1347 2397 1399 2432 sic
1416 2408 1483 2432 ac-

816 2452 917 2501 cepit
938 2450 1294 2503 Schweighaeuser.
1324 2453 1365 2488 in
1385 2453 1482 2488 Lex.

1502 386 1608 414 ditioni
1634 390 1776 418 restitue-

1503 429 1536 447 Γι·
1555 422 1582 447 in
1596 422 1678 456 ·ii.pt
1705 425 1758 452 sed

1500 454 1605 480 :nuilla
1631 456 1674 482 Ca
1658 465 1743 485 arum

1501 487 1574 514 rebe
1581 488 1641 514 llim
1624 498 1672 515 ιι
1674 492 1733 523 zc.[

1501 521 1589 554 103]
1611 522 1631 547 i1
1624 523 1775 552 nCariam

1501 554 1646 583 deflectit.

815 2506 960 2545 Herod.
989 2509 1115 2546 harum
1143 2510 1282 2548 urbium
1316 2509 1483 2558 singulas
1522 2551 1528 2555 .

813 2565 969 2613 singulis
986 2569 1076 2617 cepit
1098 2567 1231 2604 diebus.
1253 2589 1309 2594 —
1338 2566 1401 2603 Ad
1421 2567 1482 2603 lo-

817 2623 1014 2659 cutionem
1047 2619 1174 2663 τωύτὸ
1204 2628 1373 2674 φρονεῖν
1405 2621 1482 2675 (ea-

817 2677 894 2715 dem
930 2679 1081 2717 consilia
1113 2693 1244 2731 capere,
1288 2683 1481 2718 consentire

816 2748 894 2773 cum
913 2736 1013 2786 alio)
1045 2738 1147 2774 conf.
1168 2738 1219 2781 V,
1241 2741 1309 2778 72.

1005 2794 1097 2857 Cap.
1120 2795 1291 2831 CXVIII.

870 2844 1085 2901 ,πρότερον
1091 2850 1187 2901 πρὶν
1229 2846 1323 2901 ἢ-
1342 2844 1481 2887 ἀπικέ-

816 2905 942 2970 σθαιῒ]
984 2906 1080 2959 πρὶν
1107 2908 1210 2943 abest
1242 2919 1264 2942 a
1292 2905 1480 2953 Mediceo,

1893 568 1896 576 .
1882 418 1897 561 »Αἲξ-’-
1892 403 1895 411 -
1882 270 1897 358 ,το-Ι
1883 134 1897 250 κἰζνῐνῆψ
1889 33 1897 126 εῖτ,
1880 0 1897 23 Α

1885 943 1897 1028 Διτᾼπ
1885 815 1897 895 ι.<-ᾈ
