1897 3340
483 159 1139 199 TERPSICIIORE.
1198 160 1243 196 V.
1439 163 1495 200 25

236 271 428 327 καλύβης
456 285 499 312 τε
530 269 576 311 ἐν
605 262 634 324 ᾗ
662 269 903 319 διαιτᾶται,
940 267 1012 310 καὶ
1052 266 1193 322 θύρης
1220 272 1494 322 καταπακτῆς

238 340 310 383 δια
340 343 427 382 τῶν
459 337 611 390 ἰκρίων
639 334 755 378 κάτω
787 335 1007 391 φερούσης
1047 336 1089 387 ἐς
1120 335 1199 391 τὴν
1230 338 1396 392 λίμνην.
1440 336 1549 378 τα95

237 407 283 450 δὲ
312 405 445 460 νήπια
475 404 627 446 παιδία
658 403 807 446 δέουσι
826 407 906 447 τοῦ
935 403 1072 454 ποδός
1102 403 1298 459 σπάρτῳ,
1333 402 1389 459 μή
1421 421 1494 446 κα-

207 475 478 529 6τακυλισθῇ
509 473 814 527 δειμαίνοντες.
860 476 975 514 τοῖσι
1005 471 1051 514 δὲ
1081 473 1250 514 ἵπποισι
1281 471 1353 513 καὶ
1382 475 1496 513 τοῖσι

233 539 508 593 ὑποζυγίοισι
535 539 774 595 παρέχουσι
811 539 970 595 χόρτον
1000 541 1136 594 ἰχθῦς.
1193 543 1282 581 τῶν
1312 539 1357 581 δὲ
1391 541 1495 593 πλῆ-

231 607 315 657 θός
348 607 436 650 ἐστι
464 611 697 661 τοσοῦτον,
737 606 844 649 ὥστε
885 607 992 650 ὅταν
1020 607 1100 663 τήν
1128 606 1276 662 θύρην
1309 607 1389 662 τὴν
1418 623 1496 649 κα-

232 674 456 732 ταπακτήν
496 674 729 733 ἀνακλίνῃ,
772 677 908 719 aazia
938 678 1095 733 σχοίνῳ
1127 676 1316 730 σπυρίδα
1346 672 1495 730 κεινὴν

176 846 269 885 dans
306 848 410 885 lacus
449 848 617 899 speciem
649 862 739 887 sane
770 862 832 885 re-

174 905 272 941 ferre
292 904 477 942 videatur.

231 957 365 1014 θύρης
394 962 673 1013 καταπακτῆς]
723 961 833 998 Reis-

175 1017 262 1055 kius
300 1019 412 1056 scribi
457 1019 604 1055 mavult
633 1018 833 1069 καταῤῥα-

175 1077 251 1126 κτῆ
254 1090 272 1121 ς
285 1083 321 1112 et
331 1089 437 1123 mOX‚
458 1077 524 1112 ubi
534 1075 638 1112 idem
654 1075 751 1112 redit
763 1088 834 1111 vo-

176 1133 377 1178 cabulum,
399 1128 688 1183 καταρῤακτήν,
716 1139 757 1169 ut
778 1134 835 1169 ia-

174 1201 246 1226 nua
263 1190 496 1240 intelligatur
516 1189 713 1234 demz'ssz'lis,
737 1202 834 1241 quae

176 1247 296 1282 attolli
325 1259 368 1282 ac
407 1245 555 1282 demitti
593 1253 719 1297 queat.
785 1246 836 1281 At

176 1303 452 1352 Wesselingius
480 1299 736 1352 καταπακτήν
757 1298 835 1339 θύ-

177 1374 253 1409 ρην
295 1359 458 1395 eandem
487 1358 561 1395 dici
600 1359 682 1395 vult
722 1365 834 1409 atque

176 1411 445 1466 καταπηκτήν.
503 1416 610 1450 Valla
631 1428 674 1451 ac
696 1415 831 1451 Portus

175 1473 469 1522 interpretantur
488 1474 630 1508 ianuam
647 1472 725 1508 bene
742 1483 832 1508 come

170 1533 314 1579 pactam
360 1535 397 1565 et
427 1529 582 1578 firmiter
626 1528 831 1574 obseratam,

175 1586 410 1622 Gronovius:
451 1585 634 1635 depactam
672 1586 831 1632 ianuam,

175 1640 581 1692 Schweighaeuserus:
623 1641 830 1692 plicatilem.

173 1699 213 1735 in
223 1700 364 1736 Lexico
377 1697 593 1735 Herodoteo
606 1697 749 1735 reddit:
773 1699 830 1735 ia-

173 1768 279 1793 nuam
297 1770 363 1793 non
381 1759 528 1793 erectam
538 1754 604 1792 sed
624 1755 723 1792 humi
736 1759 831 1792 stra-

174 1816 248 1849 tam
288 1820 324 1849 et
367 1814 420 1849 ita
459 1819 718 1863 compactam,
776 1818 830 1859 ut,

175 1868 328 1921 quando
351 1870 476 1906 clausa
497 1876 576 1906 erat
590 1899 599 1916 ,
631 1882 720 1905 cum
741 1869 833 1904 reli-

175 1939 251 1978 quo
289 1927 457 1964 tabulato
488 1927 528 1962 in
560 1925 698 1963 eodem
738 1931 834 1961 esset

173 1984 303 2034 plano.
342 1985 441 2020 Hinc
461 1984 595 2034 procul
616 1982 731 2020 dubio
753 1984 834 2019 No—

174 2047 313 2077 strum:
366 2039 578 2088 Falltliic're,
629 2040 833 2088 Zugtlziire.

175 2098 351 2142 Quocum
382 2099 497 2133 etiam
527 2098 626 2134 bene
656 2097 835 2133 convenit

174 2155 336 2190 verbum
349 2149 577 2192 α’νακλίνειν
590 2153 636 2190 de
647 2152 834 2190 eiusmodi

174 2210 318 2248 foribus
339 2211 478 2261 quando
497 2213 718 2262 aperiuntur,
734 2211 833 2247 bene

176 2266 399 2315 adhibitiun,
436 2281 526 2304 cum
545 2269 695 2318 proprie
715 2269 761 2304 sit
780 2281 835 2304 re-

169 2325 325 2375 flectere,
354 2327 580 2374 resupinare,
607 2328 832 2374 retroponere,

176 2380 281 2432 quod
314 2380 419 2418 idem
448 2388 502 2418 est
531 2389 643 2432 atque
682 2383 832 2432 aperire,

176 2444 219 2474 ut
256 2437 359 2489 apud
389 2440 546 2475 Homer.
579 2439 624 2475 Il.
659 2439 705 2485 V,
738 2438 833 2479 751.

176 2495 245 2541 ΙΧ,
279 2495 374 2536 395-
414 2495 548 2547 Odyss.
580 2496 706 2542 XXII,
739 2495 832 2536 156.

180 2550 272 2590 157.
292 2553 360 2599 XI,
381 2552 476 2593 525.
495 2574 551 2579 ——
571 2551 634 2588 Ad
653 2552 767 2589 verba
787 2547 836 2589 w*

180 2603 222 2644 δὲ
251 2602 378 2658 νήπια
404 2609 545 2647 παιδία
593 2606 728 2647 δέουσι
759 2610 834 2647 τοῦ

179 2659 298 2710 ποδὸς
309 2660 468 2718 σπάρτῳ
479 2666 712 2716 wesseling.
725 2679 834 2702 com—

180 2725 285 2767 parat
323 2721 519 2758 Heliodori
557 2720 764 2773 Aethiopp.
817 2724 834 2758 Ι

184 2774 296 2825 [cap-
319 2776 371 2825 5]
402 2791 441 2828 p.
476 2781 540 2819 11.
588 2780 834 2816 Homericam

889 861 1026 885 vocem
1057 844 1225 899 νήπιος,
1259 847 1305 885 de
1335 862 1409 901 qua
1440 849 1547 898 plura

888 906 928 941 in
967 907 1117 942 Lexicis
1156 905 1358 942 traduntur
1373 935 1382 952 ,
1431 918 1547 941 nemo

888 964 1053 1012 ignorat.
1112 964 1197 999 Huc
1229 964 1469 1013 potissimum
1490 963 1549 997 fa—

890 1021 994 1056 ciunt
1012 1019 1051 1056 hi
1062 1020 1140 1056 fere
1160 1020 1252 1056 loci:
1281 1015 1426 1069 νήπιος
1445 1016 1548 1067 υἱός,

890 1076 937 1112 de
948 1077 1032 1127 filio
1054 1076 1194 1127 infante
1213 1078 1257 1113 Il.
1280 1078 1325 1124 V,
1348 1077 1441 1116 480-
1455 1077 1548 1115 688-

890 1134 953 1181 VI,
976 1137 1072 1174 366.
1093 1133 1188 1174 4⁶:00.
1220 1129 1347 1183 νήπια
1367 1132 1484 1171 τέκνα
1505 1132 1549 1168 11.

890 1192 938 1236 II,
982 1193 1061 1231 136
1094 1191 1180 1227 coll.
1219 1193 1314 1230 311.
1358 1191 1422 1237 IV,
1454 1191 1549 1230 238.

891 1248 954 1293 VI,
977 1247 1029 1286 95
1053 1254 1124 1283 etc.

948 1306 1048 1341 τοῖσι
1090 1300 1131 1341 δὲ
1171 1302 1329 1341 ἵπποισι
1351 1323 1408 1330 --
1427 1299 1545 1351 παρέ-

892 1371 1004 1410 χουσι
1025 1356 1167 1410 χόρτον
1193 1359 1328 1410 ἰχθῦς]
1353 1358 1463 1397 Haud
1484 1360 1547 1393 in-
1570 1378 1574 1382 ·

890 1417 1013 1452 solens
1044 1418 1222 1452 iumentis
1253 1416 1437 1466 pabulum
1470 1428 1548 1451 esse

889 1473 1008 1522 pisces
1044 1473 1321 1521 VVesselingius
1367 1484 1548 1522 compro-

890 1530 978 1564 bare
999 1528 1154 1576 studuit,
1175 1528 1374 1565 Athenaeo
1396 1527 1549 1564 laudato

888 1586 988 1633 VIII,
1021 1586 1074 1626 35
1095 1600 1132 1637 p.
1156 1585 1236 1626 345
1264 1587 1310 1622 E.
1342 1584 1388 1621 de
1419 1584 1550 1621 Thra—

891 1644 970 1679 ciae
991 1643 1124 1689 bobus,
1159 1656 1256 1694 quae
1289 1642 1453 1693 piscibus
1480 1655 1550 1678 ve-

888 1706 1052 1746 scantur,
1076 1707 1288 1746 enarrante,
1311 1698 1490 1736 adiiciens
1511 1700 1551 1734 in

887 1755 1032 1806 frigidis
1071 1764 1106 1793 et
1145 1758 1344 1793 maritimis
1373 1757 1551 1806 Europae

888 1814 1069 1850 tractibus
1089 1814 1208 1864 pisces
1240 1814 1418 1849 iumentis
1439 1826 1552 1863 saepe

891 1872 970 1906 esui
991 1883 1083 1907 esse.
1144 1871 1227 1916 Quo
1252 1872 1366 1906 etiam
1387 1871 1552 1920 pertinet

889 1927 1040 1963 Aeliani
1050 1928 1154 1964 locus
1166 1930 1224 1963 De
1234 1929 1280 1964 N.
1291 1928 1338 1964 A.
1351 1927 1471 1975 XVII,
1484 1929 1552 1966 30.

946 1985 1070 2022 κατίει
1093 1985 1237 2036 σχοίνῳ
1258 1984 1460 2035 σπυρίδα]
1483 1998 1552 2021 κα-

889 2040 963 2079 τίει
985 2042 1028 2090 (i.
1042 2055 1075 2077 e.
1098 2041 1268 2090 demittit)
1292 2046 1550 2077 cumrecentt.

890 2096 979 2134 edd.
1014 2097 1193 2145 exhibui3
1224 2096 1419 2135 Schaefer.
1450 2097 1552 2133 male

890 2159 1029 2193 κατιεῖ.
1074 2156 1139 2191 Tu
1171 2154 1250 2192 vid.
1271 2162 1370 2192 nott.
1393 2153 1440 2191 ad
1459 2155 1488 2201 I,
1512 2156 1552 2194 6.

895 2214 985 2252 180.
1023 2213 1089 2258 ΙΠ,
1130 2215 1223 2252 109.
1272 2214 1330 2248 De
1369 2212 1551 2257 subiecto,

890 2267 995 2319 quod
1014 2276 1166 2315 vocant,
1186 2270 1226 2305 in
1248 2267 1306 2305 his
1324 2270 1460 2305 omisso
1473 2266 1550 2305 vid.

888 2323 1023 2363 Matth.
1046 2327 1112 2363 Gr.
1134 2327 1200 2363 Gr.
1224 2328 1245 2371 ξ
1268 2325 1363 2371 295,
1393 2327 1461 2362 ubi
1480 2337 1550 2376 pro

888 2382 933 2429 V,
959 2385 978 2422 1
994 2382 1018 2423 5
1039 2384 1114 2433 leg.
1134 2383 1180 2430 V,
1196 2386 1214 2423 1
1231 2385 1269 2423 6.
1282 2405 1338 2409 —
1357 2385 1432 2420 Pro
1443 2382 1552 2434 σχοί-

889 2453 945 2491 νῳ
977 2439 1017 2475 in
1047 2439 1195 2476 duobus
1233 2440 1336 2476 libris
1376 2441 1550 2491 σχοινίῳ,

891 2508 989 2547 quae
1019 2496 1144 2533 forma
1165 2498 1351 2547 reperitur
1369 2498 1433 2544 IV,
1457 2497 1550 2538 154.

889 2574 945 2579 —
987 2554 1161 2606 σπυρίδα
1198 2554 1369 2604 intelligo
1409 2555 1550 2598 corbem,

889 2611 1081 2647 canistrum
1102 2624 1122 2646 e
1142 2611 1348 2648 viminibus
1369 2614 1500 2647 textum
1519 2623 1547 2645 s.

885 2666 1040 2716 plexum.
1072 2667 1129 2704 Cf.
1150 2667 1300 2703 Arrian.
1312 2668 1473 2717 Epictet.
1485 2666 1547 2709 IV,

895 2725 958 2762 10.
1016 2725 1118 2761 Inter
1148 2725 1378 2775 piscatorum
1409 2725 1549 2759 instru-

891 2787 1043 2829 menta,
1093 2787 1250 2818 notante
1279 2778 1547 2828 VVesselingio,
