1897 3340
417 207 1074 247 TERPSIGHORE.
1134 209 1179 245 V.

1378 212 1435 251 83

169 321 289 360 πᾶσα
320 317 513 372 οἷνοίγκη,
556 316 630 358 καὶ
669 313 786 358 οὕτω
827 317 1058 369 διεκπερᾶν
1094 316 1173 359 τὸν
1212 317 1430 371 ποταμόν·

170 386 244 427 καὶ
283 383 585 439 φυλακτήριον
615 382 725 439 μέγα
761 382 833 426 ἐπ’
866 381 995 440 αὐτῷ.

1056 382 1275 439 Διαβοὲντι
1306 385 1352 427 δὲ
1392 385 1436 436 ἐς

142 452 259 508 4τήν
297 452 645 505 Καππαὸοκίήν,
698 450 770 494 καὶ
813 450 951 507 ταύτῃ
987 450 1271 509 πορευομένῳ
1312 452 1438 508 μέχρι

171 518 318 573 οὔρων
355 521 443 561 τῶν
481 520 714 572 Κιλικίων,
752 519 940 575 σταθμοὶ
980 519 1101 561 δυῶν
1142 520 1313 571 δέοντες
1353 521 1598 569 εἰσὶ15[5,49.
1624 534 1655 568 π,
1678 535 1749 570 15η

168 585 425 643 τριήκοντα,
478 585 763 642 παρασάγγαι
815 587 862 629 δὲ
910 585 1106 642 τέσσερες
1154 589 1229 630 καὶ
1265 587 1435 632 ἑκατόν.

169 653 239 698 ἐπὶ
274 654 321 697 δὲ
352 659 465 697 τοῖσι
493 654 665 697 τούτων
705 653 880 708 οὔροισι
910 653 1029 706 διξάς
1066 671 1110 698 τε
1139 655 1279 707 πύλας
1308 657 1436 709 διεξε·

139 726 271 779 5λᾷς,
324 722 398 764 καὶ
450 720 545 773 διξοὶ
586 722 866 778 φυλακτήρια
904 723 1212 777 παραμείψεαι.

1289 728 1436 768 Ταῦτα

167 789 213 832 δὲ
244 788 556 841 διεξελάσαντι,
600 790 674 832 καὶ
716 789 788 833 δια
817 794 892 846 τῆς
923 791 1124 845 Κιλικίης
1158 789 1267 834 ὁδὸν
1288 808 1432 836 ποιευ-

167 856 307 913 μένῳ,
350 862 464 911 τρεῖς
506 859 587 900 εἰσι
629 857 841 912 σταθμοὶ,
885 857 1165 913 παρασάγγαι
1205 858 1252 902 ὁὲ
1287 869 1492 904 navve-20

166 926 347 968 καίδεκα
377 926 451 968 καὶ
480 925 631 981 ἥμισυ.
676 921 812 980 οὖρος
844 925 889 968 δὲ
914 927 1118 982 Κιλικίης
1147 928 1221 969 καὶ
1250 931 1325 983 τῆς
1343 930 1433 984 Ἀρ·

166 994 315 1050 μενίης
362 992 450 1038 ε’στὶ
488 993 683 1051 ποταμὸς
722 992 852 1049 νηυσὶ
904 993 1114 1050 περητός,
1161 997 1223 1052 τῷ
1262 995 1436 1054 οὕνομα

108 1175 247 1214 tendae
267 1189 380 1215 causa
410 1177 621 1230 adpositas,
661 1178 772 1215 inve-

108 1235 235 1270 nimus
255 1235 320 1281 ΠΙ,
346 1237 436 1283 117,
466 1242 508 1272 ut
528 1237 627 1272 bene
648 1248 773 1271 anno-

109 1297 165 1327 tat
192 1291 490 1341 Wesselingius‚
537 1294 654 1328 citans
692 1293 772 1327 Na-

110 1345 206 1383 hum
228 1350 265 1394 2,
288 1350 326 1395 6,
360 1349 425 1384 nbi
453 1348 624 1385 eiusdem
651 1361 772 1398 gene-

111 1404 160 1440 ris
190 1410 333 1454 portae,
360 1404 427 1441 sed
457 1404 562 1442 idem
593 1418 769 1452 monens,

110 1467 238 1511 portas
251 1489 260 1507 ‚
298 1473 395 1512 quae
414 1460 454 1497 h.
474 1463 502 1498 l.
528 1474 771 1509 commemo-

111 1524 255 1565 rantur,
282 1518 322 1553 in
352 1524 470 1567 ponte
490 1518 595 1555 ssuvii
626 1519 769 1568 Halyos

111 1573 243 1621 fuisse,
279 1573 384 1625 quod
413 1587 492 1610 non
521 1575 660 1626 fugerit
689 1576 771 1611 Bo-

109 1628 228 1666 chart.
248 1631 288 1665 in
309 1629 418 1667 Phal.
436 1631 499 1678 lv,
516 1634 578 1672 19.
610 1633 666 1668 Ac
679 1645 770 1668 sane

109 1685 171 1723 hic
197 1687 357 1737 intelligi
388 1686 529 1724 debent
547 1696 680 1739 portae
698 1717 707 1735 ‚
730 1689 769 1724 in

107 1743 188 1794 ipsa
208 1743 319 1791 terra,
341 1745 587 1795 probabiliter
608 1745 656 1782 ad
668 1758 770 1796 pon-

109 1807 188 1838 tem
208 1801 269 1838 vel
286 1814 330 1837 eo
353 1809 455 1838 certe
472 1803 558 1839 loco
571 1832 580 1849 ‚
604 1815 680 1854 quo
699 1815 769 1853 per

109 1857 271 1895 fiuvium
282 1857 394 1894 fiebat
407 1860 594 1905 transitus,
619 1866 770 1896 exstru-

111 1921 194 1951 ctae
209 1945 218 1963 ,
264 1916 494 1952 munimenti
521 1916 606 1952 loco
629 1915 677 1953 ad
694 1914 770 1952 ho-

109 1978 183 2008 stes
211 1970 414 2019 arcendos,
465 1985 554 2009 cum
586 1973 677 2008 olim
707 1971 768 2009 hic

110 2035 233 2065 essent
254 2027 389 2080 Lydici
418 2041 461 2065 ac
489 2028 645 2065 Medios
660 2029 769 2079 regni

111 2084 224 2131 fines3
246 2086 375 2137 quales
395 2099 432 2122 v.
445 2099 479 2123 c.
500 2087 539 2122 in
554 2087 636 2137 ipsa
646 2087 769 2123 Grae-

110 2143 168 2179 cia
198 2142 352 2179 suerunt
379 2141 684 2194 Thermopylae,
721 2142 768 2180 (le

112 2200 248 2251 quibus
260 2199 360 2236 conf.
373 2200 454 2247 vll,
469 2203 548 2240 201
573 2201 658 2236 coll.
672 2203 766 2240 176.

111 2257 189 2292 Nec
211 2257 317 2292 aliter
342 2254 446 2294 hunc
478 2258 606 2293 locum
626 2258 768 2308 cepisse

111 2312 222 2350 video
237 2314 401 2350 Heeren.
420 2314 446 2350 l.
460 2314 486 2350 l.
499 2327 570 2350 nec
583 2313 767 2363 Schwglr.

112 2370 164 2406 ita
183 2376 416 2407 vertentem:
450 2371 527 2417 „ad
550 2383 647 2421 quem
669 2371 770 2420 (Ha-

113 2426 178 2476 lyn
191 2426 369 2476 fluvium)
391 2430 442 2464 est
457 2431 576 2478 porta,
591 2441 652 2478 per
664 2439 770 2478 quam

117 2485 250 2520 omnino
281 2485 431 2521 transire
463 2487 612 2534 oportet,
648 2486 769 2534 prius-

117 2549 220 2586 quam
252 2541 408 2590 fluvium
439 2542 650 2578 trae'icz‘mss
725 2543 770 2577 Iu

117 2605 233 2645 quam
248 2595 409 2633 eandem
420 2599 646 2633 sententiam
664 2598 771 2633 Lan-

119 2661 167 2699 ge
185 2649 223 2687 h.
240 2652 264 2688 l.
279 2660 332 2689 est
347 2655 623 2704 interpretatus.
648 2653 772 2691 Simili

120 2707 274 2744 consilio
305 2708 352 2746 ad
379 2707 576 2760 regionem
617 2711 662 2747 ab
696 2709 772 2747 lio-—

119 2764 232 2799 stium
259 2765 534 2804 incursionibus
571 2766 771 2803 tutandam

120 2825 353 2857 exstructum
387 2822 501 2859 fuisse
534 2830 628 2873 puto
658 2825 772 2860 muni-

830 1181 982 1216 mentum
998 1180 1115 1216 maius
1129 1175 1405 1231 φυλακτήριον
1425 1180 1489 1231 με’-

828 1249 890 1286 γα,
912 1236 938 1271 i.
969 1248 1003 1272 e.
1028 1236 1267 1285 praesiclimn,
1310 1238 1491 1275 castellum

830 1292 994 1341 amplum,
1025 1293 1066 1327 in
1088 1305 1164 1344 qno
1181 1293 1347 1330 militum
1369 1295 1491 1330 collo-

829 1355 912 1384 cata
934 1355 1014 1384 erat
1035 1349 1219 1386 custodia.
1263 1352 1396 1401 Itaque
1416 1364 1481 1387 110-

827 1405 895 1440 lim
909 1418 998 1440 cum
1008 1407 1200 1441 Heerenio
1220 1407 1279 1443 l.l.
1296 1414 1333 1443 et
1344 1409 1490 1457 Lange,

826 1462 1033 1498 vernaculo
1072 1462 1256 1498 Herodoti
1284 1464 1490 1514 interprete

827 1517 1014 1554 reddere:
1037 1520 1111 1554 eine
1136 1518 1276 1556 Waclee.
1318 1520 1491 1556 Yid.Le-

825 1575 903 1611 xic.
929 1573 1111 1625 Xenoph.
1132 1576 1183 1612 T.
1196 1576 1246 1611 IV
1262 1590 1299 1626 p.
1313 1576 1395 1616 505
1414 1578 1491 1613 ibi-

828 1644 903 1682 que
935 1632 1076 1683 Cyrop.
1106 1632 1187 1679 VII,
1218 1632 1256 1679 5,
1289 1636 1327 1673 6.
1387 1633 1488 1670 Add.

826 1689 964 1740 Polyb.
995 1689 1098 1735 vm,
1124 1692 1188 1737 17,
1211 1688 1250 1728 5.

884 1743 994 1797 μέχρι
1017 1741 1151 1795 οὔρων
1170 1747 1252 1784 τῶν
1275 1741 1488 1794 Κῖλικίων]

827 1800 970 1838 ΖΙῙοιιΐεε
1004 1801 1160 1837 Ciliciae
1196 1801 1257 1838 liic
1299 1803 1490 1839 intellexit

827 1860 992 1895 Heereu.
1022 1857 1140 1894 Ideen
1170 1860 1199 1906 l,
1222 1861 1248 1898 2
1282 1871 1371 1909 pag.
1393 1862 1487 1906 222,

827 1916 894 1951 ubi
933 1915 1059 1965 potius
1101 1914 1148 1951 de
1177 1916 1316 1965 finibus
1348 1928 1487 1953 sermo.

828 1972 902 2017 Qui
923 1971 1027 2008 idem
1036 1973 1200 2007 Heeren.
1222 1972 1322 2008 bene
1340 1979 1487 2020 monet,

828 2028 1088 2065 Horodoteam
1111 2029 1284 2065 Ciliciam
1305 2042 1426 2081 usque
1439 2029 1487 2066 ad

828 2085 1113 2136 Cappadociam
1153 2085 1309 2122 extendi
1346 2099 1487 2123 secun-

827 2142 921 2180 (lum
930 2141 1135 2193 Euphratis
1148 2143 1384 2193 superiorem
1399 2156 1487 2180 cur-

826 2211 933 2237 sum:
963 2201 1014 2236 ita
1035 2206 1077 2236 ut
1089 2200 1149 2236 vel
1160 2200 1384 2239 Armeniam
1396 2212 1488 2250 par-

825 2270 915 2294 vam
928 2286 937 2303 ‚
973 2269 1070 2308 quae
1105 2254 1261 2307 posthac
1281 2258 1331 2292 ita
1351 2263 1488 2294 vocata

827 2321 892 2360 est,
913 2311 1226 2364 comprehendat.
1258 2312 1488 2359 Quodidem

825 2371 1019 2407 monuisse
1046 2369 1159 2407 video
1195 2371 1357 2407 Rennel.
1395 2382 1486 2421 pag.

826 2426 922 2467 485.
981 2427 1081 2472 Quin
1108 2428 1231 2477 ipsam
1262 2426 1488 2463 Armeniam

826 2484 936 2521 solito
959 2484 1186 2534 ampliorem
1214 2482 1276 2521 hic
1297 2484 1396 2521 sumi
1415 2496 1486 2534 pa-

1492 334 1592 366 nymi

1642 336 1765 370 Gyndes

1494 367 1731 404 [Llr.QML

1495 403 1667 432 '‘ostrnwnuie

1495 433 1649 469 (Hioaspcs
1669 436 1717 469 [1‚

1498 468 1589 499 ¹⁸&i‚
1619 468 1656 493 ad
1682 477 1764 503 quem

1496 500 1575 527 Susa
1589 500 1767 529 Memnonia.

827 2547 907 2577 tet:
943 2542 1084 2592 quippe
1107 2553 1216 2591 quae,
1239 2539 1377 2577 eodem
1397 2553 1487 2577 mo-
1540 2546 1554 2588 ‘-

827 2603 943 2633 nente
976 2598 1166 2634 Heerenio
1193 2598 1218 2634 l.
1251 2598 1289 2645 l.‚
1330 2609 1487 2634 omnem

827 2655 1144 2704 Mesopotamiam
1213 2655 1487 2704 complectatur

828 2711 1192 2761 septemtrionalem.
1227 2709 1328 2746 Add.
1352 2711 1484 2746 Ritter.

827 2766 950 2803 Erdk.
971 2769 1007 2803 ΙΙ
1026 2779 1114 2817 pag.
1137 2768 1219 2806 780
1237 2780 1315 2817 seq.
1340 2788 1387 2792 —
1424 2762 1486 2799 Ad

829 2824 1063 2860 locutionem
1083 2823 1193 2862 δυῶν
1212 2821 1364 2866 δέοντες
1385 2819 1486 2856 conf.

1138 2880 1162 2916 6
1184 2874 1209 2896 ᾖ

1859 0 1876 95 -Ωψκτ
