<?xml version="1.0" encoding="UTF-8"?>
<!DOCTYPE html PUBLIC "-//W3C//DTD XHTML 1.0 Transitional//EN"
    "http://www.w3.org/TR/xhtml1/DTD/xhtml1-transitional.dtd">
<html xmlns="http://www.w3.org/1999/xhtml" xml:lang="en" lang="en">
 <head>
  <title>
</title>
<meta http-equiv="Content-Type" content="text/html;charset=utf-8" />
  <meta name='ocr-system' content='tesseract 3.04.00' />
  <meta name='ocr-capabilities' content='ocr_page ocr_carea ocr_par ocr_line ocrx_word'/>
</head>
<body>
  <div class='ocr_page' id='page_1' title='image "./musaeher03hero/musaeher03hero_0151.png"; bbox 0 0 1897 3340; ppageno 0'>
   <div class='ocr_carea' id='block_1_1' title="bbox 48 966 113 1012">
    <p class='ocr_par' dir='ltr' id='par_1_1' title="bbox 48 966 113 1012">
     <span class='ocr_line' id='line_1_1' title="bbox 48 966 113 1012; baseline 0 0"><span class='ocrx_word' id='word_1_1' title='bbox 48 966 113 1012; x_wconf 74' lang='lat'>77</span> 
     </span>
    </p>
   </div>
   <div class='ocr_carea' id='block_1_2' title="bbox 425 179 1445 222">
    <p class='ocr_par' dir='ltr' id='par_1_2' title="bbox 425 179 1445 222">
     <span class='ocr_line' id='line_1_2' title="bbox 425 179 1445 222; baseline -0.013 0"><span class='ocrx_word' id='word_1_2' title='bbox 425 179 1178 222; x_wconf 75' lang='lat' dir='ltr'>TERP810110RE.V.</span> <span class='ocrx_word' id='word_1_3' title='bbox 1363 180 1445 218; x_wconf 73' lang='lat'>139</span> 
     </span>
    </p>
   </div>
   <div class='ocr_carea' id='block_1_3' title="bbox 177 285 1775 348">
    <p class='ocr_par' dir='ltr' id='par_1_3' title="bbox 177 285 1775 348">
     <span class='ocr_line' id='line_1_3' title="bbox 177 285 1775 348; baseline -0.009 -8"><span class='ocrx_word' id='word_1_4' title='bbox 177 300 309 340; x_wconf 87' lang='grc' dir='ltr'><strong><em>τοῦτο</em></strong></span> <span class='ocrx_word' id='word_1_5' title='bbox 341 294 409 339; x_wconf 89' lang='grc' dir='ltr'>ἐπὶ</span> <span class='ocrx_word' id='word_1_6' title='bbox 438 291 518 348; x_wconf 71' lang='grc' dir='ltr'><strong><em>τὴν</em></strong></span> <span class='ocrx_word' id='word_1_7' title='bbox 545 288 739 346; x_wconf 79' lang='grc' dir='ltr'><strong><em>Ἀττικήν</em></strong></span> <span class='ocrx_word' id='word_1_8' title='bbox 770 286 1030 343; x_wconf 80' lang='grc' dir='ltr'><strong><em>ἀπικόμενοι</em></strong></span> <span class='ocrx_word' id='word_1_9' title='bbox 1059 285 1267 340; x_wconf 76' lang='grc' dir='ltr'><em>Δωριέες,</em></span> <span class='ocrx_word' id='word_1_10' title='bbox 1308 286 1374 336; x_wconf 88' lang='grc' dir='ltr'>δίς</span> <span class='ocrx_word' id='word_1_11' title='bbox 1400 302 1444 328; x_wconf 83' lang='grc' dir='ltr'>τε</span> <span class='ocrx_word' id='word_1_12' title='bbox 1503 296 1775 334; x_wconf 69' lang='lat' dir='ltr'>quatum-noricu-</span> 
     </span>
    </p>
   </div>
   <div class='ocr_carea' id='block_1_4' title="bbox 1501 331 1775 359">
    <p class='ocr_par' dir='ltr' id='par_1_4' title="bbox 1501 331 1775 359">
     <span class='ocr_line' id='line_1_4' title="bbox 1501 331 1775 359; baseline 0.015 -5"><span class='ocrx_word' id='word_1_13' title='bbox 1501 338 1578 355; x_wconf 74' lang='lat' dir='ltr'>fflum</span> <span class='ocrx_word' id='word_1_14' title='bbox 1600 331 1625 356; x_wconf 87' lang='lat' dir='ltr'>in</span> <span class='ocrx_word' id='word_1_15' title='bbox 1650 333 1775 359; x_wconf 52' lang='lat' dir='ltr'>:micam</span> 
     </span>
    </p>
   </div>
   <div class='ocr_carea' id='block_1_5' title="bbox 179 352 1774 417">
    <p class='ocr_par' dir='ltr' id='par_1_5' title="bbox 179 352 1774 417">
     <span class='ocr_line' id='line_1_5' title="bbox 179 352 1774 417; baseline -0.008 -8"><span class='ocrx_word' id='word_1_16' title='bbox 179 365 250 408; x_wconf 85' lang='grc' dir='ltr'>ἐπὶ</span> <span class='ocrx_word' id='word_1_17' title='bbox 285 362 457 417; x_wconf 82' lang='grc' dir='ltr'><strong><em>πολέμῳ</em></strong></span> <span class='ocrx_word' id='word_1_18' title='bbox 497 357 771 413; x_wconf 80' lang='grc' dir='ltr'><em>ἐσβαλόντες,</em></span> <span class='ocrx_word' id='word_1_19' title='bbox 814 355 888 399; x_wconf 86' lang='grc' dir='ltr'>καὶ</span> <span class='ocrx_word' id='word_1_20' title='bbox 935 356 1001 407; x_wconf 82' lang='grc' dir='ltr'>δὶς</span> <span class='ocrx_word' id='word_1_21' title='bbox 1040 352 1108 398; x_wconf 86' lang='grc' dir='ltr'>ἐπ’</span> <span class='ocrx_word' id='word_1_22' title='bbox 1161 352 1318 410; x_wconf 76' lang='grc' dir='ltr'><strong><em>ἀγαθῷ</em></strong></span> <span class='ocrx_word' id='word_1_23' title='bbox 1361 357 1444 396; x_wconf 89' lang='grc' dir='ltr'><strong><em>τοῦ</em></strong></span> <span class='ocrx_word' id='word_1_24' title='bbox 1503 364 1774 397; x_wconf 57' lang='grc' dir='ltr'>ωννάῑῐῑυιιυκῑιι-</span> 
     </span>
    </p>
   </div>
   <div class='ocr_carea' id='block_1_6' title="bbox 1503 396 1776 426">
    <p class='ocr_par' dir='ltr' id='par_1_6' title="bbox 1503 396 1776 426">
     <span class='ocr_line' id='line_1_6' title="bbox 1503 396 1776 426; baseline 0.018 -5"><span class='ocrx_word' id='word_1_25' title='bbox 1503 396 1540 421; x_wconf 85' lang='lat' dir='ltr'>dc</span> <span class='ocrx_word' id='word_1_26' title='bbox 1559 405 1577 422; x_wconf 75' lang='lat' dir='ltr'>a</span> <span class='ocrx_word' id='word_1_27' title='bbox 1594 397 1684 424; x_wconf 79' lang='lat' dir='ltr'>Codri</span> <span class='ocrx_word' id='word_1_28' title='bbox 1702 403 1776 426; x_wconf 70' lang='lat' dir='ltr'>tcm-</span> 
     </span>
    </p>
   </div>
   <div class='ocr_carea' id='block_1_7' title="bbox 151 421 1632 892">
    <p class='ocr_par' dir='ltr' id='par_1_7' title="bbox 151 421 1632 892">
     <span class='ocr_line' id='line_1_7' title="bbox 151 421 1632 487; baseline -0.008 -14"><span class='ocrx_word' id='word_1_29' title='bbox 151 431 374 487; x_wconf 69' lang='grc' dir='ltr'><strong><em>Ξπλήθεος</em></strong></span> <span class='ocrx_word' id='word_1_30' title='bbox 401 429 481 470; x_wconf 86' lang='grc' dir='ltr'><strong><em>τοῦ</em></strong></span> <span class='ocrx_word' id='word_1_31' title='bbox 507 426 769 482; x_wconf 82' lang='grc' dir='ltr'><strong><em>Ἀθηναίων·</em></strong></span> <span class='ocrx_word' id='word_1_32' title='bbox 800 427 978 479; x_wconf 81' lang='grc' dir='ltr'><strong><em>πρῶτον</em></strong></span> <span class='ocrx_word' id='word_1_33' title='bbox 1008 423 1108 478; x_wconf 75' lang='grc' dir='ltr'><strong><em>μὲν,</em></strong></span> <span class='ocrx_word' id='word_1_34' title='bbox 1155 421 1224 464; x_wconf 83' lang='grc' dir='ltr'>ὅτε</span> <span class='ocrx_word' id='word_1_35' title='bbox 1255 421 1327 464; x_wconf 87' lang='grc' dir='ltr'>καὶ</span> <span class='ocrx_word' id='word_1_36' title='bbox 1357 421 1445 463; x_wconf 88' lang='grc' dir='ltr'><strong><em>Μέ-</em></strong></span> <span class='ocrx_word' id='word_1_37' title='bbox 1503 430 1632 463; x_wconf 59' lang='lat' dir='ltr'>roribus·</span> 
     </span>
     <span class='ocr_line' id='line_1_8' title="bbox 179 488 1445 556; baseline -0.008 -16"><span class='ocrx_word' id='word_1_38' title='bbox 179 515 293 556; x_wconf 79' lang='grc' dir='ltr'><strong><em>γαρα</em></strong></span> <span class='ocrx_word' id='word_1_39' title='bbox 319 496 593 547; x_wconf 80' lang='grc' dir='ltr'><strong><em>κατοίκισαν,</em></strong></span> <span class='ocrx_word' id='word_1_40' title='bbox 626 488 755 544; x_wconf 78' lang='grc' dir='ltr'><strong><em>οὗτος</em></strong></span> <span class='ocrx_word' id='word_1_41' title='bbox 790 490 814 535; x_wconf 87' lang='grc' dir='ltr'><em>ὁ</em></span> <span class='ocrx_word' id='word_1_42' title='bbox 843 491 1023 545; x_wconf 82' lang='grc' dir='ltr'><strong><em>στόλος,</em></strong></span> <span class='ocrx_word' id='word_1_43' title='bbox 1066 489 1134 533; x_wconf 84' lang='grc' dir='ltr'>ἐπὶ</span> <span class='ocrx_word' id='word_1_44' title='bbox 1160 489 1344 543; x_wconf 83' lang='grc' dir='ltr'><em>Κόδρου</em></span> <span class='ocrx_word' id='word_1_45' title='bbox 1372 491 1445 542; x_wconf 79' lang='grc' dir='ltr'>βα-</span> 
     </span>
     <span class='ocr_line' id='line_1_9' title="bbox 181 555 1446 617; baseline -0.01 -6"><span class='ocrx_word' id='word_1_46' title='bbox 181 563 430 614; x_wconf 83' lang='grc' dir='ltr'><strong><em>σιλεύοντος</em></strong></span> <span class='ocrx_word' id='word_1_47' title='bbox 456 561 721 617; x_wconf 80' lang='grc' dir='ltr'><strong><em>Ἀθηναίων,</em></strong></span> <span class='ocrx_word' id='word_1_48' title='bbox 763 561 913 616; x_wconf 72' lang='grc' dir='ltr'><strong><em>ὀρθῶς</em></strong></span> <span class='ocrx_word' id='word_1_49' title='bbox 943 559 999 603; x_wconf 75' lang='grc' dir='ltr'>ἂν</span> <span class='ocrx_word' id='word_1_50' title='bbox 1036 558 1260 602; x_wconf 84' lang='grc' dir='ltr'><em>καλέοιτο·</em></span> <span class='ocrx_word' id='word_1_51' title='bbox 1305 555 1446 600; x_wconf 83' lang='grc' dir='ltr'><strong><em>δεύτε-</em></strong></span> 
     </span>
     <span class='ocr_line' id='line_1_10' title="bbox 180 624 1446 688; baseline -0.007 -13"><span class='ocrx_word' id='word_1_52' title='bbox 180 649 260 688; x_wconf 88' lang='grc' dir='ltr'>ρον</span> <span class='ocrx_word' id='word_1_53' title='bbox 298 631 343 675; x_wconf 77' lang='grc' dir='ltr'>δὲ</span> <span class='ocrx_word' id='word_1_54' title='bbox 374 630 444 673; x_wconf 83' lang='grc' dir='ltr'>καὶ</span> <span class='ocrx_word' id='word_1_55' title='bbox 477 632 645 684; x_wconf 88' lang='grc' dir='ltr'><strong><em>τρίτον,</em></strong></span> <span class='ocrx_word' id='word_1_56' title='bbox 687 630 757 674; x_wconf 86' lang='grc' dir='ltr'>ὅτε</span> <span class='ocrx_word' id='word_1_57' title='bbox 790 629 856 673; x_wconf 88' lang='grc' dir='ltr'>ἐπὶ</span> <span class='ocrx_word' id='word_1_58' title='bbox 887 626 1281 682; x_wconf 79' lang='grc' dir='ltr'><em>Πεισιστρατιδέων</em></span> <span class='ocrx_word' id='word_1_59' title='bbox 1313 624 1446 676; x_wconf 81' lang='grc' dir='ltr'><strong><em>ἐξέλα-</em></strong></span> 
     </span>
     <span class='ocr_line' id='line_1_11' title="bbox 176 692 1469 756; baseline -0.007 -13"><span class='ocrx_word' id='word_1_60' title='bbox 176 712 249 744; x_wconf 85' lang='grc' dir='ltr'>σιν</span> <span class='ocrx_word' id='word_1_61' title='bbox 282 697 545 756; x_wconf 80' lang='grc' dir='ltr'><strong><em>ὁρμηθέντες</em></strong></span> <span class='ocrx_word' id='word_1_62' title='bbox 575 698 622 742; x_wconf 89' lang='grc' dir='ltr'>ἐκ</span> <span class='ocrx_word' id='word_1_63' title='bbox 652 698 860 754; x_wconf 78' lang='grc' dir='ltr'><strong><em>Σπάρτης</em></strong></span> <span class='ocrx_word' id='word_1_64' title='bbox 890 696 1123 741; x_wconf 75' lang='grc' dir='ltr'><strong><em>ἀπίκοντο·</em></strong></span> <span class='ocrx_word' id='word_1_65' title='bbox 1163 694 1368 746; x_wconf 87' lang='grc' dir='ltr'><strong><em>τέταρτον</em></strong></span> <span class='ocrx_word' id='word_1_66' title='bbox 1399 692 1469 736; x_wconf 84' lang='grc' dir='ltr'>δὲ1</span> 
     </span>
     <span class='ocr_line' id='line_1_12' title="bbox 176 762 1446 822; baseline -0.007 -10"><span class='ocrx_word' id='word_1_67' title='bbox 176 766 291 820; x_wconf 87' lang='grc' dir='ltr'><strong><em>τότε,</em></strong></span> <span class='ocrx_word' id='word_1_68' title='bbox 320 766 390 812; x_wconf 85' lang='grc' dir='ltr'>ὅτε</span> <span class='ocrx_word' id='word_1_69' title='bbox 419 766 463 818; x_wconf 87' lang='grc' dir='ltr'>ἐς</span> <span class='ocrx_word' id='word_1_70' title='bbox 488 766 710 811; x_wconf 85' lang='grc' dir='ltr'><strong><em>Ἐλευσῖνα</em></strong></span> <span class='ocrx_word' id='word_1_71' title='bbox 740 765 988 822; x_wconf 80' lang='grc' dir='ltr'><strong><em>Κλεομένης</em></strong></span> <span class='ocrx_word' id='word_1_72' title='bbox 1020 762 1138 819; x_wconf 73' lang='grc' dir='ltr'><strong><em>ἄγων</em></strong></span> <span class='ocrx_word' id='word_1_73' title='bbox 1170 766 1446 817; x_wconf 86' lang='grc' dir='ltr'><strong><em>Πελοποννη-</em></strong></span> 
     </span>
     <span class='ocr_line' id='line_1_13' title="bbox 178 830 1446 892; baseline -0.01 -7"><span class='ocrx_word' id='word_1_74' title='bbox 178 838 302 887; x_wconf 75' lang='grc' dir='ltr'><strong><em>σίους</em></strong></span> <span class='ocrx_word' id='word_1_75' title='bbox 323 835 509 891; x_wconf 68' lang='grc' dir='ltr'><strong><em>ἐσέβαλε.</em></strong></span> <span class='ocrx_word' id='word_1_76' title='bbox 541 834 657 880; x_wconf 79' lang='grc' dir='ltr'><strong><em>οὕτω</em></strong></span> <span class='ocrx_word' id='word_1_77' title='bbox 678 836 885 892; x_wconf 86' lang='grc' dir='ltr'><strong><em>τέταρτον</em></strong></span> <span class='ocrx_word' id='word_1_78' title='bbox 904 834 998 878; x_wconf 89' lang='grc' dir='ltr'><strong><em>τότε</em></strong></span> <span class='ocrx_word' id='word_1_79' title='bbox 1018 832 1210 887; x_wconf 80' lang='grc' dir='ltr'><em>Δωριέες</em></span> <span class='ocrx_word' id='word_1_80' title='bbox 1239 830 1446 886; x_wconf 78' lang='grc' dir='ltr'><strong><em>ἐσέβαλον</em></strong></span> 
     </span>
    </p>
   </div>
   <div class='ocr_carea' id='block_1_8' title="bbox 178 903 446 961">
    <p class='ocr_par' dir='ltr' id='par_1_8' title="bbox 178 903 446 961">
     <span class='ocr_line' id='line_1_14' title="bbox 178 903 446 961; baseline -0.019 -11"><span class='ocrx_word' id='word_1_81' title='bbox 178 906 220 958; x_wconf 87' lang='grc' dir='ltr'>ἐς</span> <span class='ocrx_word' id='word_1_82' title='bbox 245 903 446 961; x_wconf 80' lang='grc' dir='ltr'><strong><em>Ἀθήνας.</em></strong></span> 
     </span>
    </p>
   </div>
   <div class='ocr_carea' id='block_1_9' title="bbox 1507 959 1779 987">
    <p class='ocr_par' dir='ltr' id='par_1_9' title="bbox 1507 959 1779 987">
     <span class='ocr_line' id='line_1_15' title="bbox 1507 959 1779 987; baseline 0.004 -1"><span class='ocrx_word' id='word_1_83' title='bbox 1507 959 1705 987; x_wconf 71' lang='lat' dir='ltr'><strong>Athenienses</strong></span> <span class='ocrx_word' id='word_1_84' title='bbox 1718 968 1779 987; x_wconf 83' lang='lat' dir='ltr'>me-</span> 
     </span>
    </p>
   </div>
   <div class='ocr_carea' id='block_1_10' title="bbox 254 965 1746 1027">
    <p class='ocr_par' dir='ltr' id='par_1_10' title="bbox 254 965 1746 1027">
     <span class='ocr_line' id='line_1_16' title="bbox 254 965 1746 1027; baseline 0.003 -10"><span class='ocrx_word' id='word_1_85' title='bbox 254 972 557 1025; x_wconf 84' lang='grc' dir='ltr'><strong><em>Διαλυθέντος</em></strong></span> <span class='ocrx_word' id='word_1_86' title='bbox 584 966 645 1016; x_wconf 76' lang='grc' dir='ltr'>ὧν</span> <span class='ocrx_word' id='word_1_87' title='bbox 673 976 754 1016; x_wconf 87' lang='grc' dir='ltr'><strong><em>τοῦ</em></strong></span> <span class='ocrx_word' id='word_1_88' title='bbox 784 969 942 1016; x_wconf 90' lang='grc' dir='ltr'><strong><em>στόλου</em></strong></span> <span class='ocrx_word' id='word_1_89' title='bbox 971 968 1135 1013; x_wconf 84' lang='grc' dir='ltr'><strong><em>τούτου</em></strong></span> <span class='ocrx_word' id='word_1_90' title='bbox 1165 965 1343 1019; x_wconf 74' lang='grc' dir='ltr'><strong><em>ἀκλεῶς,</em></strong></span> <span class='ocrx_word' id='word_1_91' title='bbox 1374 965 1474 1009; x_wconf 83' lang='grc' dir='ltr'><strong><em>ἐν-5</em></strong></span> <span class='ocrx_word' id='word_1_92' title='bbox 1505 998 1536 1021; x_wconf 59' lang='lat'>1..</span> <span class='ocrx_word' id='word_1_93' title='bbox 1557 994 1746 1027; x_wconf 66' lang='lat' dir='ltr'>m-10p0nne-</span> 
     </span>
    </p>
   </div>
   <div class='ocr_carea' id='block_1_11' title="bbox 1502 1027 1763 1061">
    <p class='ocr_par' dir='ltr' id='par_1_11' title="bbox 1502 1027 1763 1061">
     <span class='ocr_line' id='line_1_17' title="bbox 1502 1027 1763 1061; baseline -0.008 -6"><span class='ocrx_word' id='word_1_94' title='bbox 1502 1028 1614 1055; x_wconf 82' lang='lat' dir='ltr'>siorum</span> <span class='ocrx_word' id='word_1_95' title='bbox 1632 1027 1763 1061; x_wconf 78' lang='lat' dir='ltr'>liberati,</span> 
     </span>
    </p>
   </div>
   <div class='ocr_carea' id='block_1_12' title="bbox 171 1037 1722 1097">
    <p class='ocr_par' dir='ltr' id='par_1_12' title="bbox 171 1037 1722 1097">
     <span class='ocr_line' id='line_1_18' title="bbox 171 1037 1722 1097; baseline -0.007 -11"><span class='ocrx_word' id='word_1_96' title='bbox 171 1045 320 1087; x_wconf 76' lang='grc' dir='ltr'><strong><em>θαῦτα</em></strong></span> <span class='ocrx_word' id='word_1_97' title='bbox 335 1040 562 1097; x_wconf 75' lang='grc' dir='ltr'><strong><em>Ἀθηναῖοι</em></strong></span> <span class='ocrx_word' id='word_1_98' title='bbox 585 1042 821 1084; x_wconf 78' lang='grc' dir='ltr'><strong><em>τίννυσθαι</em></strong></span> <span class='ocrx_word' id='word_1_99' title='bbox 837 1037 1112 1096; x_wconf 90' lang='grc' dir='ltr'><strong><em>βουλόμενοι,</em></strong></span> <span class='ocrx_word' id='word_1_100' title='bbox 1142 1038 1293 1090; x_wconf 73' lang='grc' dir='ltr'><strong><em>πρῶτα</em></strong></span> <span class='ocrx_word' id='word_1_101' title='bbox 1312 1046 1446 1089; x_wconf 87' lang='grc' dir='ltr'><strong><em>στρα-</em></strong></span> <span class='ocrx_word' id='word_1_102' title='bbox 1504 1071 1521 1089; x_wconf 63' lang='lat' dir='ltr'>a</span> <span class='ocrx_word' id='word_1_103' title='bbox 1541 1062 1665 1089; x_wconf 38' lang='lat' dir='ltr'>„Qus</span> <span class='ocrx_word' id='word_1_104' title='bbox 1687 1070 1722 1088; x_wconf 56' lang='lat' dir='ltr'>ac</span> 
     </span>
    </p>
   </div>
   <div class='ocr_carea' id='block_1_13' title="bbox 1502 1096 1754 1123">
    <p class='ocr_par' dir='ltr' id='par_1_13' title="bbox 1502 1096 1754 1123">
     <span class='ocr_line' id='line_1_19' title="bbox 1502 1096 1754 1123; baseline -0.004 0"><span class='ocrx_word' id='word_1_105' title='bbox 1502 1096 1754 1123; x_wconf 62' lang='lat' dir='ltr'><strong>Chalcidensibus</strong></span> 
     </span>
    </p>
   </div>
   <div class='ocr_carea' id='block_1_14' title="bbox 173 1102 1722 1167">
    <p class='ocr_par' dir='ltr' id='par_1_14' title="bbox 173 1102 1722 1167">
     <span class='ocr_line' id='line_1_20' title="bbox 173 1102 1722 1167; baseline -0.005 -14"><span class='ocrx_word' id='word_1_106' title='bbox 173 1112 300 1166; x_wconf 86' lang='grc' dir='ltr'><strong><em>τηΐην</em></strong></span> <span class='ocrx_word' id='word_1_107' title='bbox 328 1112 556 1153; x_wconf 79' lang='grc' dir='ltr'>ποιεῦνται</span> <span class='ocrx_word' id='word_1_108' title='bbox 596 1108 664 1152; x_wconf 82' lang='grc' dir='ltr'>ἐπὶ</span> <span class='ocrx_word' id='word_1_109' title='bbox 708 1107 965 1158; x_wconf 83' lang='grc' dir='ltr'><strong><em>Χαλκιδέας·</em></strong></span> <span class='ocrx_word' id='word_1_110' title='bbox 1025 1104 1217 1149; x_wconf 85' lang='grc' dir='ltr'><strong><em>Βοιωτοὶ</em></strong></span> <span class='ocrx_word' id='word_1_111' title='bbox 1256 1102 1301 1145; x_wconf 78' lang='grc' dir='ltr'>δὲ</span> <span class='ocrx_word' id='word_1_112' title='bbox 1331 1107 1444 1146; x_wconf 86' lang='grc' dir='ltr'><strong><em>τοῖσι</em></strong></span> <span class='ocrx_word' id='word_1_113' title='bbox 1501 1139 1722 1167; x_wconf 48' lang='grc' dir='ltr'>ΡΜΜΗΕΡΘ,</span> 
     </span>
    </p>
   </div>
   <div class='ocr_carea' id='block_1_15' title="bbox 148 1171 1443 1234">
    <p class='ocr_par' dir='ltr' id='par_1_15' title="bbox 148 1171 1443 1234">
     <span class='ocr_line' id='line_1_21' title="bbox 148 1171 1443 1234; baseline -0.006 -15"><span class='ocrx_word' id='word_1_114' title='bbox 148 1186 171 1219; x_wconf 77' lang='lat'>2</span> <span class='ocrx_word' id='word_1_115' title='bbox 185 1180 448 1222; x_wconf 84' lang='grc' dir='ltr'><strong><em>Χαλκιδεῦσι</em></strong></span> <span class='ocrx_word' id='word_1_116' title='bbox 463 1175 705 1234; x_wconf 84' lang='grc' dir='ltr'><strong><em>βοηθέουσι</em></strong></span> <span class='ocrx_word' id='word_1_117' title='bbox 724 1177 793 1220; x_wconf 88' lang='grc' dir='ltr'>ἐπὶ</span> <span class='ocrx_word' id='word_1_118' title='bbox 816 1175 893 1219; x_wconf 86' lang='grc' dir='ltr'><strong><em>τὸν</em></strong></span> <span class='ocrx_word' id='word_1_119' title='bbox 917 1174 1133 1229; x_wconf 81' lang='grc' dir='ltr'><strong><em>Εὔριπον.</em></strong></span> <span class='ocrx_word' id='word_1_120' title='bbox 1169 1171 1443 1227; x_wconf 76' lang='grc' dir='ltr'><strong><em>Ἀθηναίοισι</em></strong></span> 
     </span>
    </p>
   </div>
   <div class='ocr_carea' id='block_1_16' title="bbox 1502 1168 1580 1195">
    <p class='ocr_par' dir='ltr' id='par_1_16' title="bbox 1502 1168 1580 1195">
     <span class='ocr_line' id='line_1_22' title="bbox 1502 1168 1580 1195; baseline -0.038 -3"><span class='ocrx_word' id='word_1_121' title='bbox 1502 1168 1580 1195; x_wconf 78' lang='lat' dir='ltr'>tunt,</span> 
     </span>
    </p>
   </div>
   <div class='ocr_carea' id='block_1_17' title="bbox 175 1242 1504 1440">
    <p class='ocr_par' dir='ltr' id='par_1_17' title="bbox 175 1242 1504 1440">
     <span class='ocr_line' id='line_1_23' title="bbox 177 1242 1446 1301; baseline -0.008 -11"><span class='ocrx_word' id='word_1_122' title='bbox 177 1247 224 1290; x_wconf 79' lang='grc' dir='ltr'>δὲ</span> <span class='ocrx_word' id='word_1_123' title='bbox 255 1249 401 1291; x_wconf 80' lang='grc' dir='ltr'><strong><em>ἰδοῦσι</em></strong></span> <span class='ocrx_word' id='word_1_124' title='bbox 430 1245 532 1296; x_wconf 79' lang='grc' dir='ltr'>τούς</span> <span class='ocrx_word' id='word_1_125' title='bbox 565 1245 764 1301; x_wconf 75' lang='grc' dir='ltr'><strong><em>βοηθούς</em></strong></span> <span class='ocrx_word' id='word_1_126' title='bbox 789 1245 908 1296; x_wconf 76' lang='grc' dir='ltr'><strong><em>ἔδοξε</em></strong></span> <span class='ocrx_word' id='word_1_127' title='bbox 936 1242 1153 1297; x_wconf 89' lang='grc' dir='ltr'><strong><em>πρότερον</em></strong></span> <span class='ocrx_word' id='word_1_128' title='bbox 1180 1244 1292 1282; x_wconf 89' lang='grc' dir='ltr'><strong><em>τοῖσι</em></strong></span> <span class='ocrx_word' id='word_1_129' title='bbox 1310 1242 1446 1281; x_wconf 78' lang='grc' dir='ltr'><strong><em>Βοιω-</em></strong></span> 
     </span>
     <span class='ocr_line' id='line_1_24' title="bbox 180 1306 1447 1370; baseline -0.007 -12"><span class='ocrx_word' id='word_1_130' title='bbox 180 1320 294 1359; x_wconf 84' lang='grc' dir='ltr'><strong><em>τοῖσι</em></strong></span> <span class='ocrx_word' id='word_1_131' title='bbox 323 1313 351 1370; x_wconf 73' lang='grc' dir='ltr'><strong><em>ἢ</em></strong></span> <span class='ocrx_word' id='word_1_132' title='bbox 380 1319 493 1357; x_wconf 85' lang='grc' dir='ltr'><strong><em>τοῖσι</em></strong></span> <span class='ocrx_word' id='word_1_133' title='bbox 521 1315 788 1356; x_wconf 80' lang='grc' dir='ltr'><strong><em>Χαλκιδεῦσι</em></strong></span> <span class='ocrx_word' id='word_1_134' title='bbox 825 1311 1092 1366; x_wconf 60' lang='grc' dir='ltr'><strong><em>ἐπιχειρέειν</em></strong></span> <span class='ocrx_word' id='word_1_135' title='bbox 1145 1306 1447 1363; x_wconf 77' lang='grc' dir='ltr'><strong><em>συμβάλλουσί</em></strong></span> 
     </span>
     <span class='ocr_line' id='line_1_25' title="bbox 175 1377 1504 1440; baseline -0.009 -13"><span class='ocrx_word' id='word_1_136' title='bbox 175 1399 220 1427; x_wconf 88' lang='grc' dir='ltr'>τε</span> <span class='ocrx_word' id='word_1_137' title='bbox 258 1383 311 1440; x_wconf 74' lang='grc' dir='ltr'>δή</span> <span class='ocrx_word' id='word_1_138' title='bbox 352 1387 466 1426; x_wconf 85' lang='grc' dir='ltr'><strong><em>τοῖσι</em></strong></span> <span class='ocrx_word' id='word_1_139' title='bbox 514 1385 749 1425; x_wconf 87' lang='grc' dir='ltr'><strong><em>Βοιωτοῖσι</em></strong></span> <span class='ocrx_word' id='word_1_140' title='bbox 799 1381 842 1423; x_wconf 82' lang='grc' dir='ltr'>οἱ</span> <span class='ocrx_word' id='word_1_141' title='bbox 880 1378 1128 1435; x_wconf 77' lang='grc' dir='ltr'><strong><em>Ἀθηναῖοι,</em></strong></span> <span class='ocrx_word' id='word_1_142' title='bbox 1177 1377 1250 1420; x_wconf 82' lang='grc' dir='ltr'>καὶ</span> <span class='ocrx_word' id='word_1_143' title='bbox 1297 1378 1446 1432; x_wconf 75' lang='grc' dir='ltr'><strong><em>πολλῷ</em></strong></span> <span class='ocrx_word' id='word_1_144' title='bbox 1461 1383 1504 1416; x_wconf 84' lang='lat'>10</span> 
     </span>
    </p>
   </div>
   <div class='ocr_carea' id='block_1_18' title="bbox 116 1557 786 2855">
    <p class='ocr_par' dir='ltr' id='par_1_18' title="bbox 116 1557 785 2403">
     <span class='ocr_line' id='line_1_26' title="bbox 119 1557 783 1606; baseline -0.002 -13"><span class='ocrx_word' id='word_1_145' title='bbox 119 1569 257 1593; x_wconf 83' lang='lat' dir='ltr'>narum</span> <span class='ocrx_word' id='word_1_146' title='bbox 306 1557 532 1593; x_wconf 80' lang='lat' dir='ltr'>Cleomenes</span> <span class='ocrx_word' id='word_1_147' title='bbox 581 1557 783 1606; x_wconf 76' lang='lat' dir='ltr'>occupavit</span> 
     </span>
     <span class='ocr_line' id='line_1_27' title="bbox 120 1612 781 1663; baseline 0.006 -14"><span class='ocrx_word' id='word_1_148' title='bbox 120 1614 230 1662; x_wconf 83' lang='lat'>[508</span> <span class='ocrx_word' id='word_1_149' title='bbox 262 1626 295 1650; x_wconf 81' lang='lat' dir='ltr'>a.</span> <span class='ocrx_word' id='word_1_150' title='bbox 326 1612 415 1651; x_wconf 83' lang='lat' dir='ltr'>chr.</span> <span class='ocrx_word' id='word_1_151' title='bbox 447 1614 531 1661; x_wconf 87' lang='lat' dir='ltr'>n.]:</span> <span class='ocrx_word' id='word_1_152' title='bbox 573 1613 683 1663; x_wconf 83' lang='lat' dir='ltr'>(cap.</span> <span class='ocrx_word' id='word_1_153' title='bbox 708 1613 781 1662; x_wconf 71' lang='lat'>72)</span> 
     </span>
     <span class='ocr_line' id='line_1_28' title="bbox 116 1669 783 1722; baseline -0.003 -15"><span class='ocrx_word' id='word_1_154' title='bbox 116 1669 183 1707; x_wconf 83' lang='lat' dir='ltr'>sed</span> <span class='ocrx_word' id='word_1_155' title='bbox 213 1672 397 1722; x_wconf 83' lang='lat' dir='ltr'>quoniam</span> <span class='ocrx_word' id='word_1_156' title='bbox 427 1671 608 1720; x_wconf 82' lang='lat' dir='ltr'>exiguam</span> <span class='ocrx_word' id='word_1_157' title='bbox 645 1669 783 1706; x_wconf 83' lang='lat' dir='ltr'>admo-</span> 
     </span>
     <span class='ocr_line' id='line_1_29' title="bbox 119 1726 782 1778; baseline -0.002 -15"><span class='ocrx_word' id='word_1_158' title='bbox 119 1726 214 1764; x_wconf 86' lang='lat' dir='ltr'>dum</span> <span class='ocrx_word' id='word_1_159' title='bbox 254 1740 417 1764; x_wconf 87' lang='lat' dir='ltr'>manum</span> <span class='ocrx_word' id='word_1_160' title='bbox 452 1727 555 1778; x_wconf 84' lang='lat' dir='ltr'>(cap.</span> <span class='ocrx_word' id='word_1_161' title='bbox 586 1728 659 1774; x_wconf 77' lang='lat'>72)</span> <span class='ocrx_word' id='word_1_162' title='bbox 689 1734 782 1764; x_wconf 80' lang='lat' dir='ltr'>tunc</span> 
     </span>
     <span class='ocr_line' id='line_1_30' title="bbox 117 1782 783 1830; baseline -0.002 -9"><span class='ocrx_word' id='word_1_163' title='bbox 117 1797 249 1821; x_wconf 88' lang='lat' dir='ltr'>secum</span> <span class='ocrx_word' id='word_1_164' title='bbox 277 1785 502 1824; x_wconf 73' lang='lat' dir='ltr'>Cleomenes</span> <span class='ocrx_word' id='word_1_165' title='bbox 543 1782 702 1830; x_wconf 84' lang='lat' dir='ltr'>habuit,</span> <span class='ocrx_word' id='word_1_166' title='bbox 745 1790 783 1820; x_wconf 89' lang='lat' dir='ltr'>et</span> 
     </span>
     <span class='ocr_line' id='line_1_31' title="bbox 118 1840 785 1893; baseline -0.001 -16"><span class='ocrx_word' id='word_1_167' title='bbox 118 1854 260 1893; x_wconf 86' lang='lat' dir='ltr'>paucos</span> <span class='ocrx_word' id='word_1_168' title='bbox 290 1848 375 1892; x_wconf 87' lang='lat' dir='ltr'>post</span> <span class='ocrx_word' id='word_1_169' title='bbox 396 1841 475 1879; x_wconf 86' lang='lat' dir='ltr'>dies</span> <span class='ocrx_word' id='word_1_170' title='bbox 504 1840 691 1877; x_wconf 78' lang='lat' dir='ltr'>excedere</span> <span class='ocrx_word' id='word_1_171' title='bbox 711 1841 785 1877; x_wconf 83' lang='lat' dir='ltr'>At-</span> 
     </span>
     <span class='ocr_line' id='line_1_32' title="bbox 119 1898 784 1945; baseline -0.002 -10"><span class='ocrx_word' id='word_1_172' title='bbox 119 1900 194 1935; x_wconf 78' lang='lat' dir='ltr'>tica</span> <span class='ocrx_word' id='word_1_173' title='bbox 232 1905 384 1935; x_wconf 78' lang='lat' dir='ltr'>coactus</span> <span class='ocrx_word' id='word_1_174' title='bbox 415 1904 492 1945; x_wconf 66' lang='grc' dir='ltr'><strong><em>θεῖς</em></strong></span> <span class='ocrx_word' id='word_1_175' title='bbox 542 1898 641 1934; x_wconf 85' lang='lat' dir='ltr'>illius</span> <span class='ocrx_word' id='word_1_176' title='bbox 679 1910 784 1934; x_wconf 86' lang='lat' dir='ltr'>nuno</span> 
     </span>
     <span class='ocr_line' id='line_1_33' title="bbox 120 1953 784 2006; baseline -0.003 -14"><span class='ocrx_word' id='word_1_177' title='bbox 120 1953 370 2006; x_wconf 80' lang='lat' dir='ltr'>expeditionis</span> <span class='ocrx_word' id='word_1_178' title='bbox 392 1953 608 1991; x_wconf 81' lang='lat' dir='ltr'>Herodotus</span> <span class='ocrx_word' id='word_1_179' title='bbox 625 1954 784 2005; x_wconf 85' lang='lat' dir='ltr'>(quem—</span> 
     </span>
     <span class='ocr_line' id='line_1_34' title="bbox 120 2011 782 2059; baseline -0.003 -10"><span class='ocrx_word' id='word_1_180' title='bbox 120 2011 332 2050; x_wconf 79' lang='lat' dir='ltr'><strong>admodum</strong></span> <span class='ocrx_word' id='word_1_181' title='bbox 354 2013 468 2049; x_wconf 81' lang='lat' dir='ltr'>etiam</span> <span class='ocrx_word' id='word_1_182' title='bbox 489 2012 695 2048; x_wconf 80' lang='lat' dir='ltr'>Pausanias</span> <span class='ocrx_word' id='word_1_183' title='bbox 716 2013 782 2059; x_wconf 85' lang='grc' dir='ltr'>ΙΙΙ,</span> 
     </span>
     <span class='ocr_line' id='line_1_35' title="bbox 119 2068 784 2119; baseline 0 -14"><span class='ocrx_word' id='word_1_184' title='bbox 119 2068 174 2119; x_wconf 84' lang='grc'>4)</span> <span class='ocrx_word' id='word_1_185' title='bbox 221 2071 408 2106; x_wconf 80' lang='lat' dir='ltr'>rationem</span> <span class='ocrx_word' id='word_1_186' title='bbox 455 2082 534 2105; x_wconf 88' lang='lat' dir='ltr'>non</span> <span class='ocrx_word' id='word_1_187' title='bbox 571 2068 709 2106; x_wconf 85' lang='lat' dir='ltr'>habet:</span> <span class='ocrx_word' id='word_1_188' title='bbox 750 2072 784 2105; x_wconf 80' lang='lat' dir='ltr'>et</span> 
     </span>
     <span class='ocr_line' id='line_1_36' title="bbox 121 2125 783 2177; baseline -0.002 -14"><span class='ocrx_word' id='word_1_189' title='bbox 121 2129 285 2177; x_wconf 83' lang='lat' dir='ltr'><em>quartam</em></span> <span class='ocrx_word' id='word_1_190' title='bbox 322 2126 549 2164; x_wconf 82' lang='lat' dir='ltr'>Dorz‘ensz&#39;um</span> <span class='ocrx_word' id='word_1_191' title='bbox 588 2125 783 2176; x_wconf 78' lang='lat' dir='ltr'>expeditio-</span> 
     </span>
     <span class='ocr_line' id='line_1_37' title="bbox 118 2183 782 2233; baseline -0.003 -13"><span class='ocrx_word' id='word_1_192' title='bbox 118 2196 194 2220; x_wconf 77' lang='lat' dir='ltr'>nem</span> <span class='ocrx_word' id='word_1_193' title='bbox 213 2185 250 2220; x_wconf 79' lang='lat' dir='ltr'>in</span> <span class='ocrx_word' id='word_1_194' title='bbox 264 2183 420 2221; x_wconf 77' lang='lat' dir='ltr'>Atticam</span> <span class='ocrx_word' id='word_1_195' title='bbox 439 2186 646 2233; x_wconf 79' lang='lat' dir='ltr'>susceptam,</span> <span class='ocrx_word' id='word_1_196' title='bbox 661 2183 782 2231; x_wconf 86' lang='lat' dir='ltr'>[anno</span> 
     </span>
     <span class='ocr_line' id='line_1_38' title="bbox 120 2239 783 2290; baseline -0.002 -14"><span class='ocrx_word' id='word_1_197' title='bbox 120 2240 200 2280; x_wconf 88' lang='lat'>507</span> <span class='ocrx_word' id='word_1_198' title='bbox 223 2252 257 2276; x_wconf 85' lang='lat' dir='ltr'>a.</span> <span class='ocrx_word' id='word_1_199' title='bbox 279 2239 369 2278; x_wconf 83' lang='lat' dir='ltr'>Chr.</span> <span class='ocrx_word' id='word_1_200' title='bbox 398 2242 464 2290; x_wconf 90' lang='lat' dir='ltr'>n.]</span> <span class='ocrx_word' id='word_1_201' title='bbox 507 2241 614 2275; x_wconf 85' lang='lat' dir='ltr'>illam</span> <span class='ocrx_word' id='word_1_202' title='bbox 640 2252 783 2275; x_wconf 87' lang='lat' dir='ltr'>mune-</span> 
     </span>
     <span class='ocr_line' id='line_1_39' title="bbox 120 2296 782 2348; baseline 0.002 -16"><span class='ocrx_word' id='word_1_203' title='bbox 120 2302 178 2332; x_wconf 86' lang='lat' dir='ltr'>rat</span> <span class='ocrx_word' id='word_1_204' title='bbox 206 2309 305 2348; x_wconf 82' lang='lat' dir='ltr'>quae</span> <span class='ocrx_word' id='word_1_205' title='bbox 330 2311 364 2334; x_wconf 89' lang='lat' dir='ltr'>c.</span> <span class='ocrx_word' id='word_1_206' title='bbox 394 2297 445 2338; x_wconf 84' lang='lat'>74</span> <span class='ocrx_word' id='word_1_207' title='bbox 469 2303 506 2333; x_wconf 85' lang='lat' dir='ltr'>et</span> <span class='ocrx_word' id='word_1_208' title='bbox 527 2296 579 2338; x_wconf 89' lang='lat'>75</span> <span class='ocrx_word' id='word_1_209' title='bbox 611 2297 782 2348; x_wconf 84' lang='lat' dir='ltr'>exposita</span> 
     </span>
     <span class='ocr_line' id='line_1_40' title="bbox 121 2353 640 2403; baseline -0.002 -13"><span class='ocrx_word' id='word_1_210' title='bbox 121 2353 216 2390; x_wconf 82' lang='lat' dir='ltr'>est.“</span> <span class='ocrx_word' id='word_1_211' title='bbox 250 2353 640 2403; x_wconf 71' lang='lat' dir='ltr'>Scleweiglzaeus.</span> 
     </span>
    </p>

    <p class='ocr_par' dir='ltr' id='par_1_19' title="bbox 119 2405 786 2855">
     <span class='ocr_line' id='line_1_41' title="bbox 119 2405 785 2464; baseline -0.003 -16"><span class='ocrx_word' id='word_1_212' title='bbox 119 2407 126 2422; x_wconf 92' lang='lat'><strong><em>‘</em></strong></span> <span class='ocrx_word' id='word_1_213' title='bbox 177 2407 241 2448; x_wconf 79' lang='grc' dir='ltr'>ἐπὶ</span> <span class='ocrx_word' id='word_1_214' title='bbox 267 2409 426 2464; x_wconf 82' lang='grc' dir='ltr'><strong><em>πολέμῳ</em></strong></span> <span class='ocrx_word' id='word_1_215' title='bbox 459 2405 720 2461; x_wconf 84' lang='grc' dir='ltr'><strong><em>ἐσβαλόντες]</em></strong></span> <span class='ocrx_word' id='word_1_216' title='bbox 760 2410 785 2447; x_wconf 87' lang='lat' dir='ltr'>i.</span> 
     </span>
     <span class='ocr_line' id='line_1_42' title="bbox 124 2467 786 2516; baseline 0.005 -16"><span class='ocrx_word' id='word_1_217' title='bbox 124 2477 157 2505; x_wconf 86' lang='lat' dir='ltr'>e.</span> <span class='ocrx_word' id='word_1_218' title='bbox 190 2467 314 2504; x_wconf 73' lang='lat' dir='ltr'>hostili</span> <span class='ocrx_word' id='word_1_219' title='bbox 348 2470 464 2504; x_wconf 76' lang='lat' dir='ltr'>animo</span> <span class='ocrx_word' id='word_1_220' title='bbox 487 2469 645 2516; x_wconf 79' lang='lat' dir='ltr'>ingressi</span> <span class='ocrx_word' id='word_1_221' title='bbox 669 2480 696 2503; x_wconf 92' lang='lat' dir='ltr'>s.</span> <span class='ocrx_word' id='word_1_222' title='bbox 719 2480 786 2516; x_wconf 84' lang='lat' dir='ltr'>quo</span> 
     </span>
     <span class='ocr_line' id='line_1_43' title="bbox 123 2521 784 2574; baseline 0.002 -16"><span class='ocrx_word' id='word_1_223' title='bbox 123 2521 246 2560; x_wconf 85' lang='lat' dir='ltr'>bellum</span> <span class='ocrx_word' id='word_1_224' title='bbox 268 2523 450 2574; x_wconf 78' lang='lat' dir='ltr'>inferrent.</span> <span class='ocrx_word' id='word_1_225' title='bbox 492 2524 598 2569; x_wconf 75' lang='lat' dir='ltr'>Quae</span> <span class='ocrx_word' id='word_1_226' title='bbox 618 2536 713 2560; x_wconf 87' lang='lat' dir='ltr'>mox</span> <span class='ocrx_word' id='word_1_227' title='bbox 725 2524 784 2559; x_wconf 91' lang='lat' dir='ltr'>le-</span> 
     </span>
     <span class='ocr_line' id='line_1_44' title="bbox 123 2575 784 2634; baseline 0.011 -21"><span class='ocrx_word' id='word_1_228' title='bbox 123 2585 289 2627; x_wconf 84' lang='lat' dir='ltr'>guntur:</span> <span class='ocrx_word' id='word_1_229' title='bbox 349 2576 422 2620; x_wconf 82' lang='grc' dir='ltr'>ἐπ’</span> <span class='ocrx_word' id='word_1_230' title='bbox 481 2575 666 2634; x_wconf 76' lang='grc' dir='ltr'><strong><em>α’γαθῷ</em></strong></span> <span class='ocrx_word' id='word_1_231' title='bbox 709 2582 784 2620; x_wconf 81' lang='grc' dir='ltr'><strong><em>τοῦ</em></strong></span> 
     </span>
     <span class='ocr_line' id='line_1_45' title="bbox 125 2634 783 2687; baseline 0.003 -17"><span class='ocrx_word' id='word_1_232' title='bbox 125 2634 248 2685; x_wconf 89' lang='lat' dir='ltr'>(quod</span> <span class='ocrx_word' id='word_1_233' title='bbox 267 2649 357 2673; x_wconf 90' lang='lat' dir='ltr'>cum</span> <span class='ocrx_word' id='word_1_234' title='bbox 377 2644 536 2674; x_wconf 82' lang='lat' dir='ltr'>recentt.</span> <span class='ocrx_word' id='word_1_235' title='bbox 557 2635 645 2673; x_wconf 77' lang='lat' dir='ltr'>edd,</span> <span class='ocrx_word' id='word_1_236' title='bbox 666 2650 783 2687; x_wconf 82' lang='lat' dir='ltr'>repo-</span> 
     </span>
     <span class='ocr_line' id='line_1_46' title="bbox 125 2688 784 2744; baseline 0.012 -19"><span class='ocrx_word' id='word_1_237' title='bbox 125 2691 267 2728; x_wconf 86' lang='lat' dir='ltr'>suimus</span> <span class='ocrx_word' id='word_1_238' title='bbox 306 2707 374 2744; x_wconf 86' lang='lat' dir='ltr'>pro</span> <span class='ocrx_word' id='word_1_239' title='bbox 424 2694 532 2742; x_wconf 78' lang='lat' dir='ltr'>w3v)</span> <span class='ocrx_word' id='word_1_240' title='bbox 603 2688 784 2744; x_wconf 72' lang='grc' dir='ltr'><strong><em>πλήθεος</em></strong></span> 
     </span>
     <span class='ocr_line' id='line_1_47' title="bbox 124 2741 783 2797; baseline 0.005 -12"><span class='ocrx_word' id='word_1_241' title='bbox 124 2741 370 2797; x_wconf 75' lang='grc' dir='ltr'><strong><em>Ἀθηναίων,</em></strong></span> <span class='ocrx_word' id='word_1_242' title='bbox 407 2752 560 2787; x_wconf 81' lang='lat' dir='ltr'>valent:</span> <span class='ocrx_word' id='word_1_243' title='bbox 617 2752 656 2787; x_wconf 80' lang='lat' dir='ltr'>in</span> <span class='ocrx_word' id='word_1_244' title='bbox 692 2762 783 2788; x_wconf 86' lang='lat' dir='ltr'>com-</span> 
     </span>
     <span class='ocr_line' id='line_1_48' title="bbox 126 2803 782 2855; baseline 0.005 -15"><span class='ocrx_word' id='word_1_245' title='bbox 126 2803 264 2841; x_wconf 80' lang='lat' dir='ltr'>modum</span> <span class='ocrx_word' id='word_1_246' title='bbox 300 2806 410 2855; x_wconf 81' lang='lat' dir='ltr'>plebis</span> <span class='ocrx_word' id='word_1_247' title='bbox 450 2807 713 2846; x_wconf 78' lang='lat' dir='ltr'>Atheniensium</span> <span class='ocrx_word' id='word_1_248' title='bbox 751 2820 782 2843; x_wconf 92' lang='lat' dir='ltr'>s.</span> 
     </span>
    </p>
   </div>
   <div class='ocr_carea' id='block_1_19' title="bbox 837 1551 1531 2857">
    <p class='ocr_par' dir='ltr' id='par_1_20' title="bbox 838 1551 1508 2169">
     <span class='ocr_line' id='line_1_49' title="bbox 840 1551 1507 1604; baseline -0.004 -14"><span class='ocrx_word' id='word_1_249' title='bbox 840 1552 1015 1590; x_wconf 73' lang='lat' dir='ltr'>commoda</span> <span class='ocrx_word' id='word_1_250' title='bbox 1040 1553 1137 1604; x_wconf 73' lang='lat' dir='ltr'>plebi</span> <span class='ocrx_word' id='word_1_251' title='bbox 1167 1553 1311 1588; x_wconf 73' lang='lat' dir='ltr'>Atticae</span> <span class='ocrx_word' id='word_1_252' title='bbox 1340 1551 1507 1588; x_wconf 77' lang='lat' dir='ltr'>allaturi.</span> 
     </span>
     <span class='ocr_line' id='line_1_50' title="bbox 838 1608 1506 1660; baseline -0.004 -13"><span class='ocrx_word' id='word_1_253' title='bbox 838 1611 914 1647; x_wconf 88' lang='lat' dir='ltr'>Ubi</span> <span class='ocrx_word' id='word_1_254' title='bbox 935 1623 1024 1647; x_wconf 86' lang='lat' dir='ltr'>cum</span> <span class='ocrx_word' id='word_1_255' title='bbox 1044 1612 1205 1660; x_wconf 71' lang='grc' dir='ltr'><strong><em>πλῆθος</em></strong></span> <span class='ocrx_word' id='word_1_256' title='bbox 1228 1608 1338 1655; x_wconf 75' lang='lat' dir='ltr'>dicit,</span> <span class='ocrx_word' id='word_1_257' title='bbox 1374 1608 1506 1658; x_wconf 79' lang='lat' dir='ltr'>plebem</span> 
     </span>
     <span class='ocr_line' id='line_1_51' title="bbox 838 1664 1505 1718; baseline -0.006 -14"><span class='ocrx_word' id='word_1_258' title='bbox 838 1669 1082 1718; x_wconf 80' lang='lat' dir='ltr'>potissimum</span> <span class='ocrx_word' id='word_1_259' title='bbox 1112 1668 1297 1716; x_wconf 74' lang='lat' dir='ltr'>respexit,</span> <span class='ocrx_word' id='word_1_260' title='bbox 1340 1664 1396 1701; x_wconf 88' lang='lat' dir='ltr'>his</span> <span class='ocrx_word' id='word_1_261' title='bbox 1417 1666 1505 1715; x_wconf 75' lang='lat' dir='ltr'>ipsis</span> 
     </span>
     <span class='ocr_line' id='line_1_52' title="bbox 840 1723 1505 1761; baseline -0.006 0"><span class='ocrx_word' id='word_1_262' title='bbox 840 1727 988 1761; x_wconf 89' lang='lat' dir='ltr'>Dorum</span> <span class='ocrx_word' id='word_1_263' title='bbox 1009 1725 1289 1761; x_wconf 85' lang='lat' dir='ltr'>incursionibus</span> <span class='ocrx_word' id='word_1_264' title='bbox 1318 1724 1358 1758; x_wconf 89' lang='lat' dir='ltr'>in</span> <span class='ocrx_word' id='word_1_265' title='bbox 1378 1723 1505 1758; x_wconf 81' lang='lat' dir='ltr'>maio-</span> 
     </span>
     <span class='ocr_line' id='line_1_53' title="bbox 840 1779 1504 1818; baseline -0.005 0"><span class='ocrx_word' id='word_1_266' title='bbox 840 1795 923 1818; x_wconf 88' lang='lat' dir='ltr'>rem</span> <span class='ocrx_word' id='word_1_267' title='bbox 980 1782 1196 1818; x_wconf 81' lang='lat' dir='ltr'>libertatem</span> <span class='ocrx_word' id='word_1_268' title='bbox 1257 1779 1504 1817; x_wconf 79' lang='lat' dir='ltr'>vindjcatam.</span> 
     </span>
     <span class='ocr_line' id='line_1_54' title="bbox 840 1835 1506 1889; baseline -0.005 -14"><span class='ocrx_word' id='word_1_269' title='bbox 840 1841 940 1875; x_wconf 88' lang='lat' dir='ltr'>Nam</span> <span class='ocrx_word' id='word_1_270' title='bbox 961 1841 1122 1889; x_wconf 77' lang='grc' dir='ltr'><strong><em>πλῆθος</em></strong></span> <span class='ocrx_word' id='word_1_271' title='bbox 1139 1835 1243 1873; x_wconf 89' lang='lat' dir='ltr'>haud</span> <span class='ocrx_word' id='word_1_272' title='bbox 1264 1849 1348 1873; x_wconf 83' lang='lat' dir='ltr'>raro</span> <span class='ocrx_word' id='word_1_273' title='bbox 1369 1837 1421 1873; x_wconf 85' lang='lat' dir='ltr'>sic</span> <span class='ocrx_word' id='word_1_274' title='bbox 1432 1849 1506 1886; x_wconf 93' lang='lat' dir='ltr'>po-</span> 
     </span>
     <span class='ocr_line' id='line_1_55' title="bbox 840 1890 1507 1946; baseline -0.001 -14"><span class='ocrx_word' id='word_1_275' title='bbox 840 1897 946 1932; x_wconf 81' lang='lat' dir='ltr'>nitur</span> <span class='ocrx_word' id='word_1_276' title='bbox 966 1894 1013 1932; x_wconf 89' lang='lat' dir='ltr'>de</span> <span class='ocrx_word' id='word_1_277' title='bbox 1029 1895 1148 1945; x_wconf 81' lang='lat' dir='ltr'>plebe,</span> <span class='ocrx_word' id='word_1_278' title='bbox 1181 1907 1279 1946; x_wconf 85' lang='lat' dir='ltr'>quae</span> <span class='ocrx_word' id='word_1_279' title='bbox 1310 1896 1394 1940; x_wconf 86' lang='grc' dir='ltr'><strong><em>τοῖς</em></strong></span> <span class='ocrx_word' id='word_1_280' title='bbox 1421 1890 1507 1932; x_wconf 74' lang='grc' dir='ltr'><strong><em>ὀλί-</em></strong></span> 
     </span>
     <span class='ocr_line' id='line_1_56' title="bbox 840 1951 1508 2004; baseline -0.007 -12"><span class='ocrx_word' id='word_1_281' title='bbox 840 1967 925 2004; x_wconf 79' lang='grc' dir='ltr'><strong><em>γοις</em></strong></span> <span class='ocrx_word' id='word_1_282' title='bbox 945 1953 1023 1989; x_wconf 82' lang='lat' dir='ltr'>sive</span> <span class='ocrx_word' id='word_1_283' title='bbox 1044 1952 1271 2001; x_wconf 77' lang='lat' dir='ltr'>optimatibus</span> <span class='ocrx_word' id='word_1_284' title='bbox 1288 1951 1508 2001; x_wconf 83' lang='lat' dir='ltr'>opponitur.</span> 
     </span>
     <span class='ocr_line' id='line_1_57' title="bbox 840 2006 1508 2046; baseline -0.003 -1"><span class='ocrx_word' id='word_1_285' title='bbox 840 2011 992 2046; x_wconf 86' lang='lat' dir='ltr'>Monuit</span> <span class='ocrx_word' id='word_1_286' title='bbox 1029 2006 1306 2045; x_wconf 84' lang='lat' dir='ltr'>Wachsmuth.</span> <span class='ocrx_word' id='word_1_287' title='bbox 1355 2008 1508 2044; x_wconf 85' lang='lat' dir='ltr'>Hellen.</span> 
     </span>
     <span class='ocr_line' id='line_1_58' title="bbox 840 2065 1505 2115; baseline -0.002 -13"><span class='ocrx_word' id='word_1_288' title='bbox 840 2065 1120 2103; x_wconf 84' lang='lat' dir='ltr'>Alterthumsk.</span> <span class='ocrx_word' id='word_1_289' title='bbox 1160 2067 1190 2113; x_wconf 90' lang='lat' dir='ltr'>I,</span> <span class='ocrx_word' id='word_1_290' title='bbox 1218 2069 1245 2106; x_wconf 80' lang='lat'>2</span> <span class='ocrx_word' id='word_1_291' title='bbox 1280 2077 1369 2115; x_wconf 80' lang='lat' dir='ltr'>pag.</span> <span class='ocrx_word' id='word_1_292' title='bbox 1413 2066 1505 2104; x_wconf 88' lang='lat'>101.</span> 
     </span>
     <span class='ocr_line' id='line_1_59' title="bbox 841 2122 1333 2169; baseline -0.006 -9"><span class='ocrx_word' id='word_1_293' title='bbox 841 2124 899 2160; x_wconf 91' lang='lat' dir='ltr'>Cf.</span> <span class='ocrx_word' id='word_1_294' title='bbox 922 2122 1064 2161; x_wconf 86' lang='lat' dir='ltr'>Herod.</span> <span class='ocrx_word' id='word_1_295' title='bbox 1087 2123 1152 2169; x_wconf 86' lang='lat'>111,</span> <span class='ocrx_word' id='word_1_296' title='bbox 1176 2124 1242 2162; x_wconf 84' lang='lat'>80.</span> <span class='ocrx_word' id='word_1_297' title='bbox 1267 2123 1333 2161; x_wconf 84' lang='lat'>81.</span> 
     </span>
    </p>

    <p class='ocr_par' dir='ltr' id='par_1_21' title="bbox 837 2177 1531 2857">
     <span class='ocr_line' id='line_1_60' title="bbox 896 2177 1506 2231; baseline -0.008 -12"><span class='ocrx_word' id='word_1_298' title='bbox 896 2177 961 2219; x_wconf 74' lang='grc' dir='ltr'>ὅτε</span> <span class='ocrx_word' id='word_1_299' title='bbox 974 2179 1041 2219; x_wconf 85' lang='grc' dir='ltr'>καὶ</span> <span class='ocrx_word' id='word_1_300' title='bbox 1054 2179 1226 2231; x_wconf 75' lang='grc' dir='ltr'><strong><em>Μέγαρα</em></strong></span> <span class='ocrx_word' id='word_1_301' title='bbox 1238 2177 1506 2226; x_wconf 79' lang='grc' dir='ltr'><strong><em>κατοίκισαν].</em></strong></span> 
     </span>
     <span class='ocr_line' id='line_1_61' title="bbox 840 2237 1506 2288; baseline -0.005 -14"><span class='ocrx_word' id='word_1_302' title='bbox 840 2238 969 2283; x_wconf 79' lang='lat' dir='ltr'>Quum</span> <span class='ocrx_word' id='word_1_303' title='bbox 999 2238 1270 2288; x_wconf 86' lang='lat' dir='ltr'>Peloponneso</span> <span class='ocrx_word' id='word_1_304' title='bbox 1291 2237 1506 2271; x_wconf 81' lang='lat' dir='ltr'>maximam</span> 
     </span>
     <span class='ocr_line' id='line_1_62' title="bbox 837 2293 1507 2346; baseline -0.004 -15"><span class='ocrx_word' id='word_1_305' title='bbox 837 2296 1107 2346; x_wconf 80' lang='lat' dir='ltr'>partemDores</span> <span class='ocrx_word' id='word_1_306' title='bbox 1117 2294 1226 2344; x_wconf 86' lang='lat' dir='ltr'>potiti</span> <span class='ocrx_word' id='word_1_307' title='bbox 1238 2300 1359 2330; x_wconf 83' lang='lat' dir='ltr'>essent</span> <span class='ocrx_word' id='word_1_308' title='bbox 1370 2293 1507 2330; x_wconf 87' lang='lat' dir='ltr'>simul-</span> 
     </span>
     <span class='ocr_line' id='line_1_63' title="bbox 840 2348 1509 2404; baseline -0.004 -16"><span class='ocrx_word' id='word_1_309' title='bbox 840 2365 917 2404; x_wconf 87' lang='lat' dir='ltr'>que</span> <span class='ocrx_word' id='word_1_310' title='bbox 930 2350 1170 2388; x_wconf 85' lang='lat' dir='ltr'>Athenarum</span> <span class='ocrx_word' id='word_1_311' title='bbox 1182 2357 1359 2401; x_wconf 82' lang='lat' dir='ltr'>potestas,</span> <span class='ocrx_word' id='word_1_312' title='bbox 1390 2348 1509 2386; x_wconf 85' lang='lat' dir='ltr'>adve-</span> 
     </span>
     <span class='ocr_line' id='line_1_64' title="bbox 843 2405 1507 2460; baseline -0.005 -15"><span class='ocrx_word' id='word_1_313' title='bbox 843 2410 902 2446; x_wconf 90' lang='lat' dir='ltr'>nis</span> <span class='ocrx_word' id='word_1_314' title='bbox 923 2408 1096 2460; x_wconf 86' lang='lat' dir='ltr'>undique</span> <span class='ocrx_word' id='word_1_315' title='bbox 1118 2408 1372 2454; x_wconf 84' lang='lat' dir='ltr'>affluentibus,</span> <span class='ocrx_word' id='word_1_316' title='bbox 1393 2405 1507 2443; x_wconf 83' lang='lat' dir='ltr'>valde</span> 
     </span>
     <span class='ocr_line' id='line_1_65' title="bbox 843 2466 1506 2513; baseline -0.006 -10"><span class='ocrx_word' id='word_1_317' title='bbox 843 2473 938 2503; x_wconf 84' lang='lat' dir='ltr'>esset</span> <span class='ocrx_word' id='word_1_318' title='bbox 955 2473 1077 2513; x_wconf 83' lang='lat' dir='ltr'>aucta,</span> <span class='ocrx_word' id='word_1_319' title='bbox 1090 2466 1236 2502; x_wconf 89' lang='lat' dir='ltr'>bellum</span> <span class='ocrx_word' id='word_1_320' title='bbox 1249 2471 1426 2500; x_wconf 81' lang='lat' dir='ltr'>exortum</span> <span class='ocrx_word' id='word_1_321' title='bbox 1439 2470 1506 2510; x_wconf 85' lang='lat' dir='ltr'>est,</span> 
     </span>
     <span class='ocr_line' id='line_1_66' title="bbox 840 2522 1531 2575; baseline -0.004 -17"><span class='ocrx_word' id='word_1_322' title='bbox 840 2523 880 2559; x_wconf 85' lang='lat' dir='ltr'>in</span> <span class='ocrx_word' id='word_1_323' title='bbox 903 2536 979 2575; x_wconf 78' lang='lat' dir='ltr'>quo</span> <span class='ocrx_word' id='word_1_324' title='bbox 990 2524 1109 2560; x_wconf 89' lang='lat' dir='ltr'>Dores</span> <span class='ocrx_word' id='word_1_325' title='bbox 1121 2522 1394 2572; x_wconf 87' lang='lat' dir='ltr'>Peloponnesii</span> <span class='ocrx_word' id='word_1_326' title='bbox 1410 2533 1505 2557; x_wconf 82' lang='lat' dir='ltr'>con-</span> <span class='ocrx_word' id='word_1_327' title='bbox 1528 2550 1531 2555; x_wconf 79' lang='grc'><strong><em>,</em></strong></span> 
     </span>
     <span class='ocr_line' id='line_1_67' title="bbox 840 2579 1504 2623; baseline -0.008 -6"><span class='ocrx_word' id='word_1_328' title='bbox 840 2581 976 2617; x_wconf 84' lang='lat' dir='ltr'>iunctis</span> <span class='ocrx_word' id='word_1_329' title='bbox 997 2581 1111 2616; x_wconf 86' lang='lat' dir='ltr'>armis</span> <span class='ocrx_word' id='word_1_330' title='bbox 1131 2581 1303 2616; x_wconf 85' lang='lat' dir='ltr'>invasere</span> <span class='ocrx_word' id='word_1_331' title='bbox 1322 2579 1504 2623; x_wconf 79' lang='lat' dir='ltr'>Atticam,</span> 
     </span>
     <span class='ocr_line' id='line_1_68' title="bbox 840 2634 1505 2689; baseline -0.009 -15"><span class='ocrx_word' id='word_1_332' title='bbox 840 2650 939 2689; x_wconf 87' lang='lat' dir='ltr'>quae</span> <span class='ocrx_word' id='word_1_333' title='bbox 959 2650 1038 2674; x_wconf 89' lang='lat' dir='ltr'>non</span> <span class='ocrx_word' id='word_1_334' title='bbox 1059 2637 1130 2673; x_wconf 89' lang='lat' dir='ltr'>nisi</span> <span class='ocrx_word' id='word_1_335' title='bbox 1151 2635 1267 2672; x_wconf 85' lang='lat' dir='ltr'>Codri</span> <span class='ocrx_word' id='word_1_336' title='bbox 1301 2634 1505 2671; x_wconf 79' lang='lat' dir='ltr'>devotione</span> 
     </span>
     <span class='ocr_line' id='line_1_69' title="bbox 839 2693 1504 2742; baseline -0.011 -11"><span class='ocrx_word' id='word_1_337' title='bbox 839 2701 985 2731; x_wconf 83' lang='lat' dir='ltr'>servata</span> <span class='ocrx_word' id='word_1_338' title='bbox 1007 2701 1074 2742; x_wconf 80' lang='lat' dir='ltr'>est,</span> <span class='ocrx_word' id='word_1_339' title='bbox 1100 2695 1151 2730; x_wconf 82' lang='lat' dir='ltr'>ita</span> <span class='ocrx_word' id='word_1_340' title='bbox 1172 2700 1215 2729; x_wconf 91' lang='lat' dir='ltr'>ut</span> <span class='ocrx_word' id='word_1_341' title='bbox 1233 2693 1353 2728; x_wconf 89' lang='lat' dir='ltr'>Dores</span> <span class='ocrx_word' id='word_1_342' title='bbox 1374 2702 1504 2739; x_wconf 80' lang='lat' dir='ltr'>regre—</span> 
     </span>
     <span class='ocr_line' id='line_1_70' title="bbox 841 2747 1505 2801; baseline -0.011 -14"><span class='ocrx_word' id='word_1_343' title='bbox 841 2749 1021 2788; x_wconf 85' lang='lat' dir='ltr'>derentur</span> <span class='ocrx_word' id='word_1_344' title='bbox 1050 2763 1245 2801; x_wconf 85' lang='lat' dir='ltr'>unamque</span> <span class='ocrx_word' id='word_1_345' title='bbox 1273 2748 1342 2785; x_wconf 88' lang='lat' dir='ltr'>sibi</span> <span class='ocrx_word' id='word_1_346' title='bbox 1362 2747 1505 2782; x_wconf 85' lang='lat' dir='ltr'>retine-</span> 
     </span>
     <span class='ocr_line' id='line_1_71' title="bbox 841 2802 1505 2857; baseline -0.009 -14"><span class='ocrx_word' id='word_1_347' title='bbox 841 2815 924 2844; x_wconf 84' lang='lat' dir='ltr'>rent</span> <span class='ocrx_word' id='word_1_348' title='bbox 952 2809 1172 2856; x_wconf 84' lang='lat' dir='ltr'>Megaram,</span> <span class='ocrx_word' id='word_1_349' title='bbox 1221 2817 1320 2857; x_wconf 88' lang='lat' dir='ltr'>quae</span> <span class='ocrx_word' id='word_1_350' title='bbox 1351 2802 1505 2839; x_wconf 80' lang='lat' dir='ltr'>mutatis</span> 
     </span>
    </p>
   </div>
  </div>
 </body>
</html>
