1897 3340
654 218 952 256 ERATO.
1011 218 1083 255 VI.
1415 227 1498 265 363

236 331 438 385 γενεέων,
471 329 635 384 ἐγένετο
665 326 781 370 πλέω
820 325 934 369 κακοὶ
974 331 1027 384 τῇ
1061 325 1229 370 Ἑλλάδι
1266 328 1294 383 ἢ
1333 329 1400 372 ἐπὶ
1440 332 1498 373 εἴ·

236 410 334 441 κοσι
362 398 490 447 ἄλλας
519 393 666 450 γενεάς
694 393 772 445 τὰς
800 394 885 448 πρὸ
916 396 1113 447 Δαρείου
1141 396 1403 449 γενομένας·
1444 396 1554 440 τοὲ15

236 466 326 521 μὲν,
357 464 442 508 ἀπὸ
471 467 558 506 τῶν
590 461 797 514 Περσέων
828 461 939 519 αὐτῇ
968 463 1204 519 γενόμενα,
1235 462 1286 507 τὰ
1319 465 1384 515 δὲ,
1417 464 1497 508 ἀπ’

235 532 381 576 αὐτῶν
409 535 497 574 τῶν
526 532 789 586 κορυφαίων
799 563 810 583 ,

853 532 951 585 περὶ
988 535 1063 587 τῆς
1093 528 1226 587 ἀρχῆς
1264 532 1499 587 πολεμεόν-

208 604 340 643 4των.
390 597 502 641 οὕτω
534 594 665 640 οὐδὲν
702 592 758 654 ἦν
802 596 940 649 ἀεικὲς
975 603 1212 656 κινηθῆναι
1243 603 1414 655 Δῆλον,
1445 601 1494 644 τό

232 669 335 721 πρὶν
378 666 538 709 ἐοῦσαν
579 665 797 721 ἀκίνητον,
838 667 911 710 καὶ
941 666 987 709 ἐν
1017 667 1195 723 χρησμῷ
1225 662 1281 722 ἦν
1311 685 1496 725 γεγραμ-

233 736 366 790 μένον
394 734 489 787 περὶ
517 733 652 790 αὐτῆς
681 729 785 777 ὦδε·

394 811 544 857 Κινήσω
566 813 628 848 καὶ
652 815 796 858 Δῆλον,
822 812 999 859 ἀκίνητόν
1023 825 1091 858 περ
1115 813 1262 849 ἐοῦσαν.
1507 819 1552 851 20

175 1009 223 1048 de
260 1007 373 1048 huius
413 1013 581 1050 nominis
611 1014 758 1049 ratione
790 1027 832 1051 ac

173 1073 357 1120 potestate
410 1070 658 1120 proferemus.
735 1070 834 1107 Cae-

173 1133 297 1162 terum
331 1129 484 1177 egregie
504 1127 630 1165 valere
650 1125 753 1164 hunc
773 1128 833 1165 lo—

173 1195 264 1220 cum
294 1183 343 1220 ad
362 1182 540 1221 historiae
571 1184 617 1220 ab
637 1183 833 1222 Herodoto

172 1242 407 1292 conscriptae
426 1248 597 1292 tempora
619 1239 834 1279 definienda

172 1310 289 1335 nemo
304 1310 384 1334 non
402 1297 518 1336 videt.
576 1298 753 1349 Namque
774 1305 832 1336 et—

172 1356 251 1392 iam
278 1355 367 1391 belli
386 1356 701 1406 Peloponnesiaci
730 1356 832 1392 mala

173 1419 212 1449 et
232 1412 461 1449 calamitates
480 1411 543 1450 hic
554 1410 724 1460 indicari,
741 1413 830 1448 nul-

172 1469 254 1505 lum
280 1467 453 1507 dubium.
513 1469 571 1506 Cf.
595 1467 828 1506 Dahhnann.

170 1527 211 1563 in
232 1524 461 1592 Herodot.p
465 1524 562 1566 .42.
585 1547 637 1553 —-
667 1528 827 1593 Inseqq.

172 1581 261 1622 dedi
290 1576 353 1621 ἄπ’
374 1540 508 1621 αὕτΡῶν
544 1582 630 1634 (pro
652 1577 828 1636 αυτέων)

168 1654 252 1680 των
280 1639 528 1692 κορυφαίων.
586 1640 687 1677 Sunt
715 1651 828 1677 vero:

172 1696 214 1736 οἵ
245 1701 464 1748 κορυφαῖοι
512 1697 612 1734 cives
664 1698 833 1747 primarii

168 1755 340 1805 principes
360 1755 400 1790 in
420 1753 576 1803 singulis
604 1754 828 1802 civitatibus,

170 1817 213 1847 ut
239 1811 398 1857 V1,23,
427 1811 495 1847 ubi
513 1808 591 1850 vid.

230 1862 349 1906 οἰδὲν
374 1868 427 1917 ἠν
451 1862 607 1915 αἐικὲς]
655 1867 680 1902 i.
708 1880 742 1906 e.
775 1868 829 1903 ita

171 1924 262 1961 mhi!
290 1926 415 1961 mirum
440 1926 540 1969 erat,
587 1936 655 1960 non
685 1926 829 1973 praeter

170 1984 338 2018 rationem
364 1979 827 2025 acczdebat.00uf.111‚

171 2040 236 2078 33.
284 2036 396 2083 Quod
425 2038 593 2089 sequitur
624 2032 826 2087 ἀκίνητον,

170 2096 345 2131 ammotam
364 2092 506 2131 iudicat
525 2094 711 2141 insulam,
742 2094 768 2131 i.
791 2107 826 2130 e.

168 2151 406 2189 nulloterrae
449 2157 560 2188 motu
600 2163 826 2202 conquassa-

169 2214 249 2244 tam
263 2237 272 2255 ,
301 2208 371 2244 nisi
392 2206 464 2245 hac
483 2221 599 2256 voce,
618 2220 715 2259 quae
738 2220 826 2244 ora-

168 2265 246 2302 culi
264 2266 304 2301 in
334 2277 445 2301 versu
472 2264 598 2301 denuo
620 2265 825 2313 invenitur,

169 2321 282 2357 simul
310 2320 358 2356 ad
378 2334 464 2358 eam
491 2320 736 2358 traditionem
762 2335 825 2357 re-

169 2378 261 2427 spici
293 2384 422 2428 putes,
463 2377 565 2429 quod
584 2379 706 2415 insula
733 2379 826 2415 olim

170 2445 291 2483 vaga,
323 2431 411 2469 dein
431 2433 601 2471 consedit
619 2448 651 2472 s.
671 2430 823 2487 ἐστήρι-

170 2504 270 2527 κται.
325 2490 383 2525 De
405 2501 480 2541 quo
496 2491 597 2527 conf.
614 2491 823 2528 Gottleber.

172 2545 220 2582 ad
246 2544 467 2597 Thucydid.
504 2547 552 2593 II,
595 2548 635 2587 8.
709 2547 824 2599 Apud

171 2601 409 2640 Herodotum
436 2605 637 2640 κινεῖσθαι
665 2604 731 2639 vix
751 2603 826 2640 dif-

172 2658 241 2695 fert
273 2671 294 2695 a
327 2661 550 2709 σεισθῆναι,
589 2661 700 2696 terrae
734 2663 827 2697 ’azotu

172 2718 318 2752 concuti.

230 2767 396 2821 Κινήσω
420 2770 482 2809 καὶ
516 2773 651 2821 Δῆλον
669 2785 748 2809 κ.τ.
770 2774 823 2821 λ,]

173 2827 332 2863 versum
343 2825 455 2864 habet
475 2825 645 2864 Eustath.
662 2826 709 2864 ad
730 2829 825 2865 Dio-

889 1024 972 1063 uyS.
995 1011 1092 1052 525.
1150 1012 1274 1058 Ouem
1294 1011 1461 1049 eundem
1473 1026 1550 1050 una

890 1081 979 1105 cum
992 1068 1115 1106 verbis
1127 1068 1458 1107 antecedentibus:
1481 1069 1551 1109 καὶ

890 1124 933 1164 ἐν
967 1128 1134 1193 χρησμῷ
1166 1141 1229 1176 ,ην
1278 1124 1550 1180 γεγραμμένον

889 1180 981 1233 πεοὶ
1013 1177 1138 1232 αὐτῆς
1173 1178 1251 1222 ώὸε
1280 1197 1348 1234 pro
1369 1185 1548 1234 suspectis

889 1237 1022 1277 habuit
1040 1240 1330 1291 VVesselingius,
1362 1253 1478 1292 quem
1487 1254 1548 1277 se-

890 1303 998 1333 cutus
1024 1295 1207 1334 Matthiae
1234 1299 1342 1335 uncis
1370 1296 1466 1334 haec
1486 1299 1548 1334 in—

889 1354 1021 1401 clusit,
1053 1355 1189 1406 quibus
1211 1367 1282 1404 ego
1301 1353 1426 1392 denuo
1449 1355 1548 1391 libe-

888 1411 987 1459 ravi,
1043 1424 1133 1447 cum
1180 1412 1286 1448 nulla
1324 1412 1547 1462 suspicionis

888 1479 1000 1504 causa
1019 1468 1116 1504 iusta
1134 1467 1230 1504 mihi
1259 1476 1469 1519 appareret.
1490 1490 1547 1496 ——-

887 1522 999 1569 Quod
1027 1537 1117 1561 vero
1147 1524 1250 1576 apud
1270 1524 1448 1562 historiae
1476 1538 1547 1576 pa-

887 1587 985 1617 trem
1006 1582 1169 1630 oracula,
1190 1583 1547 1633 portenta,somnIa,

887 1638 961 1674 alia
988 1636 1029 1674 id
1048 1650 1187 1689 genus,
1220 1652 1319 1691 quae
1341 1640 1378 1676 T
1381 1637 1547 1690 hucydi-

888 1693 953 1732 des
982 1695 1044 1732 vel
1076 1708 1228 1747 prorsus
1256 1697 1374 1733 tacuit
1401 1697 1463 1733 vel
1483 1709 1547 1733 ra—

886 1752 964 1789 rius
993 1758 1093 1789 certe
1136 1751 1329 1800 adhibuit,
1368 1751 1546 1790 historiae

885 1808 1070 1858 gravitate
1089 1808 1249 1860 indigna
1272 1810 1363 1846 talia
1383 1823 1462 1846 esse
1482 1822 1546 1846 ra-

887 1871 961 1914 tus,
982 1865 1217 1917 frequentius
1234 1879 1545 1913 commemoran-

884 1929 969 1969 tur,
999 1920 1039 1958 id
1061 1922 1257 1960 Herodoto
1280 1925 1370 1960 vitio
1399 1931 1546 1961 vertere

884 1979 1064 2016 noltunus
1093 1992 1222 2031 neque
1258 1981 1431 2031 scriptori
1459 1979 1547 2017 ‹lili-

883 2037 1105 2086 gentissimo
1125 2043 1240 2089 atque
1252 2039 1466 2074 cautissimo
1479 2050 1546 2074 su—

882 2094 1111 2143 perstitionis
1151 2093 1429 2131 credulitatisve
1470 2107 1544 2130 no·-

882 2156 962 2186 tam
982 2151 1154 2188 inurere:
1177 2149 1217 2188 id
1247 2150 1352 2202 quod
1371 2151 1545 2188 fecerunt

883 2207 1136 2260 alii.Na1nque
1145 2214 1187 2244 ut
1199 2206 1392 2245 diversum
1402 2209 1545 2245 utrius-

883 2276 959 2315 que
992 2265 1183 2316 scriptoris
1213 2272 1362 2302 taceam
1391 2266 1431 2301 in
1448 2278 1544 2302 con-

881 2320 1080 2358 scribenda
1128 2320 1284 2358 historia
1340 2322 1541 2359 consilium

880 2376 1062 2430 idemque
1074 2379 1273 2429 ingenium
1283 2379 1452 2415 maxime
1465 2378 1542 2415 dis-

880 2447 949 2485 par
969 2434 1036 2482 (de
1056 2448 1133 2487 quo
1153 2436 1262 2486 plura
1290 2436 1371 2486 ipse
1402 2437 1541 2473 excitat

880 2490 1106 2541 Valcken.),
1136 2491 1352 2530 Herodotus
1379 2505 1449 2544 pro
1481 2505 1536 2539 ea,

881 2560 979 2600 quae
997 2550 1112 2586 totius
1133 2551 1256 2600 operis
1276 2550 1348 2586 fuit
1372 2562 1537 2595 summa,

883 2618 1000 2656 quam
1026 2607 1196 2642 maxime
1224 2619 1376 2643 necesse
1405 2604 1538 2642 habuit

882 2662 970 2698 talia
1000 2662 1161 2710 referre,
1193 2676 1213 2698 e
1243 2664 1378 2714 quibus
1410 2663 1537 2712 aliquo

882 2724 982 2754 certe
1000 2718 1118 2756 modo
1147 2718 1267 2755 divini
1293 2719 1461 2755 numinis
1491 2716 1539 2752 ad

882 2786 1016 2811 omnes
1033 2788 1090 2812 res
1111 2774 1296 2812 humanas
1317 2776 1374 2812 vis
1394 2773 1539 2824 perspi-

881 2838 1037 2867 ceretur.
