1897 3340
240 400 305 444 53

363 221 421 261 8ss

765 222 1227 259 HERODoTl

363 330 460 383 μῶν
486 329 698 371 τοσαῦταί
735 331 817 372 εἰσι
856 330 901 372 ἐκ
931 331 1139 382 Σαρδίων
1177 330 1220 380 ἐς
1250 332 1406 372 Σοῦσα
1445 326 1623 384 ἀναβαί-

363 411 468 438 110νῖ
471 412 499 438 l.

560 398 615 438 El
644 397 690 438 δὲ
721 395 868 450 ὀρθῶς
897 397 1154 453 μεμέτρηται
1183 396 1210 452 ἡ
1241 396 1391 452 6δόςὴ
1419 399 1622 453 βασιληΐη

367 467 481 506 τοῖσι
502 462 832 519 παρασάγγῃσι,
864 464 937 507 καὶ
958 463 980 507 ὁ
1002 465 1282 519 παρασάγγης
1302 463 1485 507 δύναται
1508 462 1621 519 τριή-

365 547 500 574 κοντα
528 527 706 579 στάδια,
750 530 894 587 ὥσπερ
937 526 1067 582 οὗτός
1095 547 1143 586 γε
1173 531 1359 574 δύναται
1387 534 1544 581 ταῦτα,
1576 529 1623 573 ἐκ

366 598 574 651 Σαρδίων
603 595 758 640 στάδιά
786 597 875 640 ἐστι
916 596 959 647 ἐς
994 594 1048 640 vii
1079 599 1282 654 βασιλήϊα
1309 598 1361 642 τὰ
1391 596 1623 652 Μεμνόνια

365 663 630 717 καλεόμενα,
681 662 945 707 πεντακόσια
995 665 1070 717 ικαὶ
1108 667 1317 720 τρισχίλια
1361 666 1435 709 καὶ
1473 663 1679 719 μύρια,45

365 728 684 785 παρασαγγέων
713 730 874 775 ἐόντων
912 729 1180 786 πεντήκοντα
1213 733 1288 775 καὶ
1315 733 1619 787 τετρακοσίων.

336 795 635 849 Ξπεντήκοντα
665 798 710 841 δὲ
749 799 822 842 καὶ
866 797 1019 842 ἑκατὸν
1055 798 1210 842 στάδια
1239 797 1308 842 ἐπ’
1351 798 1486 856 ἡμέρῃ
1521 799 1622 844 ἑκά-

365 876 444 921 στῃ
475 866 703 919 διεξιοῦσι,
745 864 1080 922 ἀναισιμοῦνται
1119 865 1276 922 ἡμέραι
1310 865 1470 922 ἀπαρτὶ
1508 868 1621 911 ἐννε-

309 1052 389 1075 ren.
404 1037 534 1076 Ideen.
554 1040 583 1086 Ι,
607 1041 630 1079 3
648 1051 736 1090 pag.
757 1037 864 1086 402,
893 1037 964 1077 ad—

309 1094 384 1131 huc
405 1108 496 1132 sane
518 1094 667 1132 definiri
699 1102 886 1147 nequeat,
925 1097 965 1132 in

308 1152 475 1188 numeris
508 1152 664 1202 siugulis
698 1151 965 1202 computandis

307 1221 403 1244 num
425 1209 506 1258 ipse
534 1206 748 1244 Herodotus
776 1208 888 1245 suerit
909 1210 966 1245 la—

307 1277 408 1314 psus,
423 1277 472 1300 an
487 1265 728 1301 librariorum
745 1265 878 1315 culpae
892 1263 966 1301 hoc

308 1319 555 1357 tribuendum
565 1321 624 1360 sit.
653 1319 764 1365 Quod
771 1333 862 1358 vero
876 1319 966 1357 huie

310 1375 475 1413 defectui
502 1378 555 1414 ita
583 1377 751 1413 succurri
770 1389 879 1427 posse
890 1390 966 1428 pu-

309 1439 392 1470 tant
404 1462 413 1480 ‚
443 1440 486 1469 ut
501 1463 510 1481 ‚
530 1434 597 1470 ubi
617 1432 830 1470 Herodotus
850 1446 967 1470 man-

309 1490 433 1526 siones
453 1490 493 1525 in
511 1491 769 1526 Matieuonun
786 1489 884 1526 terr-22
902 1491 966 1526 ‘m-

310 1543 435 1592 dicat,
477 1546 663 1582 nonnulla
695 1544 877 1582 excidisse
897 1559 964 1582 su-

309 1614 482 1649 mamus,
527 1603 580 1639 sic
611 1602 690 1638 sere
726 1601 962 1652 supplenda:

312 1657 487 1708 σταθμοί
542 1657 618 1697 εἰσι
660 1655 835 1708 τέσσερες
875 1656 964 1697 καὶ

311 1709 550 1765 τριήκοντα,
615 1725 873 1779 παρασαγγαι
922 1711 964 1752 δὲ

311 1767 408 1808 ἒπτα
439 1768 507 1808 καὶ
534 1765 747 1820 τριήκοντα
778 1769 846 1809 καὶ
871 1769 965 1809 ἕκα-

310 1841 401 1873 τον,
449 1832 490 1861 ut
531 1827 612 1863 scil.
642 1825 897 1864 stathmorum
929 1833 966 1863 et

310 1894 607 1932 parasaugarum
660 1895 843 1919 numerus
901 1896 966 1919 ro—

311 1937 493 1974 tundetur
553 1938 681 1990 (quae
732 1940 803 1976 fuit
852 1941 967 1976 etiam

311 1996 369 2030 De
400 1995 435 2030 la
465 1995 603 2041 Barre,
657 1996 757 2032 Galli
789 1994 890 2032 docti
927 1997 966 2031 in

311 2049 431 2087 Acad.
453 2049 500 2086 de
514 2051 686 2102 Inscript.
708 2052 759 2089 T.
773 2053 858 2088 VIII
877 2064 966 2102 pag.

311 2105 392 2146 343
413 2107 644 2155 sententia);
674 2115 773 2144 recte
795 2109 967 2144 observat

312 2161 545 2210 Lare-herus,
586 2161 657 2199 hac
687 2165 831 2200 ratione
869 2166 967 2201 ultra

308 2218 469 2256 modum
487 2221 702 2270 promoveri
712 2221 966 2257 Mulie-norum

313 2275 417 2311 fines.
475 2277 609 2327 Itaque
635 2277 717 2312 sine
747 2276 857 2313 codd.
880 2291 965 2328 ope,

311 2344 428 2382 quain
450 2330 573 2368 adhuc
592 2340 867 2383 exspectamus,
900 2335 965 2370 vix

311 2386 523 2439 quidquam
553 2389 689 2425 melius
723 2391 836 2426 statui
856 2403 964 2440 posse

310 2442 476 2480 cimedam
515 2446 767 2482 Manneilol.
797 2460 909 2497 supra
939 2447 964 2483 l.

311 2507 398 2536 ante
431 2501 545 2537 ve1ba
575 2500 617 2539 ἐκ
648 2498 691 2539 δὲ
720 2498 865 2552 ταύτης
894 2505 965 2552 τῆς

309 2551 511 2608 Ἀρμενίης
542 2557 678 2594 lacuna
721 2565 866 2595 exstaie
905 2561 962 2595 vi—

311 2611 432 2650 detur.

470 2702 472 2704 ,
530 2669 623 2720 Cap.
645 2670 744 2706 LIII.

365 2757 433 2797 καὶ
463 2755 484 2797 ὁ
517 2754 773 2810 παρασάγγης
795 2755 965 2797 δύναται

313 2810 521 2866 τριήκοντα
541 2812 709 2864 στάδια]
743 2817 874 2863 Attigit
898 2816 963 2852 ista

1020 1038 1159 1077 codicis
1195 1039 1359 1076 Palatini
1390 1039 1564 1077 librarius
1579 1069 1590 1088 ,
1630 1039 1678 1078 de

1021 1109 1097 1148 quo
1118 1095 1194 1134 vid.
1217 1095 1264 1133 ad
1295 1097 1439 1133 calcem
1467 1096 1679 1134 Commen-

1021 1160 1103 1190 tatt.
1125 1152 1324 1190 Herodott.
1338 1153 1516 1189 Creuzeri
1531 1167 1569 1205 p.
1582 1152 1678 1194 434.

1021 1208 1084 1246 Ad
1104 1210 1225 1260 ipsam
1245 1222 1327 1245 rem
1347 1209 1450 1246 conf.
1477 1210 1524 1256 ΙΙ,
1565 1212 1590 1249 6
1612 1210 1679 1248 fin.

1022 1266 1115 1316 ibiq.
1135 1272 1232 1302 nott.
1255 1272 1291 1302 et
1312 1264 1399 1302 add.
1412 1266 1602 1302 Mannert.
1614 1267 1641 1302 l.
1652 1267 1679 1303 1.

1021 1323 1039 1358 I
1060 1334 1147 1371 pag.
1168 1322 1264 1362 209.
1320 1320 1384 1357 Ad
1402 1322 1519 1358 verba
1549 1317 1679 1373 ὥσπερ

1023 1374 1144 1424 οὗτός
1172 1392 1216 1429 γε
1244 1377 1347 1415 conf.
1375 1376 1514 1415 Matth.
1535 1378 1602 1415 Gr.
1614 1379 1676 1416 Gr.

1020 1447 1110 1486 pag.
1136 1434 1256 1474 1288.

1077 1497 1124 1539 τοὶ
1174 1495 1392 1551 Μεμνόνια
1433 1496 1683 1551 καλεόμενα]

1023 1552 1240 1607 Μεμνόνια
1254 1570 1273 1592 e
1285 1557 1505 1594 Florentino
1518 1570 1561 1593 ac
1579 1556 1679 1594 ‹luo-

1020 1613 1090 1649 bus
1121 1613 1200 1648 aliis
1230 1612 1318 1649 dedi
1345 1614 1463 1650 libris.
1519 1615 1683 1652 wesse-

1021 1669 1160 1718 lingius
1181 1668 1354 1706 exhibuit
1367 1664 1617 1720 Μεμνόνεια,
1639 1677 1682 1707 ut

1024 1724 1126 1776 apud
1157 1724 1338 1763 Strabon.
1358 1726 1430 1762 XV
1450 1738 1526 1777 pag
1546 1728 1628 1767 728
1649 1741 1681 1764 5.

1027 1781 1132 1822 1058
1155 1781 1197 1818 C.
1229 1781 1324 1831 (nbi
1342 1780 1371 1831 ἦ
1390 1778 1433 1821 δ’
1463 1778 1682 1832 οἷκρόπολις

1022 1837 1195 1876 ἐκαλεῖτο
1221 1834 1493 1890 Μεμνόνειον)
1528 1845 1565 1875 et
1584 1840 1680 1876 Dio-

1023 1892 1105 1930 dor.
1125 1895 1172 1939 11,
1194 1898 1261 1935 22,
1282 1896 1446 1932 Pausan.
1466 1895 1529 1942 JV,
1552 1897 1618 1942 31,
1640 1894 1681 1936 5.

1022 1950 1124 1986 Infra
1158 1951 1203 1997 V,
1228 1951 1280 1992 54
1309 1965 1406 1988 unus
1439 1952 1679 1990 Florentinus

1027 2002 1286 2055 Ιηεμνόνειον
1302 2035 1315 2051 ,
1345 2009 1481 2059 reliqui
1501 2007 1577 2045 duo
1588 2011 1679 2047 Με-

1026 2060 1206 2112 μνόνιον.
1265 2065 1330 2100 Tu
1352 2064 1452 2101 cons.
1475 2065 1617 2103 lacobs.
1631 2064 1680 2102 ad

1023 2120 1170 2157 Aeliam.
1203 2120 1249 2155 N.
1283 2121 1330 2157 Λ.
1367 2122 1472 2167 xm,
1497 2122 1560 2161 18.
1616 2121 1680 2159 Ad

1024 2183 1294 2224 argumentum
1322 2177 1370 2214 cf.
1393 2177 1535 2217 Herod.
1557 2178 1601 2224 V,
1623 2177 1676 2219 54

1024 2239 1059 2268 et
1082 2245 1178 2282 quae
1189 2232 1235 2268 ad
1250 2235 1313 2280 ΙΙΙ,
1327 2236 1377 2273 68
1389 2235 1676 2280 annotavimus3

1025 2289 1161 2339 quibus
1192 2288 1279 2325 add.
1313 2290 1470 2327 Diodor.
1491 2291 1516 2327 l.
1538 2291 1578 2337 l.‚
1611 2291 1676 2327 ubi

1025 2345 1253 2395 W'esseling.
1275 2347 1437 2383 aliorum
1458 2347 1609 2397 collegit
1618 2354 1677 2384 te-

1021 2401 1218 2448 stimonia,
1249 2409 1286 2439 et
1316 2405 1478 2440 Heeren.
1508 2402 1626 2440 Ideen
1646 2405 1675 2451 I,

1027 2460 1041 2496 1
1068 2471 1141 2507 pag
1164 2461 1257 2499 302.

1076 2530 1135 2574 ἐπ’
1155 2534 1282 2589 ἡμέρῃ
1304 2533 1449 2591 ἑκάστῃ
1463 2538 1671 2586 διεξιοῦσι]

1020 2593 1044 2627 i.
1067 2605 1100 2628 e.
1132 2593 1283 2641 singulis
1305 2593 1437 2636 diebus,
1467 2607 1676 2643 unaquaque

1022 2648 1100 2694 die,
1129 2650 1325 2698 conficiunt.
1363 2650 1434 2685 Ubi
1457 2648 1572 2685 dativi
1594 2658 1676 2700 post

1022 2706 1341 2754 praepositionem
1361 2705 1425 2744 ἐπὶ
1445 2705 1604 2743 adhibiti
1622 2708 1675 2744 si—

1023 2761 1111 2795 mile
1143 2763 1363 2811 exemplum
1398 2775 1474 2798 non
1496 2765 1674 2814 suppetit.

1023 2816 1267 2865 Namdiss‘ert,
1289 2820 1445 2869 opinor,
1468 2819 1572 2871 quod
1592 2834 1629 2858 v.
1640 2833 1674 2858 o.

1678 729 1759 769 398
