1897 3340
407 219 491 259 44⁰
804 219 1264 256 HERODOTI

378 325 539 380 9,,τέρα
566 326 644 369 τὸν
678 324 794 381 ἐμόν.
848 327 1005 380 Ὡρᾶτε
1035 327 1114 382 μέν
1131 343 1214 369 νυν
1248 325 1322 369 καὶ
1351 331 1541 381 Δαρεῖον
1570 326 1667 371 ἰθύ-

405 409 541 445 ,,οντα
573 391 886 446 στρατεύεσθαι
915 394 984 436 ἐπὶ
1015 395 1118 444 τοὺς
1149 393 1314 448 ἄνδρας
1345 393 1543 445 τούτους.
1575 393 1665 438 ἀλλ’
1725 398 1807 440 510
1853 373 1856 409 ²

405 459 458 513 „6
489 461 568 515 μὲν
596 460 877 516 τετελεύτηκε,
897 462 970 505 καὶ
1001 461 1082 505 οὐκ
1113 460 1321 516 ἐξεγένετό
1355 463 1398 504 οἱ
1425 462 1668 517 τιμωρήσα-

403 533 558 580 ,,σθαι·
588 527 670 582 ἐγώ
702 527 747 570 δὲ
776 527 884 583 ὑπέρ
902 545 946 571 τε
976 530 1143 572 ἐκείνου
1173 528 1244 571 καὶ
1275 531 1362 570 τῶν
1382 528 1524 573 ἄλλων
1556 535 1667 584 Περ-

404 594 542 647 ,,σέων
574 593 628 637 οὐ
658 594 874 647 πρότερον
904 595 1147 650 παύσομαι,
1189 596 1294 649 πρὶν
1332 595 1361 651 ἢ
1405 596 1488 641 ἕλω
1520 614 1565 641 τε
1595 599 1723 641 καὶ45

402 661 622 714 ,,πυρώσω
660 661 737 711 τοὶς
770 660 976 716 Ἀθήνας·

1025 664 1071 705 οἴ
1105 679 1152 718 γε
1183 662 1251 719 ἐμὲ
1289 663 1362 705 καὶ
1395 665 1561 717 πατέρα
1589 665 1669 708 τόν

350 727 543 781 10,,έμο“ν
578 727 778 783 ὑπῆρξαν
822 727 954 772 ἄδικα
985 733 1221 779 ποιεῦντες.
1281 734 1432 784 πρώτα
1475 734 1576 787 μὲν,
1622 733 1666 784 ἐς

407 794 600 848 ,,Σοὶρδις
637 794 837 846 ἐλθόντες
875 795 965 851 ἅμα
1014 794 1297 853 Ἀρισταγόρῃ
1336 802 1397 854 τῷ
1447 802 1662 858 Μιλησίῳ,
1699 845 1701 847 ,

406 863 578 919 ,,δούλῳ
618 863 664 906 δὲ
702 862 916 922 ἡμετέρῳ,
955 860 1210 919 ἀπικόμενοι
1249 863 1493 921 ἐνέπρησαν
1530 867 1583 911 τά
1620 884 1666 912 τε

351 1057 606 1095 consulendus
628 1057 676 1095 ad
696 1072 807 1096 voces
833 1056 900 1098 τὸν
917 1057 1010 1109 ε’μὸν

349 1115 390 1151 'm
410 1115 584 1164 proxime
613 1128 718 1166 seqq.
778 1115 889 1161 Quod
918 1129 1009 1153 vero

348 1168 390 1208 h.
411 1172 437 1207 l.
458 1172 605 1208 Xerxes
624 1172 776 1208 ultionis
806 1185 917 1209 causa
939 1186 1010 1209 ex-

348 1226 586 1278 peditionem
605 1241 645 1264 se
665 1229 855 1279 suscipere
877 1230 927 1265 ait
940 1259 949 1276 ‚
969 1228 1009 1266 id

338 1285 478 1335 *statuit
525 1283 783 1322 Hoffmeister.
823 1286 863 1321 in
898 1286 1008 1333 libro,

350 1341 417 1391 qui
427 1342 640 1383 inscribitur
653 1354 662 1378 ε
676 1340 1010 1392 sittlich-religiose

348 1397 646 1434 Lebeusansicht
668 1397 704 1436 d.
728 1398 910 1439 Herodot,
924 1412 1008 1449 pag.

351 1455 445 1501 127,
468 1466 516 1489 ex
537 1453 721 1491 Herodoti
741 1457 863 1505 potius
875 1454 1011 1492 doctri-

349 1522 401 1545 na
421 1510 573 1546 fluxisse
602 1510 649 1547 de
671 1524 798 1547 rerum
818 1510 1011 1548 humana-

350 1579 436 1602 rum
457 1567 548 1602 orbe
569 1580 612 1603 ac
632 1567 909 1614 vicissitudiue3
949 1570 1010 1604 cuj

349 1635 440 1659 saue
456 1620 549 1659 haec
570 1623 845 1672 concederem,
870 1626 941 1660 nisi
962 1638 1011 1661 ex

350 1679 590 1715 orientalium
606 1678 809 1716 hominum
820 1693 862 1717 ac
875 1693 1011 1731 regum

348 1736 569 1785 praesertim
598 1735 727 1772 indole
759 1749 802 1774 ac
822 1737 919 1774 fastu
941 1736 1011 1773 ad-

350 1804 473 1842 eoque
520 1793 694 1842 superbia
732 1791 827 1830 haec
865 1794 1010 1830 facilius

351 1849 471 1898 repeti
490 1855 603 1900 atque
624 1849 803 1899 explicari
813 1862 921 1900 posse
936 1863 1011 1900 pu-

350 1911 486 1941 tarem.
543 1905 593 1941 Et
622 1905 752 1942 confer
782 1919 934 1958 quoque
965 1907 1010 1954 V,

355 1960 433 2001 105
455 1959 502 1997 de
513 1961 618 1997 Darii
638 1963 767 1999 auimo
787 1965 883 2000 irato
895 1963 1012 2000 ultio-

350 2029 518 2068 nemque
538 2025 703 2068 petente.

408 2069 580 2112 ἰθύοντα
599 2070 901 2140 στρατεύεσθαι]
916 2075 1011 2112 Dio-

350 2129 479 2179 nysius
506 2129 630 2166 reddit
669 2127 1011 2190 προθυμούμενον

351 2182 651 2234 στρατεύεσθαι.
682 2174 851 2222 xerbum
875 2183 1012 2225 ἰθύειν

351 2239 454 2290 apud
507 2241 746 2278 Herodotum
793 2243 1012 2292 simpliciter

351 2297 451 2332 valet
472 2298 672 2345 instituere,
704 2300 922 2345 constituere,
937 2311 1011 2348 pa-

350 2364 442 2390 rare.
503 2353 560 2389 Cf.
591 2354 654 2398 lv,
679 2356 757 2394 122
779 2361 814 2390 et
845 2352 1011 2404 Hesych-

351 2409 387 2444 11
417 2420 504 2458 pag.
544 2410 597 2448 33
627 2404 757 2448 ἰθύει·
811 2409 1011 2460 βούλεται,

351 2463 523 2534 ἐφορμᾷξ
545 2463 716 2515 φέρεται.

409 2516 483 2559 ov'n
504 2518 695 2571 ἐξεγένετό
723 2519 788 2569 οἷ]
821 2521 930 2559 Cous.
953 2522 1010 2557 al-

351 2576 426 2614 lata
448 2575 496 2613 ad
516 2577 656 2624 x11,4
687 2576 747 2613 Ad
769 2578 882 2614 verba
904 2591 1009 2629 susq.

351 2628 526 2682 πυρώσω
551 2631 618 2678 τοὶς
644 2628 828 2683 Ἀθηνᾶς
853 2636 903 2670 W
910 2648 1010 2671 esse-

352 2690 430 2736 liug
421 2690 492 2725 ius
520 2690 666 2726 confert
695 2689 877 2726 Herodot.
912 2692 1009 2737 xm,

358 2748 435 2786 102
465 2753 502 2782 et
534 2744 706 2782 Eustath.
728 2746 775 2782 ad
797 2747 838 2782 ΙΙ.
856 2761 893 2796 p.
919 2750 1009 2794 706,

354 2803 408 2842 22
428 2816 457 2839 s.
479 2802 572 2851 594,
595 2802 632 2850 5,
667 2804 732 2854 qui
761 2809 931 2840 nostrum
951 2804 1011 2841 Ιο-

1066 1073 1156 1097 cum
1186 1067 1223 1098 et
1257 1059 1519 1111 Sophocleum
1549 1062 1590 1097 iu
1611 1063 1726 1099 Anti-

1065 1130 1156 1167 gon.
1167 1118 1249 1157 290
1261 1124 1420 1167 tangens
1432 1120 1613 1167 πυρῶσαι
1622 1118 1726 1155 idem

1064 1175 1190 1212 valere
1211 1180 1318 1210 notat
1337 1180 1450 1225 atque
1481 1173 1681 1225 ἐμπρῆσαι
1699 1177 1727 1213 i.

1065 1243 1100 1270 e.
1138 1230 1330 1267 incendere.
1395 1231 1479 1274 Quo
1507 1232 1588 1282 ipso
1610 1232 1726 1269 verbo

1065 1299 1159 1323 mox
1177 1288 1311 1323 Noster
1330 1287 1460 1324 utitur.

1125 1342 1167 1382 οἵ
1179 1357 1221 1394 γε
1232 1365 1287 1370 —
1298 1339 1481 1394 ὑπῆρξαν
1495 1339 1615 1382 ἄδικα
1633 1358 1726 1383 ποι-

1068 1399 1232 1447 εῦντες]
1295 1398 1337 1437 οἵ
1382 1413 1424 1452 γε
1453 1398 1503 1436 ad
1541 1395 1727 1450 Ἀθήνας

1067 1462 1222 1506 spectat,
1261 1454 1459 1503 structura,
1491 1454 1539 1492 ad
1569 1469 1725 1493 sensum

1069 1525 1186 1563 quam
1205 1519 1355 1558 vocant,
1377 1511 1481 1548 haud
1500 1512 1661 1559 insolita,
1678 1512 1726 1549 de

1069 1568 1144 1620 quit
1178 1568 1287 1618 plura
1317 1567 1420 1605 dabit
1447 1570 1493 1607 G.
1516 1570 1724 1609 Hermann.

1067 1624 1115 1661 ad
1136 1625 1263 1673 Viget.
1287 1637 1374 1674 pag.
1397 1624 1491 1665 714.
1527 1624 1590 1662 Ad
1610 1627 1725 1662 verba

1065 1679 1250 1730 ’ὑπῆρξαν
1266 1682 1471 1727 ποιεῦντες
1492 1681 1593 1718 conf.
1613 1682 1676 1729 IV,
1700 1686 1720 1722 1

1067 1743 1103 1773 et
1126 1736 1174 1773 ad
1192 1738 1328 1784 πρώτα
1348 1733 1487 1786 μὲν-
1503 1734 1666 1791 δεύτερα
1682 1735 1726 1778 δὲ

1067 1800 1163 1830 nott.
1189 1792 1237 1828 ad
1257 1794 1285 1839 I,
1307 1792 1402 1833 204.

1124 1844 1362 1899 ἀπικόμενοι
1379 1847 1601 1899 ἐνέπρησαν
1620 1846 1669 1888 τά
1685 1865 1726 1890 τε

1069 1902 1188 1944 ἄλσεα
1221 1903 1290 1944 καὶ
1311 1901 1357 1943 τοὶ
1378 1901 1463 1957 ἱρά]
1498 1906 1597 1942 Cum
1617 1913 1727 1944 aute·-

1068 1961 1178 1999 cedat
1214 1957 1419 2009 ἕλθόντες,
1459 1962 1637 2000 Pauwius
1657 1976 1727 2014 pro

1069 2014 1304 2068 ἀπικόμενοι
1327 2019 1502 2055 substitui
1530 2019 1612 2056 vult
1639 2017 1728 2058 ἅδι-

1067 2071 1231 2125 κόμενοι
1261 2073 1351 2122 (vel
1372 2075 1494 2124 potius
1517 2069 1727 2124 ἀδικεόμε-

1068 2131 1162 2178 νοι)
1179 2159 1188 2176 ,
1242 2128 1417 2166 Reiskius
1457 2125 1725 2184 ἄπισταμένῳ.

1068 2185 1180 2231 Quod
1208 2192 1387 2221 neutrum
1417 2183 1505 2222 huic
1526 2187 1612 2254 loco,
1631 2200 1727 2224 con-

1069 2243 1194 2288 veuit,
1224 2243 1264 2277 in
1294 2254 1370 2292 quo
1400 2243 1559 2278 verbum
1586 2239 1727 2283 οἷπικο·

1068 2312 1178 2347 μενοι
1198 2299 1285 2334 satis
1304 2304 1430 2334 tuetur
1439 2300 1643 2337 verbositas
1663 2301 1727 2337 illa

1067 2354 1105 2389 in
1128 2353 1311 2390 Herodoti
1330 2355 1447 2391 Musis
1468 2356 1633 2393 crebrius
1654 2357 1727 2393 ob·-

1069 2411 1142 2455 via,
1173 2417 1210 2446 et
1237 2411 1436 2460 peculiaris
1463 2412 1525 2448 ille
1547 2412 1725 2450 Herodo-

1069 2474 1151 2503 teae
1173 2468 1350 2503 orationis
1362 2468 1466 2503 color
1482 2475 1595 2520 atque
1616 2467 1728 2506 habi-

1069 2530 1142 2559 tus.
1214 2524 1298 2560 Non
1339 2536 1488 2573 prorsus
1538 2527 1726 2575 congruit,

1067 2581 1223 2629 opinor,
1255 2579 1360 2631 quod
1379 2581 1608 2631 Wesseliug.
1631 2595 1727 2619 con—

1067 2636 1137 2672 fert
1158 2637 1221 2683 vl,
1243 2638 1307 2683 30,
1337 2636 1402 2672 ubi
1434 2634 1541 2687 ἄχθη
1581 2633 1726 2690 οἶγόμε-

1067 2707 1149 2738 νος.
1209 2693 1273 2728 Tu
1302 2692 1377 2729 vid.
1407 2692 1458 2729 ibi
1478 2700 1619 2730 notata.
1677 2694 1727 2731 Ut

1068 2748 1116 2785 nd
1137 2755 1307 2785 nostrum
1328 2750 1456 2785 locum
1477 2748 1644 2798 redeam,
1670 2751 1725 2787 lu-

1068 2818 1122 2842 cos
1144 2811 1294 2842 tantum
1315 2818 1359 2842 ao
1380 2806 1506 2856 templa
1535 2804 1596 2844 hic
1617 2818 1725 2844 com-

1864 1671 1866 1693 ,ἶ
1864 1647 1865 1661 ᾼ
1863 1588 1865 1634 ᾼ-ᾃᾼ
1855 1477 1866 1575 ...Δ-
1862 1389 1865 1460 -ᾼ-.
1861 1338 1863 1347 1
