<?xml version="1.0" encoding="UTF-8"?>
<!DOCTYPE html PUBLIC "-//W3C//DTD XHTML 1.0 Transitional//EN"
    "http://www.w3.org/TR/xhtml1/DTD/xhtml1-transitional.dtd">
<html xmlns="http://www.w3.org/1999/xhtml" xml:lang="en" lang="en">
 <head>
  <title>
</title>
<meta http-equiv="Content-Type" content="text/html;charset=utf-8" />
  <meta name='ocr-system' content='tesseract 3.04.00' />
  <meta name='ocr-capabilities' content='ocr_page ocr_carea ocr_par ocr_line ocrx_word'/>
</head>
<body>
  <div class='ocr_page' id='page_1' title='image "./musaeher03hero/musaeher03hero_0111.png"; bbox 0 0 1897 3340; ppageno 0'>
   <div class='ocr_carea' id='block_1_1' title="bbox 443 197 1199 236">
    <p class='ocr_par' dir='ltr' id='par_1_1' title="bbox 443 197 1199 236">
     <span class='ocr_line' id='line_1_1' title="bbox 443 197 1199 236; baseline 0.001 -1"><span class='ocrx_word' id='word_1_1' title='bbox 443 197 1096 236; x_wconf 84' lang='lat' dir='ltr'>TERPSICHORE.</span> <span class='ocrx_word' id='word_1_2' title='bbox 1155 200 1199 236; x_wconf 87' lang='lat' dir='ltr'>V.</span> 
     </span>
    </p>
   </div>
   <div class='ocr_carea' id='block_1_2' title="bbox 1405 206 1461 244">
    <p class='ocr_par' dir='ltr' id='par_1_2' title="bbox 1405 206 1461 244">
     <span class='ocr_line' id='line_1_2' title="bbox 1405 206 1461 244; baseline 0.018 -1"><span class='ocrx_word' id='word_1_3' title='bbox 1405 206 1461 244; x_wconf 74' lang='lat'>99</span> 
     </span>
    </p>
   </div>
   <div class='ocr_carea' id='block_1_3' title="bbox 167 303 1459 364">
    <p class='ocr_par' dir='ltr' id='par_1_3' title="bbox 167 303 1459 364">
     <span class='ocr_line' id='line_1_3' title="bbox 167 303 1459 364; baseline 0.005 -17"><span class='ocrx_word' id='word_1_4' title='bbox 167 310 339 350; x_wconf 74' lang='grc' dir='ltr'><em>ὃταῦτα</em></span> <span class='ocrx_word' id='word_1_5' title='bbox 383 307 552 362; x_wconf 83' lang='grc' dir='ltr'><strong><em>ἡλικίην</em></strong></span> <span class='ocrx_word' id='word_1_6' title='bbox 597 307 664 361; x_wconf 77' lang='grc' dir='ltr'>εἴη</span> <span class='ocrx_word' id='word_1_7' title='bbox 707 305 763 347; x_wconf 76' lang='grc' dir='ltr'>ἂν</span> <span class='ocrx_word' id='word_1_8' title='bbox 802 305 911 348; x_wconf 81' lang='grc' dir='ltr'><strong><em>κατὰ</em></strong></span> <span class='ocrx_word' id='word_1_9' title='bbox 942 303 1084 349; x_wconf 78' lang='grc' dir='ltr'><em>Λάϊον</em></span> <span class='ocrx_word' id='word_1_10' title='bbox 1112 306 1190 349; x_wconf 82' lang='grc' dir='ltr'>τὸν</span> <span class='ocrx_word' id='word_1_11' title='bbox 1219 307 1459 364; x_wconf 80' lang='grc' dir='ltr'><em>Λαβδάκου</em></span> 
     </span>
    </p>
   </div>
   <div class='ocr_carea' id='block_1_4' title="bbox 195 440 781 499">
    <p class='ocr_par' dir='ltr' id='par_1_4' title="bbox 195 440 781 499">
     <span class='ocr_line' id='line_1_4' title="bbox 195 440 781 499; baseline 0 -15"><span class='ocrx_word' id='word_1_12' title='bbox 195 442 242 484; x_wconf 87' lang='grc' dir='ltr'>ἐν</span> <span class='ocrx_word' id='word_1_13' title='bbox 261 440 474 499; x_wconf 83' lang='grc' dir='ltr'><em>ἑξαμέτρῳ</em></span> <span class='ocrx_word' id='word_1_14' title='bbox 504 440 621 499; x_wconf 81' lang='grc' dir='ltr'><strong><em>τόνῳ</em></strong></span> <span class='ocrx_word' id='word_1_15' title='bbox 653 440 781 496; x_wconf 79' lang='grc' dir='ltr'><strong>λέγει.</strong></span> 
     </span>
    </p>
   </div>
   <div class='ocr_carea' id='block_1_5' title="bbox 70 371 1516 429">
    <p class='ocr_par' dir='ltr' id='par_1_5' title="bbox 70 371 1516 429">
     <span class='ocr_line' id='line_1_5' title="bbox 70 371 1516 429; baseline 0.001 -13"><span class='ocrx_word' id='word_1_16' title='bbox 70 384 138 429; x_wconf 76' lang='grc'>60</span> <span class='ocrx_word' id='word_1_17' title='bbox 193 378 278 417; x_wconf 86' lang='grc' dir='ltr'>τοῦ</span> <span class='ocrx_word' id='word_1_18' title='bbox 310 374 586 427; x_wconf 82' lang='grc' dir='ltr'><em>Πολυδώρου</em></span> <span class='ocrx_word' id='word_1_19' title='bbox 627 376 706 416; x_wconf 87' lang='grc' dir='ltr'>τοῦ</span> <span class='ocrx_word' id='word_1_20' title='bbox 737 371 937 428; x_wconf 80' lang='grc' dir='ltr'>Κάδμου.</span> <span class='ocrx_word' id='word_1_21' title='bbox 984 372 1161 428; x_wconf 75' lang='grc' dir='ltr'>’Ἕτερος</span> <span class='ocrx_word' id='word_1_22' title='bbox 1201 376 1248 420; x_wconf 83' lang='grc' dir='ltr'>δὲ</span> <span class='ocrx_word' id='word_1_23' title='bbox 1277 378 1516 429; x_wconf 72' lang='grc' dir='ltr'><em>τρίπουςΞῡ</em></span> 
     </span>
    </p>
   </div>
   <div class='ocr_carea' id='block_1_6' title="bbox 377 518 1245 622">
    <p class='ocr_par' dir='ltr' id='par_1_6' title="bbox 377 518 1245 622">
     <span class='ocr_line' id='line_1_6' title="bbox 380 518 1245 567; baseline 0.002 -13"><span class='ocrx_word' id='word_1_24' title='bbox 380 520 522 560; x_wconf 85' lang='grc' dir='ltr'><strong><em>Σκαῖος</em></strong></span> <span class='ocrx_word' id='word_1_25' title='bbox 544 518 766 564; x_wconf 80' lang='grc' dir='ltr'><em>πυγμαχέων</em></span> <span class='ocrx_word' id='word_1_26' title='bbox 789 531 833 563; x_wconf 80' lang='grc' dir='ltr'>με</span> <span class='ocrx_word' id='word_1_27' title='bbox 859 518 1022 567; x_wconf 78' lang='grc' dir='ltr'><em>ἑκηβόλῳ</em></span> <span class='ocrx_word' id='word_1_28' title='bbox 1049 518 1245 556; x_wconf 81' lang='grc' dir='ltr'><strong><em>Ἀπόλλωνι</em></strong></span> 
     </span>
     <span class='ocr_line' id='line_1_7' title="bbox 377 575 1241 622; baseline 0.003 -12"><span class='ocrx_word' id='word_1_29' title='bbox 377 575 531 622; x_wconf 75' lang='grc' dir='ltr'><strong><em>νικήσας</em></strong></span> <span class='ocrx_word' id='word_1_30' title='bbox 556 575 720 622; x_wconf 75' lang='grc' dir='ltr'><strong><em>ἀνέθηκε</em></strong></span> <span class='ocrx_word' id='word_1_31' title='bbox 744 575 822 611; x_wconf 82' lang='grc' dir='ltr'><strong><em>τεῒν</em></strong></span> <span class='ocrx_word' id='word_1_32' title='bbox 846 575 1058 620; x_wconf 73' lang='grc' dir='ltr'><strong><em>περικαλλὲς</em></strong></span> <span class='ocrx_word' id='word_1_33' title='bbox 1081 576 1241 622; x_wconf 76' lang='grc' dir='ltr'><strong>ἄγαλμα.</strong></span> 
     </span>
    </p>
   </div>
   <div class='ocr_carea' id='block_1_7' title="bbox 140 687 377 693">
    <p class='ocr_par' dir='ltr' id='par_1_7' title="bbox 140 687 377 693">
     <span class='ocr_line' id='line_1_8' title="bbox 140 687 377 693; baseline 0 0"><span class='ocrx_word' id='word_1_34' title='bbox 140 687 377 693; x_wconf 95' lang='lat' dir='ltr'> </span> 
     </span>
    </p>
   </div>
   <div class='ocr_carea' id='block_1_8' title="bbox 135 773 811 2867">
    <p class='ocr_par' dir='ltr' id='par_1_8' title="bbox 135 773 805 1449">
     <span class='ocr_line' id='line_1_9' title="bbox 138 773 800 827; baseline 0.002 -18"><span class='ocrx_word' id='word_1_35' title='bbox 138 773 206 810; x_wconf 90' lang='lat' dir='ltr'>ubi</span> <span class='ocrx_word' id='word_1_36' title='bbox 226 774 274 810; x_wconf 93' lang='lat' dir='ltr'>ob</span> <span class='ocrx_word' id='word_1_37' title='bbox 301 775 512 825; x_wconf 73' lang='lat' dir='ltr'>piraticam,</span> <span class='ocrx_word' id='word_1_38' title='bbox 552 788 667 827; x_wconf 90' lang='lat' dir='ltr'>quam</span> <span class='ocrx_word' id='word_1_39' title='bbox 687 787 800 810; x_wconf 78' lang='lat' dir='ltr'>exer-</span> 
     </span>
     <span class='ocr_line' id='line_1_10' title="bbox 137 830 800 883; baseline 0.003 -17"><span class='ocrx_word' id='word_1_40' title='bbox 137 830 295 878; x_wconf 83' lang='lat' dir='ltr'>cebant,</span> <span class='ocrx_word' id='word_1_41' title='bbox 343 832 618 883; x_wconf 85' lang='lat' dir='ltr'>latrociniaque</span> <span class='ocrx_word' id='word_1_42' title='bbox 658 832 800 868; x_wconf 88' lang='lat' dir='ltr'>atrocia</span> 
     </span>
     <span class='ocr_line' id='line_1_11' title="bbox 137 886 800 925; baseline 0.002 -2"><span class='ocrx_word' id='word_1_43' title='bbox 137 886 248 924; x_wconf 78' lang='lat' dir='ltr'>valde</span> <span class='ocrx_word' id='word_1_44' title='bbox 278 895 383 924; x_wconf 87' lang='lat' dir='ltr'>erant</span> <span class='ocrx_word' id='word_1_45' title='bbox 403 889 577 925; x_wconf 82' lang='lat' dir='ltr'><strong>infames.</strong></span> <span class='ocrx_word' id='word_1_46' title='bbox 635 887 800 925; x_wconf 79' lang='lat' dir='ltr'><strong>Posthac</strong></span> 
     </span>
     <span class='ocr_line' id='line_1_12' title="bbox 138 946 800 995; baseline 0.002 -16"><span class='ocrx_word' id='word_1_47' title='bbox 138 946 262 994; x_wconf 88' lang='lat' dir='ltr'>gentis</span> <span class='ocrx_word' id='word_1_48' title='bbox 281 951 430 995; x_wconf 87' lang='lat' dir='ltr'>partem</span> <span class='ocrx_word' id='word_1_49' title='bbox 453 946 492 981; x_wconf 88' lang='lat' dir='ltr'>iu</span> <span class='ocrx_word' id='word_1_50' title='bbox 521 946 668 982; x_wconf 86' lang='lat' dir='ltr'>Italiam</span> <span class='ocrx_word' id='word_1_51' title='bbox 691 957 800 982; x_wconf 91' lang='lat' dir='ltr'>com-</span> 
     </span>
     <span class='ocr_line' id='line_1_13' title="bbox 137 1001 801 1052; baseline 0.002 -16"><span class='ocrx_word' id='word_1_52' title='bbox 137 1002 320 1051; x_wconf 80' lang='lat' dir='ltr'>migrasse</span> <span class='ocrx_word' id='word_1_53' title='bbox 341 1004 573 1052; x_wconf 87' lang='lat' dir='ltr'>accepimus.</span> <span class='ocrx_word' id='word_1_54' title='bbox 610 1001 699 1039; x_wconf 80' lang='lat' dir='ltr'>Vid.</span> <span class='ocrx_word' id='word_1_55' title='bbox 713 1002 801 1038; x_wconf 86' lang='lat' dir='ltr'>Vir-</span> 
     </span>
     <span class='ocr_line' id='line_1_14' title="bbox 137 1058 803 1108; baseline 0.002 -15"><span class='ocrx_word' id='word_1_56' title='bbox 137 1058 203 1108; x_wconf 86' lang='lat' dir='ltr'>gil.</span> <span class='ocrx_word' id='word_1_57' title='bbox 223 1058 322 1094; x_wconf 85' lang='lat' dir='ltr'>Aen.</span> <span class='ocrx_word' id='word_1_58' title='bbox 342 1058 423 1107; x_wconf 85' lang='lat' dir='ltr'>vll,</span> <span class='ocrx_word' id='word_1_59' title='bbox 445 1060 541 1100; x_wconf 82' lang='lat'>735.</span> <span class='ocrx_word' id='word_1_60' title='bbox 571 1059 697 1096; x_wconf 80' lang='lat' dir='ltr'>Tacit.</span> <span class='ocrx_word' id='word_1_61' title='bbox 718 1058 803 1094; x_wconf 90' lang='lat' dir='ltr'>An-</span> 
     </span>
     <span class='ocr_line' id='line_1_15' title="bbox 136 1115 803 1166; baseline 0.003 -16"><span class='ocrx_word' id='word_1_62' title='bbox 136 1115 227 1151; x_wconf 89' lang='lat' dir='ltr'>nall.</span> <span class='ocrx_word' id='word_1_63' title='bbox 249 1115 312 1162; x_wconf 81' lang='lat' dir='ltr'>lV,</span> <span class='ocrx_word' id='word_1_64' title='bbox 345 1117 397 1156; x_wconf 88' lang='lat'>67</span> <span class='ocrx_word' id='word_1_65' title='bbox 426 1115 557 1166; x_wconf 85' lang='lat' dir='ltr'>ibique</span> <span class='ocrx_word' id='word_1_66' title='bbox 584 1116 688 1166; x_wconf 88' lang='lat' dir='ltr'>Lips.</span> <span class='ocrx_word' id='word_1_67' title='bbox 719 1116 803 1151; x_wconf 88' lang='lat' dir='ltr'>Ho-</span> 
     </span>
     <span class='ocr_line' id='line_1_16' title="bbox 135 1170 802 1223; baseline 0.001 -16"><span class='ocrx_word' id='word_1_68' title='bbox 135 1184 230 1208; x_wconf 87' lang='lat' dir='ltr'><strong>mer.</strong></span> <span class='ocrx_word' id='word_1_69' title='bbox 266 1170 400 1223; x_wconf 87' lang='lat' dir='ltr'>Odyss.</span> <span class='ocrx_word' id='word_1_70' title='bbox 430 1173 523 1220; x_wconf 87' lang='lat' dir='ltr'>XV,</span> <span class='ocrx_word' id='word_1_71' title='bbox 553 1171 650 1214; x_wconf 91' lang='grc'><strong>426.</strong></span> <span class='ocrx_word' id='word_1_72' title='bbox 698 1172 802 1219; x_wconf 86' lang='lat' dir='ltr'>XVI,</span> 
     </span>
     <span class='ocr_line' id='line_1_17' title="bbox 135 1228 802 1269; baseline 0.001 -5"><span class='ocrx_word' id='word_1_73' title='bbox 135 1228 232 1269; x_wconf 84' lang='grc'><strong>426.</strong></span> <span class='ocrx_word' id='word_1_74' title='bbox 292 1229 408 1265; x_wconf 86' lang='lat' dir='ltr'>Plura</span> <span class='ocrx_word' id='word_1_75' title='bbox 438 1230 560 1265; x_wconf 89' lang='lat' dir='ltr'>Kruse</span> <span class='ocrx_word' id='word_1_76' title='bbox 599 1230 638 1265; x_wconf 89' lang='lat' dir='ltr'>in</span> <span class='ocrx_word' id='word_1_77' title='bbox 672 1230 802 1265; x_wconf 88' lang='lat' dir='ltr'>Hellas</span> 
     </span>
     <span class='ocr_line' id='line_1_18' title="bbox 135 1285 804 1336; baseline 0.001 -15"><span class='ocrx_word' id='word_1_78' title='bbox 135 1286 183 1332; x_wconf 87' lang='lat' dir='ltr'>ll,</span> <span class='ocrx_word' id='word_1_79' title='bbox 214 1287 241 1324; x_wconf 91' lang='grc'><strong>2</strong></span> <span class='ocrx_word' id='word_1_80' title='bbox 268 1297 356 1335; x_wconf 87' lang='lat' dir='ltr'>pag.</span> <span class='ocrx_word' id='word_1_81' title='bbox 393 1288 473 1325; x_wconf 79' lang='grc'>273</span> <span class='ocrx_word' id='word_1_82' title='bbox 517 1298 625 1336; x_wconf 82' lang='lat' dir='ltr'><strong>seqq.</strong></span> <span class='ocrx_word' id='word_1_83' title='bbox 648 1285 804 1322; x_wconf 84' lang='lat' dir='ltr'>Creuz.</span> 
     </span>
     <span class='ocr_line' id='line_1_19' title="bbox 138 1340 805 1392; baseline -0.001 -14"><span class='ocrx_word' id='word_1_84' title='bbox 138 1341 285 1378; x_wconf 78' lang='lat' dir='ltr'>confert</span> <span class='ocrx_word' id='word_1_85' title='bbox 317 1343 431 1378; x_wconf 84' lang='lat' dir='ltr'>etiam</span> <span class='ocrx_word' id='word_1_86' title='bbox 451 1343 571 1377; x_wconf 85' lang='lat' dir='ltr'>Lanzi</span> <span class='ocrx_word' id='word_1_87' title='bbox 593 1342 737 1392; x_wconf 84' lang='lat' dir='ltr'>Saggio</span> <span class='ocrx_word' id='word_1_88' title='bbox 766 1340 805 1378; x_wconf 90' lang='lat' dir='ltr'>di</span> 
     </span>
     <span class='ocr_line' id='line_1_20' title="bbox 139 1399 641 1449; baseline 0.002 -15"><span class='ocrx_word' id='word_1_89' title='bbox 139 1399 251 1448; x_wconf 89' lang='lat' dir='ltr'>Ling.</span> <span class='ocrx_word' id='word_1_90' title='bbox 282 1399 430 1435; x_wconf 88' lang='lat' dir='ltr'>Etrusc.</span> <span class='ocrx_word' id='word_1_91' title='bbox 451 1399 469 1434; x_wconf 96' lang='lat' dir='ltr'>I</span> <span class='ocrx_word' id='word_1_92' title='bbox 484 1412 524 1449; x_wconf 88' lang='lat' dir='ltr'>p.</span> <span class='ocrx_word' id='word_1_93' title='bbox 547 1401 641 1439; x_wconf 82' lang='lat'>103.</span> 
     </span>
    </p>

    <p class='ocr_par' dir='ltr' id='par_1_9' title="bbox 137 1450 811 2867">
     <span class='ocr_line' id='line_1_21' title="bbox 194 1450 801 1505; baseline 0.002 -13"><span class='ocrx_word' id='word_1_94' title='bbox 194 1457 318 1492; x_wconf 79' lang='grc' dir='ltr'><em>ταῦτα</em></span> <span class='ocrx_word' id='word_1_95' title='bbox 348 1453 512 1505; x_wconf 77' lang='grc' dir='ltr'><em>ἡλικίην</em></span> <span class='ocrx_word' id='word_1_96' title='bbox 543 1454 603 1504; x_wconf 80' lang='grc' dir='ltr'>εἴη</span> <span class='ocrx_word' id='word_1_97' title='bbox 630 1450 681 1493; x_wconf 63' lang='grc' dir='ltr'>ἂν</span> <span class='ocrx_word' id='word_1_98' title='bbox 700 1451 801 1493; x_wconf 77' lang='grc' dir='ltr'><em>κατὰ</em></span> 
     </span>
     <span class='ocr_line' id='line_1_22' title="bbox 137 1506 801 1561; baseline -0.006 -11"><span class='ocrx_word' id='word_1_99' title='bbox 137 1507 296 1559; x_wconf 74' lang='grc' dir='ltr'>Λάϊον]</span> <span class='ocrx_word' id='word_1_100' title='bbox 331 1510 391 1561; x_wconf 79' lang='grc' dir='ltr'>εἴη</span> <span class='ocrx_word' id='word_1_101' title='bbox 424 1506 474 1549; x_wconf 69' lang='grc' dir='ltr'>ἂν</span> <span class='ocrx_word' id='word_1_102' title='bbox 505 1511 609 1547; x_wconf 89' lang='lat' dir='ltr'>libris</span> <span class='ocrx_word' id='word_1_103' title='bbox 629 1511 801 1548; x_wconf 86' lang='lat' dir='ltr'>iubenti-</span> 
     </span>
     <span class='ocr_line' id='line_1_23' title="bbox 138 1563 803 1619; baseline 0.002 -16"><span class='ocrx_word' id='word_1_104' title='bbox 138 1568 208 1604; x_wconf 91' lang='lat' dir='ltr'>bus</span> <span class='ocrx_word' id='word_1_105' title='bbox 229 1568 381 1618; x_wconf 80' lang='lat' dir='ltr'>reposui</span> <span class='ocrx_word' id='word_1_106' title='bbox 400 1580 469 1617; x_wconf 91' lang='lat' dir='ltr'>pro</span> <span class='ocrx_word' id='word_1_107' title='bbox 501 1563 552 1606; x_wconf 67' lang='grc' dir='ltr'>ἂν</span> <span class='ocrx_word' id='word_1_108' title='bbox 578 1566 659 1618; x_wconf 80' lang='grc' dir='ltr'>εἴη,</span> <span class='ocrx_word' id='word_1_109' title='bbox 697 1565 803 1619; x_wconf 90' lang='lat' dir='ltr'>quod</span> 
     </span>
     <span class='ocr_line' id='line_1_24' title="bbox 137 1623 802 1661; baseline 0 -1"><span class='ocrx_word' id='word_1_110' title='bbox 137 1624 294 1661; x_wconf 88' lang='lat' dir='ltr'>retinuit</span> <span class='ocrx_word' id='word_1_111' title='bbox 313 1623 448 1660; x_wconf 85' lang='lat' dir='ltr'>Matth.</span> <span class='ocrx_word' id='word_1_112' title='bbox 478 1623 546 1660; x_wconf 76' lang='lat' dir='ltr'>vAd</span> <span class='ocrx_word' id='word_1_113' title='bbox 565 1624 802 1661; x_wconf 87' lang='lat' dir='ltr'>locutionem</span> 
     </span>
     <span class='ocr_line' id='line_1_25' title="bbox 140 1676 802 1732; baseline 0.003 -14"><span class='ocrx_word' id='word_1_114' title='bbox 140 1681 242 1718; x_wconf 87' lang='lat' dir='ltr'>conf.</span> <span class='ocrx_word' id='word_1_115' title='bbox 275 1682 314 1728; x_wconf 79' lang='grc' dir='ltr'>Ι,</span> <span class='ocrx_word' id='word_1_116' title='bbox 344 1684 390 1721; x_wconf 82' lang='lat'>2:</span> <span class='ocrx_word' id='word_1_117' title='bbox 444 1680 633 1732; x_wconf 78' lang='grc' dir='ltr'><strong><em>εἴησαν</em></strong></span> <span class='ocrx_word' id='word_1_118' title='bbox 664 1676 710 1721; x_wconf 85' lang='grc' dir='ltr'>δ’</span> <span class='ocrx_word' id='word_1_119' title='bbox 744 1677 802 1720; x_wconf 71' lang='grc' dir='ltr'>ἂν</span> 
     </span>
     <span class='ocr_line' id='line_1_26' title="bbox 139 1732 802 1788; baseline -0.002 -12"><span class='ocrx_word' id='word_1_120' title='bbox 139 1732 254 1777; x_wconf 76' lang='grc' dir='ltr'><em>οὗτοι</em></span> <span class='ocrx_word' id='word_1_121' title='bbox 294 1739 461 1788; x_wconf 81' lang='grc' dir='ltr'><strong>Κρῆτες.</strong></span> <span class='ocrx_word' id='word_1_122' title='bbox 541 1736 654 1783; x_wconf 78' lang='lat' dir='ltr'>Quod</span> <span class='ocrx_word' id='word_1_123' title='bbox 711 1750 802 1775; x_wconf 80' lang='lat' dir='ltr'>vero</span> 
     </span>
     <span class='ocr_line' id='line_1_27' title="bbox 138 1791 804 1846; baseline 0.003 -15"><span class='ocrx_word' id='word_1_124' title='bbox 138 1801 225 1846; x_wconf 89' lang='lat' dir='ltr'>post</span> <span class='ocrx_word' id='word_1_125' title='bbox 271 1791 436 1846; x_wconf 73' lang='grc' dir='ltr'><strong><em>ἡλικίην</em></strong></span> <span class='ocrx_word' id='word_1_126' title='bbox 490 1794 651 1832; x_wconf 82' lang='lat' dir='ltr'>infertur</span> <span class='ocrx_word' id='word_1_127' title='bbox 703 1791 804 1833; x_wconf 79' lang='grc' dir='ltr'>κατοῖ</span> 
     </span>
     <span class='ocr_line' id='line_1_28' title="bbox 139 1848 804 1902; baseline -0.005 -12"><span class='ocrx_word' id='word_1_128' title='bbox 139 1848 275 1890; x_wconf 82' lang='grc' dir='ltr'><strong><em>Λάϊον</em></strong></span> <span class='ocrx_word' id='word_1_129' title='bbox 288 1881 298 1899; x_wconf 90' lang='grc'>,</span> <span class='ocrx_word' id='word_1_130' title='bbox 336 1852 416 1888; x_wconf 85' lang='lat' dir='ltr'>noli</span> <span class='ocrx_word' id='word_1_131' title='bbox 439 1851 592 1899; x_wconf 84' lang='lat' dir='ltr'>mirari3</span> <span class='ocrx_word' id='word_1_132' title='bbox 612 1864 705 1888; x_wconf 86' lang='lat' dir='ltr'>nam</span> <span class='ocrx_word' id='word_1_133' title='bbox 723 1852 804 1902; x_wconf 88' lang='lat' dir='ltr'>ipse</span> 
     </span>
     <span class='ocr_line' id='line_1_29' title="bbox 139 1905 805 1955; baseline -0.005 -6"><span class='ocrx_word' id='word_1_134' title='bbox 139 1909 276 1945; x_wconf 84' lang='lat' dir='ltr'><strong>Noster</strong></span> <span class='ocrx_word' id='word_1_135' title='bbox 295 1908 324 1955; x_wconf 91' lang='lat' dir='ltr'>I,</span> <span class='ocrx_word' id='word_1_136' title='bbox 348 1910 420 1949; x_wconf 89' lang='lat'>67:</span> <span class='ocrx_word' id='word_1_137' title='bbox 450 1905 580 1947; x_wconf 74' lang='grc' dir='ltr'><strong><em>κατὰ</em></strong></span> <span class='ocrx_word' id='word_1_138' title='bbox 608 1905 694 1948; x_wconf 77' lang='grc' dir='ltr'>τὸν</span> <span class='ocrx_word' id='word_1_139' title='bbox 722 1923 805 1946; x_wconf 80' lang='grc' dir='ltr'>κα-</span> 
     </span>
     <span class='ocr_line' id='line_1_30' title="bbox 140 1960 803 2016; baseline -0.005 -13"><span class='ocrx_word' id='word_1_140' title='bbox 140 1960 201 2003; x_wconf 79' lang='grc' dir='ltr'><em>τοῖ</em></span> <span class='ocrx_word' id='word_1_141' title='bbox 233 1967 411 2016; x_wconf 82' lang='grc' dir='ltr'><em>Κροῖσον</em></span> <span class='ocrx_word' id='word_1_142' title='bbox 429 1960 588 2016; x_wconf 82' lang='grc' dir='ltr'>χρόνον.</span> <span class='ocrx_word' id='word_1_143' title='bbox 645 1964 708 2001; x_wconf 86' lang='lat' dir='ltr'>Ad</span> <span class='ocrx_word' id='word_1_144' title='bbox 728 1965 803 2002; x_wconf 93' lang='lat' dir='ltr'>loci</span> 
     </span>
     <span class='ocr_line' id='line_1_31' title="bbox 140 2022 804 2072; baseline 0 -15"><span class='ocrx_word' id='word_1_145' title='bbox 140 2028 411 2072; x_wconf 74' lang='lat' dir='ltr'>argumentum</span> <span class='ocrx_word' id='word_1_146' title='bbox 440 2022 614 2059; x_wconf 83' lang='lat' dir='ltr'>observat</span> <span class='ocrx_word' id='word_1_147' title='bbox 642 2023 804 2059; x_wconf 89' lang='lat' dir='ltr'>Wesse-</span> 
     </span>
     <span class='ocr_line' id='line_1_32' title="bbox 141 2076 803 2129; baseline -0.002 -14"><span class='ocrx_word' id='word_1_148' title='bbox 141 2079 236 2129; x_wconf 87' lang='lat' dir='ltr'>ling.</span> <span class='ocrx_word' id='word_1_149' title='bbox 258 2085 360 2114; x_wconf 87' lang='lat' dir='ltr'>recte</span> <span class='ocrx_word' id='word_1_150' title='bbox 380 2076 475 2115; x_wconf 87' lang='lat' dir='ltr'>haec</span> <span class='ocrx_word' id='word_1_151' title='bbox 498 2079 550 2115; x_wconf 87' lang='lat' dir='ltr'>ita</span> <span class='ocrx_word' id='word_1_152' title='bbox 571 2079 736 2115; x_wconf 85' lang='lat' dir='ltr'>enarrari</span> <span class='ocrx_word' id='word_1_153' title='bbox 757 2078 803 2115; x_wconf 89' lang='lat' dir='ltr'>ab</span> 
     </span>
     <span class='ocr_line' id='line_1_33' title="bbox 140 2133 806 2186; baseline -0.002 -14"><span class='ocrx_word' id='word_1_154' title='bbox 140 2133 320 2172; x_wconf 83' lang='lat' dir='ltr'>historiae</span> <span class='ocrx_word' id='word_1_155' title='bbox 340 2142 468 2185; x_wconf 87' lang='lat' dir='ltr'>patre,</span> <span class='ocrx_word' id='word_1_156' title='bbox 493 2148 616 2186; x_wconf 88' lang='lat' dir='ltr'>quum</span> <span class='ocrx_word' id='word_1_157' title='bbox 635 2133 806 2186; x_wconf 88' lang='lat' dir='ltr'>Amphi-</span> 
     </span>
     <span class='ocr_line' id='line_1_34' title="bbox 141 2192 808 2243; baseline -0.001 -14"><span class='ocrx_word' id='word_1_158' title='bbox 141 2199 320 2243; x_wconf 84' lang='lat' dir='ltr'>tryonem</span> <span class='ocrx_word' id='word_1_159' title='bbox 345 2192 460 2239; x_wconf 88' lang='lat' dir='ltr'>Laio,</span> <span class='ocrx_word' id='word_1_160' title='bbox 492 2193 698 2229; x_wconf 82' lang='lat' dir='ltr'>Herculem</span> <span class='ocrx_word' id='word_1_161' title='bbox 731 2192 808 2229; x_wconf 91' lang='lat' dir='ltr'>Oe-</span> 
     </span>
     <span class='ocr_line' id='line_1_35' title="bbox 143 2247 808 2300; baseline 0.002 -16"><span class='ocrx_word' id='word_1_162' title='bbox 143 2247 274 2299; x_wconf 85' lang='lat' dir='ltr'>dipodi</span> <span class='ocrx_word' id='word_1_163' title='bbox 306 2249 508 2300; x_wconf 85' lang='lat' dir='ltr'>aequalem</span> <span class='ocrx_word' id='word_1_164' title='bbox 553 2249 673 2299; x_wconf 85' lang='lat' dir='ltr'>egisse</span> <span class='ocrx_word' id='word_1_165' title='bbox 701 2255 808 2285; x_wconf 88' lang='lat' dir='ltr'>aeta-</span> 
     </span>
     <span class='ocr_line' id='line_1_36' title="bbox 141 2305 808 2356; baseline 0.001 -15"><span class='ocrx_word' id='word_1_166' title='bbox 141 2311 240 2352; x_wconf 80' lang='lat' dir='ltr'>tem,</span> <span class='ocrx_word' id='word_1_167' title='bbox 273 2318 321 2341; x_wconf 84' lang='lat' dir='ltr'>ex</span> <span class='ocrx_word' id='word_1_168' title='bbox 341 2306 633 2356; x_wconf 69' lang='lat' dir='ltr'>generationum</span> <span class='ocrx_word' id='word_1_169' title='bbox 653 2305 808 2343; x_wconf 83' lang='lat' dir='ltr'>seriein</span> 
     </span>
     <span class='ocr_line' id='line_1_37' title="bbox 142 2361 807 2413; baseline 0 -15"><span class='ocrx_word' id='word_1_170' title='bbox 142 2361 323 2413; x_wconf 90' lang='lat' dir='ltr'>Apollod.</span> <span class='ocrx_word' id='word_1_171' title='bbox 348 2361 530 2399; x_wconf 89' lang='lat' dir='ltr'>Biblioth.</span> <span class='ocrx_word' id='word_1_172' title='bbox 563 2363 628 2411; x_wconf 81' lang='lat'>[11‚</span> <span class='ocrx_word' id='word_1_173' title='bbox 660 2361 687 2402; x_wconf 93' lang='lat'>4</span> <span class='ocrx_word' id='word_1_174' title='bbox 708 2363 746 2408; x_wconf 62' lang='grc' dir='ltr'><strong>ξ.</strong></span> <span class='ocrx_word' id='word_1_175' title='bbox 768 2365 807 2411; x_wconf 88' lang='lat'>6,</span> 
     </span>
     <span class='ocr_line' id='line_1_38' title="bbox 143 2417 807 2470; baseline 0.002 -16"><span class='ocrx_word' id='word_1_176' title='bbox 143 2419 210 2455; x_wconf 87' lang='lat' dir='ltr'>ubi</span> <span class='ocrx_word' id='word_1_177' title='bbox 238 2417 316 2455; x_wconf 85' lang='lat' dir='ltr'>vid.</span> <span class='ocrx_word' id='word_1_178' title='bbox 338 2420 464 2470; x_wconf 71' lang='lat' dir='ltr'>Heyn.</span> <span class='ocrx_word' id='word_1_179' title='bbox 487 2419 697 2457; x_wconf 84' lang='lat' dir='ltr'>Observatt.</span> <span class='ocrx_word' id='word_1_180' title='bbox 717 2431 807 2470; x_wconf 90' lang='lat' dir='ltr'>pag.</span> 
     </span>
     <span class='ocr_line' id='line_1_39' title="bbox 147 2474 808 2526; baseline -0.002 -14"><span class='ocrx_word' id='word_1_181' title='bbox 147 2475 245 2524; x_wconf 77' lang='grc'><strong>130]</strong></span> <span class='ocrx_word' id='word_1_182' title='bbox 267 2476 353 2512; x_wconf 87' lang='lat' dir='ltr'>satis</span> <span class='ocrx_word' id='word_1_183' title='bbox 372 2482 514 2526; x_wconf 88' lang='lat' dir='ltr'>pateat.</span> <span class='ocrx_word' id='word_1_184' title='bbox 571 2474 808 2513; x_wconf 87' lang='lat' dir='ltr'>Larcherum</span> 
     </span>
     <span class='ocr_line' id='line_1_40' title="bbox 146 2531 807 2584; baseline 0.003 -18"><span class='ocrx_word' id='word_1_185' title='bbox 146 2531 178 2566; x_wconf 88' lang='lat' dir='ltr'>si</span> <span class='ocrx_word' id='word_1_186' title='bbox 196 2544 412 2584; x_wconf 87' lang='lat' dir='ltr'>sequamur,</span> <span class='ocrx_word' id='word_1_187' title='bbox 441 2534 556 2570; x_wconf 84' lang='lat' dir='ltr'>Laius</span> <span class='ocrx_word' id='word_1_188' title='bbox 577 2532 626 2570; x_wconf 87' lang='lat' dir='ltr'>ad</span> <span class='ocrx_word' id='word_1_189' title='bbox 647 2531 807 2569; x_wconf 91' lang='lat' dir='ltr'>Theba—</span> 
     </span>
     <span class='ocr_line' id='line_1_41' title="bbox 147 2587 807 2640; baseline 0.006 -18"><span class='ocrx_word' id='word_1_190' title='bbox 147 2599 233 2623; x_wconf 88' lang='lat' dir='ltr'>rum</span> <span class='ocrx_word' id='word_1_191' title='bbox 253 2601 428 2638; x_wconf 89' lang='lat' dir='ltr'>regnum,</span> <span class='ocrx_word' id='word_1_192' title='bbox 449 2597 601 2627; x_wconf 89' lang='lat' dir='ltr'>mortuo</span> <span class='ocrx_word' id='word_1_193' title='bbox 615 2587 807 2640; x_wconf 85' lang='lat' dir='ltr'>Amphio-</span> 
     </span>
     <span class='ocr_line' id='line_1_42' title="bbox 149 2644 807 2687; baseline 0.006 -9"><span class='ocrx_word' id='word_1_194' title='bbox 149 2655 199 2679; x_wconf 89' lang='lat' dir='ltr'>ne</span> <span class='ocrx_word' id='word_1_195' title='bbox 220 2652 369 2682; x_wconf 82' lang='lat' dir='ltr'>evectus</span> <span class='ocrx_word' id='word_1_196' title='bbox 399 2658 500 2682; x_wconf 86' lang='lat' dir='ltr'>anno</span> <span class='ocrx_word' id='word_1_197' title='bbox 527 2648 632 2687; x_wconf 81' lang='grc'><strong>1390</strong></span> <span class='ocrx_word' id='word_1_198' title='bbox 654 2659 688 2682; x_wconf 88' lang='lat' dir='ltr'>a.</span> <span class='ocrx_word' id='word_1_199' title='bbox 716 2644 807 2682; x_wconf 91' lang='lat' dir='ltr'>Chr.</span> 
     </span>
     <span class='ocr_line' id='line_1_43' title="bbox 148 2701 808 2754; baseline 0.006 -20"><span class='ocrx_word' id='word_1_200' title='bbox 148 2711 202 2746; x_wconf 87' lang='lat' dir='ltr'>n.,</span> <span class='ocrx_word' id='word_1_201' title='bbox 239 2701 419 2739; x_wconf 77' lang='lat' dir='ltr'>Hercules</span> <span class='ocrx_word' id='word_1_202' title='bbox 449 2703 495 2739; x_wconf 89' lang='lat' dir='ltr'>ab</span> <span class='ocrx_word' id='word_1_203' title='bbox 526 2701 808 2754; x_wconf 81' lang='lat' dir='ltr'>Amphitryone</span> 
     </span>
     <span class='ocr_line' id='line_1_44' title="bbox 151 2757 809 2806; baseline 0.006 -15"><span class='ocrx_word' id='word_1_204' title='bbox 151 2758 370 2806; x_wconf 87' lang='lat' dir='ltr'>progenitus</span> <span class='ocrx_word' id='word_1_205' title='bbox 400 2771 501 2796; x_wconf 86' lang='lat' dir='ltr'>anno</span> <span class='ocrx_word' id='word_1_206' title='bbox 525 2758 630 2800; x_wconf 81' lang='lat'>1354</span> <span class='ocrx_word' id='word_1_207' title='bbox 663 2772 697 2796; x_wconf 84' lang='lat' dir='ltr'>a.</span> <span class='ocrx_word' id='word_1_208' title='bbox 719 2757 809 2796; x_wconf 87' lang='lat' dir='ltr'>Chr.</span> 
     </span>
     <span class='ocr_line' id='line_1_45' title="bbox 151 2813 811 2867; baseline 0.006 -20"><span class='ocrx_word' id='word_1_209' title='bbox 151 2824 205 2858; x_wconf 86' lang='lat' dir='ltr'>n.,</span> <span class='ocrx_word' id='word_1_210' title='bbox 231 2813 296 2863; x_wconf 89' lang='lat' dir='ltr'>qui</span> <span class='ocrx_word' id='word_1_211' title='bbox 334 2814 450 2863; x_wconf 87' lang='lat' dir='ltr'>igitur</span> <span class='ocrx_word' id='word_1_212' title='bbox 479 2814 686 2866; x_wconf 87' lang='lat' dir='ltr'>Oedipodis</span> <span class='ocrx_word' id='word_1_213' title='bbox 726 2813 811 2867; x_wconf 87' lang='lat' dir='ltr'>(qui</span> 
     </span>
    </p>
   </div>
   <div class='ocr_carea' id='block_1_9' title="bbox 855 773 1524 1338">
    <p class='ocr_par' dir='ltr' id='par_1_10' title="bbox 855 773 1524 1338">
     <span class='ocr_line' id='line_1_46' title="bbox 855 773 1520 828; baseline 0.003 -18"><span class='ocrx_word' id='word_1_214' title='bbox 855 774 939 811; x_wconf 86' lang='lat' dir='ltr'>Laii</span> <span class='ocrx_word' id='word_1_215' title='bbox 957 773 1056 811; x_wconf 81' lang='lat' dir='ltr'>fillus</span> <span class='ocrx_word' id='word_1_216' title='bbox 1075 775 1173 826; x_wconf 87' lang='lat' dir='ltr'>erat)</span> <span class='ocrx_word' id='word_1_217' title='bbox 1195 775 1362 828; x_wconf 89' lang='lat' dir='ltr'>aequalis</span> <span class='ocrx_word' id='word_1_218' title='bbox 1383 774 1520 813; x_wconf 85' lang='lat' dir='ltr'>eodem</span> 
     </span>
     <span class='ocr_line' id='line_1_47' title="bbox 856 830 1521 885; baseline 0.003 -18"><span class='ocrx_word' id='word_1_219' title='bbox 856 830 932 868; x_wconf 90' lang='lat' dir='ltr'>dici</span> <span class='ocrx_word' id='word_1_220' title='bbox 950 833 1075 882; x_wconf 89' lang='lat' dir='ltr'>potuit</span> <span class='ocrx_word' id='word_1_221' title='bbox 1092 833 1187 880; x_wconf 88' lang='lat' dir='ltr'>iure,</span> <span class='ocrx_word' id='word_1_222' title='bbox 1209 845 1287 885; x_wconf 89' lang='lat' dir='ltr'>quo</span> <span class='ocrx_word' id='word_1_223' title='bbox 1308 834 1387 884; x_wconf 84' lang='lat' dir='ltr'>ipse</span> <span class='ocrx_word' id='word_1_224' title='bbox 1405 834 1521 870; x_wconf 83' lang='lat' dir='ltr'>Laius</span> 
     </span>
     <span class='ocr_line' id='line_1_48' title="bbox 855 887 1518 942; baseline 0.003 -18"><span class='ocrx_word' id='word_1_225' title='bbox 855 887 1148 940; x_wconf 83' lang='lat' dir='ltr'>Amphitryonis</span> <span class='ocrx_word' id='word_1_226' title='bbox 1169 897 1248 926; x_wconf 88' lang='lat' dir='ltr'>erat</span> <span class='ocrx_word' id='word_1_227' title='bbox 1274 890 1354 925; x_wconf 86' lang='lat' dir='ltr'>sere</span> <span class='ocrx_word' id='word_1_228' title='bbox 1375 903 1518 942; x_wconf 88' lang='lat' dir='ltr'>aequa-</span> 
     </span>
     <span class='ocr_line' id='line_1_49' title="bbox 855 946 1521 996; baseline 0.003 -15"><span class='ocrx_word' id='word_1_229' title='bbox 855 946 911 983; x_wconf 90' lang='lat' dir='ltr'>lis.</span> <span class='ocrx_word' id='word_1_230' title='bbox 951 947 1083 996; x_wconf 89' lang='lat' dir='ltr'>Ipsum</span> <span class='ocrx_word' id='word_1_231' title='bbox 1102 948 1240 982; x_wconf 85' lang='lat' dir='ltr'>Laium</span> <span class='ocrx_word' id='word_1_232' title='bbox 1270 954 1420 996; x_wconf 89' lang='lat' dir='ltr'>ponunt</span> <span class='ocrx_word' id='word_1_233' title='bbox 1448 959 1521 983; x_wconf 83' lang='lat' dir='ltr'>na-</span> 
     </span>
     <span class='ocr_line' id='line_1_50' title="bbox 856 1002 1519 1055; baseline 0.003 -18"><span class='ocrx_word' id='word_1_234' title='bbox 856 1008 942 1038; x_wconf 87' lang='lat' dir='ltr'>tum</span> <span class='ocrx_word' id='word_1_235' title='bbox 973 1014 1073 1039; x_wconf 87' lang='lat' dir='ltr'>anno</span> <span class='ocrx_word' id='word_1_236' title='bbox 1101 1002 1229 1049; x_wconf 82' lang='lat'>1417,</span> <span class='ocrx_word' id='word_1_237' title='bbox 1267 1003 1519 1055; x_wconf 83' lang='lat' dir='ltr'>Polydorum,</span> 
     </span>
     <span class='ocr_line' id='line_1_51' title="bbox 860 1057 1523 1107; baseline 0.005 -13"><span class='ocrx_word' id='word_1_238' title='bbox 860 1057 996 1095; x_wconf 88' lang='lat' dir='ltr'>Cadmi</span> <span class='ocrx_word' id='word_1_239' title='bbox 1006 1059 1140 1107; x_wconf 87' lang='lat' dir='ltr'>filium,</span> <span class='ocrx_word' id='word_1_240' title='bbox 1163 1058 1211 1096; x_wconf 84' lang='lat' dir='ltr'>ad</span> <span class='ocrx_word' id='word_1_241' title='bbox 1223 1058 1449 1096; x_wconf 88' lang='lat' dir='ltr'>Thebarum</span> <span class='ocrx_word' id='word_1_242' title='bbox 1460 1074 1523 1097; x_wconf 91' lang='lat' dir='ltr'>re·-</span> 
     </span>
     <span class='ocr_line' id='line_1_52' title="bbox 858 1116 1522 1166; baseline 0.003 -15"><span class='ocrx_word' id='word_1_243' title='bbox 858 1128 981 1166; x_wconf 89' lang='lat' dir='ltr'>gnum</span> <span class='ocrx_word' id='word_1_244' title='bbox 1013 1122 1189 1153; x_wconf 77' lang='lat' dir='ltr'>evectum</span> <span class='ocrx_word' id='word_1_245' title='bbox 1219 1128 1321 1153; x_wconf 85' lang='lat' dir='ltr'>anno</span> <span class='ocrx_word' id='word_1_246' title='bbox 1358 1116 1464 1157; x_wconf 78' lang='lat'>1497</span> <span class='ocrx_word' id='word_1_247' title='bbox 1487 1130 1522 1154; x_wconf 89' lang='lat' dir='ltr'>a.</span> 
     </span>
     <span class='ocr_line' id='line_1_53' title="bbox 860 1170 1522 1223; baseline 0.005 -15"><span class='ocrx_word' id='word_1_248' title='bbox 860 1170 951 1209; x_wconf 86' lang='lat' dir='ltr'>Chr.</span> <span class='ocrx_word' id='word_1_249' title='bbox 985 1185 1038 1221; x_wconf 90' lang='lat' dir='ltr'>n.,</span> <span class='ocrx_word' id='word_1_250' title='bbox 1080 1179 1173 1209; x_wconf 86' lang='lat' dir='ltr'>teste</span> <span class='ocrx_word' id='word_1_251' title='bbox 1201 1172 1425 1223; x_wconf 88' lang='lat' dir='ltr'>Apollodor.</span> <span class='ocrx_word' id='word_1_252' title='bbox 1455 1174 1522 1221; x_wconf 86' lang='lat'>111,</span> 
     </span>
     <span class='ocr_line' id='line_1_54' title="bbox 861 1228 1524 1282; baseline 0.005 -18"><span class='ocrx_word' id='word_1_253' title='bbox 861 1228 887 1268; x_wconf 89' lang='lat'><strong><em>5</em></strong></span> <span class='ocrx_word' id='word_1_254' title='bbox 920 1229 958 1274; x_wconf 59' lang='grc' dir='ltr'><strong>ξ.</strong></span> <span class='ocrx_word' id='word_1_255' title='bbox 980 1229 1018 1278; x_wconf 88' lang='lat'>5,</span> <span class='ocrx_word' id='word_1_256' title='bbox 1058 1229 1124 1265; x_wconf 89' lang='lat' dir='ltr'>ubi</span> <span class='ocrx_word' id='word_1_257' title='bbox 1152 1230 1253 1266; x_wconf 85' lang='lat' dir='ltr'>conf.</span> <span class='ocrx_word' id='word_1_258' title='bbox 1283 1232 1410 1282; x_wconf 91' lang='lat' dir='ltr'>Heyn.</span> <span class='ocrx_word' id='word_1_259' title='bbox 1442 1230 1524 1267; x_wconf 89' lang='lat' dir='ltr'>Ob-</span> 
     </span>
     <span class='ocr_line' id='line_1_55' title="bbox 860 1286 1521 1338; baseline 0.005 -17"><span class='ocrx_word' id='word_1_260' title='bbox 860 1297 983 1325; x_wconf 82' lang='lat' dir='ltr'>servv.</span> <span class='ocrx_word' id='word_1_261' title='bbox 1041 1286 1092 1322; x_wconf 89' lang='lat' dir='ltr'>Et</span> <span class='ocrx_word' id='word_1_262' title='bbox 1123 1286 1254 1323; x_wconf 86' lang='lat' dir='ltr'>confer</span> <span class='ocrx_word' id='word_1_263' title='bbox 1284 1300 1396 1338; x_wconf 88' lang='lat' dir='ltr'>supra</span> <span class='ocrx_word' id='word_1_264' title='bbox 1425 1294 1521 1324; x_wconf 87' lang='lat' dir='ltr'>nott.</span> 
     </span>
    </p>
   </div>
   <div class='ocr_carea' id='block_1_10' title="bbox 861 1340 1290 1483">
    <p class='ocr_par' dir='ltr' id='par_1_11' title="bbox 861 1340 1290 1483">
     <span class='ocr_line' id='line_1_56' title="bbox 861 1340 1108 1389; baseline 0 -11"><span class='ocrx_word' id='word_1_265' title='bbox 861 1340 909 1378; x_wconf 82' lang='lat' dir='ltr'>ad</span> <span class='ocrx_word' id='word_1_266' title='bbox 928 1342 992 1389; x_wconf 88' lang='lat' dir='ltr'>IV,</span> <span class='ocrx_word' id='word_1_267' title='bbox 1015 1341 1108 1382; x_wconf 86' lang='lat'>147.</span> 
     </span>
     <span class='ocr_line' id='line_1_57' title="bbox 1088 1431 1290 1483; baseline 0.005 -15"><span class='ocrx_word' id='word_1_268' title='bbox 1088 1431 1182 1483; x_wconf 84' lang='lat' dir='ltr'>cap.</span> <span class='ocrx_word' id='word_1_269' title='bbox 1202 1433 1290 1469; x_wconf 89' lang='lat' dir='ltr'>LX.</span> 
     </span>
    </p>
   </div>
   <div class='ocr_carea' id='block_1_11' title="bbox 857 1503 1525 1789">
    <p class='ocr_par' dir='ltr' id='par_1_12' title="bbox 857 1503 1525 1789">
     <span class='ocr_line' id='line_1_58' title="bbox 916 1503 1522 1559; baseline 0.002 -12"><span class='ocrx_word' id='word_1_270' title='bbox 916 1503 1092 1559; x_wconf 70' lang='grc' dir='ltr'><strong><em>ἐνέθηκε</em></strong></span> <span class='ocrx_word' id='word_1_271' title='bbox 1110 1510 1222 1559; x_wconf 84' lang='grc' dir='ltr'><strong><em>τεῒν]</em></strong></span> <span class='ocrx_word' id='word_1_272' title='bbox 1265 1510 1364 1547; x_wconf 82' lang='lat' dir='ltr'>citat</span> <span class='ocrx_word' id='word_1_273' title='bbox 1384 1510 1522 1548; x_wconf 86' lang='lat' dir='ltr'>Suidas</span> 
     </span>
     <span class='ocr_line' id='line_1_59' title="bbox 857 1565 1522 1618; baseline 0.008 -17"><span class='ocrx_word' id='word_1_274' title='bbox 857 1565 898 1601; x_wconf 88' lang='lat' dir='ltr'>in</span> <span class='ocrx_word' id='word_1_275' title='bbox 919 1577 1005 1602; x_wconf 84' lang='lat' dir='ltr'>voc.</span> <span class='ocrx_word' id='word_1_276' title='bbox 1026 1567 1110 1605; x_wconf 79' lang='grc' dir='ltr'><strong><em>τεῒν</em></strong></span> <span class='ocrx_word' id='word_1_277' title='bbox 1142 1567 1193 1603; x_wconf 93' lang='grc' dir='ltr'>Τ.</span> <span class='ocrx_word' id='word_1_278' title='bbox 1223 1568 1278 1603; x_wconf 84' lang='grc' dir='ltr'>ΠΙ</span> <span class='ocrx_word' id='word_1_279' title='bbox 1305 1568 1395 1618; x_wconf 76' lang='lat' dir='ltr'>pag.</span> <span class='ocrx_word' id='word_1_280' title='bbox 1427 1566 1522 1608; x_wconf 84' lang='lat'>440.</span> 
     </span>
     <span class='ocr_line' id='line_1_60' title="bbox 860 1622 1525 1663; baseline 0.002 -4"><span class='ocrx_word' id='word_1_281' title='bbox 860 1622 959 1659; x_wconf 84' lang='lat' dir='ltr'>Satis</span> <span class='ocrx_word' id='word_1_282' title='bbox 979 1628 1118 1659; x_wconf 86' lang='lat' dir='ltr'>notum</span> <span class='ocrx_word' id='word_1_283' title='bbox 1148 1630 1202 1660; x_wconf 91' lang='lat' dir='ltr'>est</span> <span class='ocrx_word' id='word_1_284' title='bbox 1220 1624 1304 1663; x_wconf 84' lang='grc' dir='ltr'><strong><em>τεῒν</em></strong></span> <span class='ocrx_word' id='word_1_285' title='bbox 1324 1625 1444 1661; x_wconf 84' lang='lat' dir='ltr'>Dores</span> <span class='ocrx_word' id='word_1_286' title='bbox 1464 1631 1525 1661; x_wconf 87' lang='lat' dir='ltr'>at-</span> 
     </span>
     <span class='ocr_line' id='line_1_61' title="bbox 860 1678 1524 1732; baseline 0.002 -17"><span class='ocrx_word' id='word_1_287' title='bbox 860 1691 936 1730; x_wconf 90' lang='lat' dir='ltr'>que</span> <span class='ocrx_word' id='word_1_288' title='bbox 955 1679 1094 1717; x_wconf 89' lang='lat' dir='ltr'>Aeoles</span> <span class='ocrx_word' id='word_1_289' title='bbox 1115 1678 1253 1717; x_wconf 83' lang='lat' dir='ltr'>dixisse</span> <span class='ocrx_word' id='word_1_290' title='bbox 1272 1693 1342 1732; x_wconf 87' lang='lat' dir='ltr'>pro</span> <span class='ocrx_word' id='word_1_291' title='bbox 1364 1680 1438 1720; x_wconf 86' lang='grc' dir='ltr'>σοί.</span> <span class='ocrx_word' id='word_1_292' title='bbox 1467 1702 1524 1708; x_wconf 84' lang='grc'>-</span> 
     </span>
     <span class='ocr_line' id='line_1_62' title="bbox 859 1733 1525 1789; baseline 0.005 -18"><span class='ocrx_word' id='word_1_293' title='bbox 859 1736 999 1787; x_wconf 84' lang='lat' dir='ltr'>Apollo</span> <span class='ocrx_word' id='word_1_294' title='bbox 1051 1733 1239 1787; x_wconf 76' lang='grc' dir='ltr'><strong><em>ἑκηβόλος</em></strong></span> <span class='ocrx_word' id='word_1_295' title='bbox 1276 1738 1362 1789; x_wconf 92' lang='lat' dir='ltr'>(qui</span> <span class='ocrx_word' id='word_1_296' title='bbox 1393 1739 1525 1775; x_wconf 78' lang='lat' dir='ltr'>eminus</span> 
     </span>
    </p>
   </div>
   <div class='ocr_carea' id='block_1_12' title="bbox 860 1792 1595 1842">
    <p class='ocr_par' dir='ltr' id='par_1_13' title="bbox 860 1792 1595 1842">
     <span class='ocr_line' id='line_1_63' title="bbox 860 1792 1595 1842; baseline 0.004 -14"><span class='ocrx_word' id='word_1_297' title='bbox 860 1796 892 1829; x_wconf 84' lang='lat' dir='ltr'>et</span> <span class='ocrx_word' id='word_1_298' title='bbox 914 1792 1041 1842; x_wconf 81' lang='lat' dir='ltr'>procul</span> <span class='ocrx_word' id='word_1_299' title='bbox 1086 1795 1193 1831; x_wconf 78' lang='lat' dir='ltr'>iactis</span> <span class='ocrx_word' id='word_1_300' title='bbox 1219 1794 1350 1831; x_wconf 79' lang='lat' dir='ltr'>iaculis</span> <span class='ocrx_word' id='word_1_301' title='bbox 1377 1794 1434 1831; x_wconf 85' lang='lat' dir='ltr'>vel</span> <span class='ocrx_word' id='word_1_302' title='bbox 1460 1807 1524 1831; x_wconf 73' lang='lat' dir='ltr'>sa·</span> <span class='ocrx_word' id='word_1_303' title='bbox 1583 1804 1595 1818; x_wconf 91' lang='lat'><strong>·</strong></span> 
     </span>
    </p>
   </div>
   <div class='ocr_carea' id='block_1_13' title="bbox 859 1849 1541 2861">
    <p class='ocr_par' dir='ltr' id='par_1_14' title="bbox 859 1849 1541 2861">
     <span class='ocr_line' id='line_1_64' title="bbox 859 1849 1522 1901; baseline 0.003 -16"><span class='ocrx_word' id='word_1_304' title='bbox 859 1851 965 1898; x_wconf 69' lang='lat' dir='ltr'>gae&#39;ttz&#39;s</span> <span class='ocrx_word' id='word_1_305' title='bbox 991 1850 1158 1901; x_wconf 75' lang='lat' dir='ltr'>configit)</span> <span class='ocrx_word' id='word_1_306' title='bbox 1180 1863 1229 1886; x_wconf 86' lang='lat' dir='ltr'>ex</span> <span class='ocrx_word' id='word_1_307' title='bbox 1247 1849 1366 1887; x_wconf 84' lang='lat' dir='ltr'>Iliade</span> <span class='ocrx_word' id='word_1_308' title='bbox 1385 1857 1522 1888; x_wconf 83' lang='lat' dir='ltr'>notus:</span> 
     </span>
     <span class='ocr_line' id='line_1_65' title="bbox 862 1906 1524 1957; baseline 0.006 -17"><span class='ocrx_word' id='word_1_309' title='bbox 862 1906 1004 1957; x_wconf 79' lang='lat' dir='ltr'>quippe</span> <span class='ocrx_word' id='word_1_310' title='bbox 1051 1907 1158 1943; x_wconf 88' lang='lat' dir='ltr'>cuius</span> <span class='ocrx_word' id='word_1_311' title='bbox 1196 1907 1340 1957; x_wconf 81' lang='lat' dir='ltr'>sagittis</span> <span class='ocrx_word' id='word_1_312' title='bbox 1378 1907 1524 1944; x_wconf 88' lang='lat' dir='ltr'>subitae</span> 
     </span>
     <span class='ocr_line' id='line_1_66' title="bbox 859 1962 1525 2015; baseline 0.005 -17"><span class='ocrx_word' id='word_1_313' title='bbox 859 1968 1002 1999; x_wconf 85' lang='lat' dir='ltr'>mortes</span> <span class='ocrx_word' id='word_1_314' title='bbox 1014 1962 1184 2000; x_wconf 86' lang='lat' dir='ltr'>virorum</span> <span class='ocrx_word' id='word_1_315' title='bbox 1195 1964 1378 2001; x_wconf 86' lang='lat' dir='ltr'>eveniunt</span> <span class='ocrx_word' id='word_1_316' title='bbox 1398 1971 1436 2001; x_wconf 87' lang='lat' dir='ltr'>et</span> <span class='ocrx_word' id='word_1_317' title='bbox 1454 1977 1525 2015; x_wconf 88' lang='lat' dir='ltr'>pe-</span> 
     </span>
     <span class='ocr_line' id='line_1_67' title="bbox 860 2019 1525 2072; baseline 0.005 -17"><span class='ocrx_word' id='word_1_318' title='bbox 860 2019 1068 2067; x_wconf 77' lang='lat' dir='ltr'>stilentiae3</span> <span class='ocrx_word' id='word_1_319' title='bbox 1098 2021 1234 2072; x_wconf 89' lang='lat' dir='ltr'>quibus</span> <span class='ocrx_word' id='word_1_320' title='bbox 1253 2022 1341 2072; x_wconf 90' lang='lat' dir='ltr'>ipsis</span> <span class='ocrx_word' id='word_1_321' title='bbox 1360 2021 1441 2058; x_wconf 84' lang='lat' dir='ltr'>vim</span> <span class='ocrx_word' id='word_1_322' title='bbox 1460 2033 1525 2058; x_wconf 87' lang='lat' dir='ltr'>so·-</span> 
     </span>
     <span class='ocr_line' id='line_1_68' title="bbox 861 2074 1525 2115; baseline 0.003 -3"><span class='ocrx_word' id='word_1_323' title='bbox 861 2076 905 2113; x_wconf 83' lang='lat' dir='ltr'>lis</span> <span class='ocrx_word' id='word_1_324' title='bbox 927 2074 1111 2113; x_wconf 86' lang='lat' dir='ltr'>declarari</span> <span class='ocrx_word' id='word_1_325' title='bbox 1139 2090 1255 2114; x_wconf 89' lang='lat' dir='ltr'>nemo</span> <span class='ocrx_word' id='word_1_326' title='bbox 1276 2091 1356 2115; x_wconf 92' lang='lat' dir='ltr'>non</span> <span class='ocrx_word' id='word_1_327' title='bbox 1380 2078 1525 2115; x_wconf 87' lang='lat' dir='ltr'>intelli-</span> 
     </span>
     <span class='ocr_line' id='line_1_69' title="bbox 863 2132 1525 2186; baseline 0.003 -17"><span class='ocrx_word' id='word_1_328' title='bbox 863 2134 931 2183; x_wconf 87' lang='lat' dir='ltr'>git.</span> <span class='ocrx_word' id='word_1_329' title='bbox 991 2132 1070 2170; x_wconf 90' lang='lat' dir='ltr'>Sed</span> <span class='ocrx_word' id='word_1_330' title='bbox 1090 2134 1200 2182; x_wconf 85' lang='lat' dir='ltr'>talia,</span> <span class='ocrx_word' id='word_1_331' title='bbox 1235 2147 1332 2186; x_wconf 89' lang='lat' dir='ltr'>quae</span> <span class='ocrx_word' id='word_1_332' title='bbox 1352 2141 1441 2171; x_wconf 73' lang='lat' dir='ltr'>smlt</span> <span class='ocrx_word' id='word_1_333' title='bbox 1460 2147 1525 2171; x_wconf 88' lang='lat' dir='ltr'>re-</span> 
     </span>
     <span class='ocr_line' id='line_1_70' title="bbox 865 2188 1524 2228; baseline 0.005 -3"><span class='ocrx_word' id='word_1_334' title='bbox 865 2188 1078 2226; x_wconf 79' lang='lat' dir='ltr'>conditiora</span> <span class='ocrx_word' id='word_1_335' title='bbox 1127 2198 1164 2228; x_wconf 88' lang='lat' dir='ltr'>et</span> <span class='ocrx_word' id='word_1_336' title='bbox 1213 2190 1262 2228; x_wconf 85' lang='lat' dir='ltr'>ad</span> <span class='ocrx_word' id='word_1_337' title='bbox 1300 2192 1524 2228; x_wconf 90' lang='lat' dir='ltr'>interiorem</span> 
     </span>
     <span class='ocr_line' id='line_1_71' title="bbox 865 2247 1526 2285; baseline 0.002 -2"><span class='ocrx_word' id='word_1_338' title='bbox 865 2247 1101 2284; x_wconf 85' lang='lat' dir='ltr'>Graecorum</span> <span class='ocrx_word' id='word_1_339' title='bbox 1140 2249 1348 2284; x_wconf 88' lang='lat' dir='ltr'>numinum</span> <span class='ocrx_word' id='word_1_340' title='bbox 1395 2248 1526 2285; x_wconf 88' lang='lat' dir='ltr'>notio-</span> 
     </span>
     <span class='ocr_line' id='line_1_72' title="bbox 862 2303 1526 2356; baseline 0.002 -16"><span class='ocrx_word' id='word_1_341' title='bbox 862 2316 956 2340; x_wconf 85' lang='lat' dir='ltr'>nem</span> <span class='ocrx_word' id='word_1_342' title='bbox 989 2305 1204 2354; x_wconf 83' lang='lat' dir='ltr'>pertinent,</span> <span class='ocrx_word' id='word_1_343' title='bbox 1257 2303 1318 2342; x_wconf 90' lang='lat' dir='ltr'>hic</span> <span class='ocrx_word' id='word_1_344' title='bbox 1363 2306 1526 2356; x_wconf 88' lang='lat' dir='ltr'>amplius</span> 
     </span>
     <span class='ocr_line' id='line_1_73' title="bbox 862 2361 1525 2412; baseline 0.003 -16"><span class='ocrx_word' id='word_1_345' title='bbox 862 2361 1041 2412; x_wconf 83' lang='lat' dir='ltr'>persequi</span> <span class='ocrx_word' id='word_1_346' title='bbox 1055 2374 1135 2397; x_wconf 88' lang='lat' dir='ltr'>non</span> <span class='ocrx_word' id='word_1_347' title='bbox 1149 2368 1270 2398; x_wconf 84' lang='lat' dir='ltr'>vacat.</span> <span class='ocrx_word' id='word_1_348' title='bbox 1292 2362 1357 2398; x_wconf 92' lang='lat' dir='ltr'>Tu</span> <span class='ocrx_word' id='word_1_349' title='bbox 1368 2362 1469 2398; x_wconf 89' lang='lat' dir='ltr'>conf.</span> <span class='ocrx_word' id='word_1_350' title='bbox 1479 2362 1525 2398; x_wconf 93' lang='lat' dir='ltr'>Il.</span> 
     </span>
     <span class='ocr_line' id='line_1_74' title="bbox 863 2417 1525 2466; baseline 0 -12"><span class='ocrx_word' id='word_1_351' title='bbox 863 2419 894 2465; x_wconf 86' lang='lat' dir='ltr'>I,</span> <span class='ocrx_word' id='word_1_352' title='bbox 913 2420 977 2458; x_wconf 88' lang='lat'>18.</span> <span class='ocrx_word' id='word_1_353' title='bbox 988 2419 1055 2458; x_wconf 89' lang='grc'><strong>21.</strong></span> <span class='ocrx_word' id='word_1_354' title='bbox 1068 2417 1164 2459; x_wconf 81' lang='grc'><strong>438.</strong></span> <span class='ocrx_word' id='word_1_355' title='bbox 1178 2419 1261 2466; x_wconf 87' lang='lat' dir='ltr'>XV,</span> <span class='ocrx_word' id='word_1_356' title='bbox 1276 2418 1525 2466; x_wconf 83' lang='lat' dir='ltr'>513.XX111,</span> 
     </span>
     <span class='ocr_line' id='line_1_75' title="bbox 865 2473 1526 2526; baseline 0.003 -16"><span class='ocrx_word' id='word_1_357' title='bbox 865 2475 962 2515; x_wconf 83' lang='lat'>872.</span> <span class='ocrx_word' id='word_1_358' title='bbox 994 2473 1093 2518; x_wconf 81' lang='lat' dir='ltr'>Quin</span> <span class='ocrx_word' id='word_1_359' title='bbox 1114 2475 1231 2526; x_wconf 89' lang='lat' dir='ltr'>ipsius</span> <span class='ocrx_word' id='word_1_360' title='bbox 1252 2475 1440 2525; x_wconf 88' lang='lat' dir='ltr'>Apollinis</span> <span class='ocrx_word' id='word_1_361' title='bbox 1464 2476 1526 2512; x_wconf 85' lang='lat' dir='ltr'>lo·-</span> 
     </span>
     <span class='ocr_line' id='line_1_76' title="bbox 864 2527 1541 2583; baseline 0.006 -16"><span class='ocrx_word' id='word_1_362' title='bbox 864 2543 909 2567; x_wconf 78' lang='lat'>00</span> <span class='ocrx_word' id='word_1_363' title='bbox 940 2531 1163 2581; x_wconf 72' lang='lat' dir='ltr'>simpliciter</span> <span class='ocrx_word' id='word_1_364' title='bbox 1181 2533 1338 2583; x_wconf 78' lang='lat' dir='ltr'>ponitur</span> <span class='ocrx_word' id='word_1_365' title='bbox 1361 2527 1541 2582; x_wconf 52' lang='grc' dir='ltr'><strong><em>Ἑκηβό-’</em></strong></span> 
     </span>
     <span class='ocr_line' id='line_1_77' title="bbox 864 2588 1525 2636; baseline -0.005 -10"><span class='ocrx_word' id='word_1_366' title='bbox 864 2589 931 2634; x_wconf 84' lang='grc' dir='ltr'>λος</span> <span class='ocrx_word' id='word_1_367' title='bbox 949 2588 1035 2635; x_wconf 86' lang='lat'>11.1‚</span> <span class='ocrx_word' id='word_1_368' title='bbox 1066 2590 1133 2629; x_wconf 83' lang='lat'>96.</span> <span class='ocrx_word' id='word_1_369' title='bbox 1151 2591 1246 2629; x_wconf 88' lang='grc'><strong>110.</strong></span> <span class='ocrx_word' id='word_1_370' title='bbox 1271 2589 1398 2636; x_wconf 86' lang='lat' dir='ltr'>XXII,</span> <span class='ocrx_word' id='word_1_371' title='bbox 1430 2591 1525 2629; x_wconf 84' lang='grc'><strong>302.</strong></span> 
     </span>
     <span class='ocr_line' id='line_1_78' title="bbox 865 2643 1525 2695; baseline 0 -16"><span class='ocrx_word' id='word_1_372' title='bbox 865 2644 949 2689; x_wconf 80' lang='lat' dir='ltr'>Quo</span> <span class='ocrx_word' id='word_1_373' title='bbox 973 2643 1109 2681; x_wconf 86' lang='lat' dir='ltr'>eodem</span> <span class='ocrx_word' id='word_1_374' title='bbox 1129 2658 1242 2682; x_wconf 86' lang='lat' dir='ltr'>sensu</span> <span class='ocrx_word' id='word_1_375' title='bbox 1262 2644 1365 2682; x_wconf 89' lang='lat' dir='ltr'>idem</span> <span class='ocrx_word' id='word_1_376' title='bbox 1385 2644 1525 2695; x_wconf 79' lang='lat' dir='ltr'>Apollo</span> 
     </span>
     <span class='ocr_line' id='line_1_79' title="bbox 864 2699 1526 2748; baseline 0.002 -12"><span class='ocrx_word' id='word_1_377' title='bbox 864 2700 1008 2739; x_wconf 89' lang='lat' dir='ltr'>Herod.</span> <span class='ocrx_word' id='word_1_378' title='bbox 1042 2702 1088 2748; x_wconf 86' lang='lat' dir='ltr'>V,</span> <span class='ocrx_word' id='word_1_379' title='bbox 1119 2704 1167 2741; x_wconf 88' lang='grc'>61</span> <span class='ocrx_word' id='word_1_380' title='bbox 1201 2709 1359 2738; x_wconf 80' lang='lat' dir='ltr'>vocatur</span> <span class='ocrx_word' id='word_1_381' title='bbox 1385 2699 1526 2739; x_wconf 75' lang='grc' dir='ltr'><em>εὕσκο-</em></span> 
     </span>
     <span class='ocr_line' id='line_1_80' title="bbox 865 2756 1527 2809; baseline -0.009 -13"><span class='ocrx_word' id='word_1_382' title='bbox 865 2772 962 2804; x_wconf 87' lang='grc' dir='ltr'>πος,</span> <span class='ocrx_word' id='word_1_383' title='bbox 984 2757 1089 2809; x_wconf 89' lang='lat' dir='ltr'>quod</span> <span class='ocrx_word' id='word_1_384' title='bbox 1110 2756 1306 2808; x_wconf 89' lang='lat' dir='ltr'>epitheton</span> <span class='ocrx_word' id='word_1_385' title='bbox 1325 2756 1527 2801; x_wconf 86' lang='lat' dir='ltr'>Mercurio,</span> 
     </span>
     <span class='ocr_line' id='line_1_81' title="bbox 866 2812 1528 2861; baseline -0.006 -11"><span class='ocrx_word' id='word_1_386' title='bbox 866 2815 1026 2861; x_wconf 79' lang='lat' dir='ltr'>Dianae,</span> <span class='ocrx_word' id='word_1_387' title='bbox 1059 2815 1139 2850; x_wconf 87' lang='lat' dir='ltr'>aliis</span> <span class='ocrx_word' id='word_1_388' title='bbox 1160 2814 1336 2850; x_wconf 87' lang='lat' dir='ltr'>tribuitur</span> <span class='ocrx_word' id='word_1_389' title='bbox 1355 2812 1528 2848; x_wconf 90' lang='lat' dir='ltr'>numini-</span> 
     </span>
    </p>
   </div>
   <div class='ocr_carea' id='block_1_14' title="bbox 1173 2866 1247 2909">
    <p class='ocr_par' dir='ltr' id='par_1_15' title="bbox 1173 2866 1247 2909">
     <span class='ocr_line' id='line_1_82' title="bbox 1173 2866 1247 2909; baseline 0 -20"><span class='ocrx_word' id='word_1_390' title='bbox 1173 2866 1247 2909; x_wconf 49' lang='grc' dir='ltr'>γῆ</span> 
     </span>
    </p>
   </div>
  </div>
 </body>
</html>
