1897 3340
420 259 1078 302 TERPSICHORE.
1138 259 1181 294 V.

1358 260 1439 297 195

170 372 353 430 μάχῃσι·
399 373 446 416 ἐν
484 370 530 414 δὲ
571 370 622 424 δὴ
663 369 737 412 καὶ
766 366 961 417 Ἀλκαῖος
993 365 1016 410 ὁ
1045 367 1246 422 ποιητὴς,
1280 368 1438 420 συμβο-
1499 380 1697 418 (zuram-mm<

171 444 248 495 λῆς
286 439 538 494 γενομένης,
590 438 664 480 καὶ
704 435 931 479 νικώντων
975 433 1246 489 Ἀθηναίων,
1306 430 1514 484 advos-55⁴(

170 508 249 564 μὲν
279 505 455 562 φεύγων
485 502 708 560 ἐκφεύγει,
738 501 790 546 τὰ
823 503 868 546 δέ
901 505 945 546 οῖ
974 501 1086 546 ὅπλα
1116 503 1287 556 ἴσχουσι
1317 499 1440 555 Ἀθη-

169 580 309 627 ναῖοι,
357 575 432 616 καί
469 585 582 628 σφεα
621 571 925 626 ἀνεκρέμασαν
966 570 1075 625 πρὸς
1115 569 1165 613 τό
1204 567 1441 625 Ἀθήναιον

141 640 221 685 2τό
253 641 300 684 ἐν
330 642 503 697 Σιγείῳ.
549 644 686 683 ταῦτα
718 640 763 683 δὲ
790 639 987 690 Ἀλκαῖος
1018 639 1064 682 ἐν
1094 638 1212 694 μέλεϊ
1239 636 1440 694 ποιήσας,

169 709 355 753 ἐπιτιθεῖ
381 707 424 758 ἐς
453 705 738 764 Μυτιλήνην,
779 705 1141 765 ἐξαγγελλόμενος
1179 706 1228 750 τό
1273 705 1499 750 ἑωυτοῦσο

111 919 178 952 το,
209 903 313 956 quod
334 902 469 940 Matth.
490 903 665 950 retinuit,
704 916 774 939 ex·-

112 960 317 998 hibuimus.

168 1013 442 1068 ἀνεκρέμασαν
459 1013 560 1067 πρὸς
581 1012 624 1054 τὸ
649 1010 776 1065 Ἀθή-

111 1089 228 1114 ναιον
250 1071 293 1113 τὸ
320 1074 362 1114 ἐν
383 1074 552 1126 Σιγείῳ]
613 1074 696 1109 Hoc
716 1073 777 1108 lo-

113 1144 158 1168 co
179 1132 305 1182 posuit
326 1127 448 1182 πρός,
487 1143 575 1166 cum
597 1142 709 1180 supra
730 1129 776 1176 V,

111 1191 166 1229 77
186 1190 369 1238 posuisset
391 1187 458 1234 εἰς,
492 1187 558 1223 ubi
578 1185 655 1223 vid.
675 1193 773 1223 nott.

110 1246 242 1296 Ipsum
262 1257 352 1281 vero
373 1243 446 1280 hoc
458 1245 652 1280 Minervae
672 1249 774 1279 tem-

112 1303 220 1353 plum
242 1306 478 1337 memoratur
497 1301 538 1336 in
557 1301 775 1350 inscriptio-

114 1372 162 1395 ne
193 1357 321 1408 Sigea,
353 1358 459 1393 cuius
480 1358 519 1392 in
539 1364 636 1396 nott.
659 1355 707 1392 ad
729 1356 774 1403 V,

115 1413 168 1456 64
188 1416 347 1451 fecimus
363 1415 614 1452 mentionem.
644 1413 777 1449 Alcaei

115 1472 241 1518 verba,
266 1472 400 1523 quibus
421 1483 459 1506 se
480 1471 606 1521 ipsum
620 1469 777 1521 quidem

114 1529 263 1565 salvum
293 1541 370 1564 esse
400 1526 546 1563 factum
575 1528 775 1573 cecinerat,

112 1583 180 1622 sed
213 1585 326 1620 armis
361 1584 529 1630 amissis,
570 1584 704 1634 clypeo
736 1583 776 1618 in

114 1642 310 1677 Minervae
352 1640 506 1676 Caesiae
543 1640 688 1690 templo
729 1639 776 1675 ab

111 1696 409 1735 Atheniensibus
431 1709 625 1747 suspenso,
647 1708 777 1733 serva-

112 1756 166 1793 vit
206 1755 331 1792 strab.
360 1754 454 1790 XIII
483 1767 522 1804 p.
551 1755 632 1794 600
667 1753 715 1789 A.
746 1766 776 1789 s.

115 1810 195 1852 895
219 1812 275 1859 C.,
306 1812 346 1847 in
368 1811 504 1863 quibus
525 1810 648 1846 verbis
676 1816 778 1846 recte

113 1866 387 1905 constituendis
415 1874 501 1917 post
529 1865 717 1903 Valcken.
742 1873 779 1902 et

112 1925 346 1975 Wesseling.
397 1925 639 1960 elaborarunt
677 1924 780 1959 Mat-

113 1980 216 2019 thiae
249 1983 288 2018 in
318 1981 450 2017 Alcaei
479 1981 657 2031 fragmm.
691 1992 779 2030 pag.

116 2040 167 2079 18
189 2052 269 2090 seq.
302 2045 339 2075 et
371 2036 573 2076 VVelcker.
605 2039 644 2073 in
668 2035 778 2073 Iahn.

114 2096 269 2132 Annall.
300 2095 540 2146 paedagogg.
575 2101 612 2130 et
631 2092 779 2145 philoll.

119 2154 226 2193 1830
257 2152 362 2201 (XII,
398 2154 439 2203 1)
462 2164 549 2203 pag.
577 2153 644 2192 36.
707 2151 781 2187 At-

117 2221 191 2260 que
220 2222 264 2245 eo
285 2211 411 2246 Nostri
439 2214 612 2260 spectant
638 2209 777 2244 verba:

116 2263 158 2303 ἐν
183 2265 291 2316 μέλεϊ
318 2262 490 2316 ποιήσας
524 2272 561 2302 et
590 2277 689 2317 quae
719 2278 782 2301 se-

117 2330 298 2373 quuntur.
364 2324 551 2360 Alcaeum
585 2323 689 2358 enim
720 2322 781 2358 vi-

116 2391 203 2414 rum
223 2380 365 2431 alioqui
385 2387 583 2417 strenuum
602 2379 716 2415 fuisse
737 2391 781 2415 ac

116 2435 256 2472 fortem
276 2443 460 2473 testantur
478 2443 636 2483 veteres,
656 2433 782 2472 Athe-

118 2504 236 2530 naeus
255 2493 357 2541 XIV,
375 2496 428 2534 23
450 2507 487 2544 p.
509 2495 589 2534 627
609 2493 672 2540 A.‚
695 2494 780 2529 Ho-

118 2549 232 2586 ratius
263 2548 334 2586 Od.
374 2551 403 2597 I,
445 2551 511 2596 32,
552 2551 576 2590 6
617 2549 781 2602 (ferocem

121 2603 207 2641 bello
224 2619 364 2643 vocans
394 2605 614 2655 Alcaeum),
647 2607 780 2643 Cicero

122 2660 292 2698 Tusculi.
311 2663 374 2711 IV,
396 2665 463 2709 33,
493 2662 559 2698 ubi
584 2664 638 2699 vir
668 2662 782 2712 fortis

121 2717 342 2766 appellatur.
401 2718 512 2755 Conf.
532 2717 670 2755 Plehu.
689 2720 784 2755 Les-

123 2773 243 2809 biacc.
271 2787 358 2824 pag.
382 2777 462 2815 170
486 2788 606 2826 seqq.,
637 2776 703 2827 qui
734 2788 783 2811 ex

124 2841 190 2876 eo,
232 2829 334 2881 quod
363 2830 613 2869 Athenienses
652 2832 784 2868 Alcaei

125 2897 230 2921 arma
257 2887 298 2921 iu
323 2887 466 2936 templo
504 2887 782 2938 suspenderint,

833 916 896 940 eos
944 905 1044 955 ipsos
1088 903 1357 954 comprobasse
1404 903 1498 948 vult,

832 959 937 997 haud
957 961 1064 1012 parvi
1094 973 1113 996 a
1146 974 1185 997 se
1217 960 1349 996 Alcaei
1379 960 1502 996 virtu—

833 1025 912 1054 tem
935 1018 1150 1054 aestimari:
1174 1016 1279 1068 quod
1299 1015 1395 1052 mihi
1412 1017 1500 1067 qui-

835 1074 924 1112 dem
945 1088 1024 1111 non
1051 1075 1256 1125 persuasit3
1288 1087 1359 1109 nec
1380 1076 1502 1123 lnagiS

833 1133 988 1182 probari
1028 1130 1141 1169 video
1171 1129 1384 1168 Welckero
1416 1130 1443 1166 l.
1474 1132 1501 1167 l.

831 1202 921 1239 pag.
952 1190 1020 1228 36.
1079 1190 1257 1240 Namque
1288 1188 1354 1224 vix
1386 1187 1500 1223 aliam

834 1246 882 1282 ob
905 1257 1059 1282 causam
1088 1243 1184 1281 haec
1218 1257 1324 1281 arma
1356 1244 1501 1294 (prouti

832 1315 916 1339 mos
948 1302 1113 1351 ferebat)
1144 1302 1300 1338 fuerunt
1320 1313 1501 1351 suspensa

834 1360 881 1395 ab
902 1357 1199 1395 Atheniensibus
1213 1389 1222 1406 ,
1245 1371 1363 1410 quam
1384 1365 1426 1394 ut
1442 1359 1501 1394 vi-

834 1417 975 1452 ctoriae
992 1413 1039 1451 de
1059 1416 1214 1463 Alcaeo,
1246 1417 1327 1451 viro
1347 1427 1500 1452 summo

836 1485 880 1509 ac
938 1472 1142 1508 fortissimo
1186 1478 1399 1522 reportatae
1437 1472 1500 1507 in—

833 1530 941 1578 signe
963 1527 1188 1564 exhiberent
1201 1528 1478 1565 documentum
1490 1541 1502 1575 3

833 1584 937 1621 unde
970 1597 1060 1621 saue
1085 1585 1213 1621 nullus
1243 1587 1283 1621 iu
1313 1585 1501 1621 Alcaeum

833 1640 1073 1678 redundabat
1092 1640 1227 1678 honos.
1288 1641 1401 1687 Quod
1429 1642 1503 1678 Al—

834 1711 939 1743 caeo,
976 1697 1081 1734 idem
1105 1697 1339 1736 Archilocho
1366 1705 1502 1749 poetae

835 1755 1015 1792 accidisse
1032 1757 1249 1806 accepimus
1269 1763 1309 1793 ut
1321 1756 1502 1807 clypeum

836 1814 1048 1858 amitteret,
1085 1811 1192 1864 quod
1220 1825 1410 1863 magnum
1429 1811 1503 1849 ha-

835 1870 997 1906 bebatur
1030 1868 1196 1906 dedecus
1219 1869 1322 1920 apud
1342 1877 1503 1906 veteres.

837 1926 895 1962 Cf.
916 1926 1066 1963 Aelian.
1085 1926 1132 1963 V.
1144 1928 1192 1962 H.
1205 1927 1256 1973 X,
1282 1929 1346 1967 13.
1380 1926 1505 1971 Quem

836 1990 1044 2034 utrumque
1065 1990 1221 2034 poetam
1233 1983 1426 2020 imitatum
1444 1996 1505 2019 es-

836 2053 876 2076 se
907 2041 1112 2076 Horatium
1141 2038 1213 2076 Od.
1248 2041 1295 2088 H,
1330 2043 1405 2088 13,
1435 2042 1503 2084 26,

835 2097 921 2133 loco
962 2097 1277 2144 celebratissimo,
1307 2103 1396 2134 sunt
1438 2097 1505 2148 qui

837 2160 1017 2191 statuant.
1047 2155 1168 2204 Attigi
1187 2155 1228 2190 in
1247 2155 1388 2192 Histor.
1411 2155 1504 2190 Litt.

837 2212 993 2248 Romm.
1029 2211 1067 2257 ξ.
1111 2210 1191 2252 104
1229 2217 1312 2248 not.
1345 2213 1371 2251 8
1412 2209 1503 2247 edit.

836 2266 993 2305 secund.

893 2326 1021 2363 ταῦτα
1048 2320 1091 2362 δὲ
1115 2317 1302 2369 Ἀλκαῖος
1332 2321 1374 2362 ἐν
1395 2321 1505 2373 μέλεϊ

836 2377 1009 2432 ποιήσας
1028 2395 1063 2419 κ.
1086 2395 1119 2417 τ.
1137 2381 1191 2428 L]
1231 2380 1337 2428 „Ista
1354 2380 1505 2417 ilamen-

837 2442 937 2475 tatus
957 2437 1006 2474 ad
1026 2436 1142 2488 lyram
1163 2437 1336 2485 Alcaeus,
1367 2449 1505 2474 carmen

837 2493 1042 2545 Mytilenen
1075 2496 1208 2541 mittit,
1256 2494 1306 2531 ad
1351 2493 1505 2531 sodalem

1518 424 1632 450 'irmino
1653 436 1668 452 n

1517 441 1522 450 .

1516 461 1645 485 ῐιῑοτυιιι

837 2550 1098 2602 Melanippum,
1129 2564 1195 2600 quo
1217 2564 1319 2588 suam
1346 2550 1408 2588 ille
1434 2549 1505 2601 fu·
1534 2549 1539 2555 '

837 2621 923 2657 gam
969 2607 1209 2656 evulgabat.“
1288 2607 1502 2644 Valcken.

837 2666 896 2701 De
928 2665 1045 2702 verbo
1066 2667 1197 2703 ποιεῖν
1218 2666 1378 2703 carmina
1403 2677 1501 2714 pan-

839 2734 940 2770 gere,
970 2721 1116 2758 scribere
1154 2719 1319 2758 vidiinus
1354 2719 1403 2756 ad
1436 2719 1502 2766 111,

839 2779 917 2823 383
939 2777 988 2814 ad
1007 2790 1144 2814 vocem
1164 2776 1280 2828 μέλος
1301 2776 1395 2827 (qua
1415 2775 1504 2825 lyri-

841 2846 916 2870 cam
951 2836 1071 2884 poesin
1108 2832 1268 2870 indicari
1305 2833 1502 2869 neminem

838 2890 954 2940 fugit)
976 2890 1078 2930 conf,
1098 2891 1145 2935 II,
1170 2889 1249 2928 135
1280 2895 1316 2925 et
1347 2886 1394 2924 de
1422 2887 1504 2923 sor-

1124 2947 1174 2984 13
1195 2942 1221 2965 ἢ*

1673 422 1742 454 omli
