1897 3340
292 963 353 1008 71
414 968 613 1026 γεράνων
652 967 798 1025 δοράς.

86 1028 210 1065 Libyes.

421 250 507 291 556

389 364 556 414 Ξροισι,
587 360 741 416 φωνὴν
769 361 816 404 δὲ
845 363 919 405 καὶ
948 363 1138 418 τρίχωμα
1166 367 1354 418 μοῦνον.

817 254 1277 293 HERODOTI

1413 367 1457 409 οἱ
1485 365 1565 421 μὲν
1595 365 1680 422 γὰρ
1693 373 1737 408 85

417 423 487 471 ἄπ’
525 426 654 483 ἡλίου
695 429 925 482 Αἰθίοπες,
965 430 1181 486 ἰθύτριχες
1221 433 1320 475 εἰσι·
1352 433 1395 474 οἱ
1435 432 1481 476 δὲ
1520 433 1567 476 ἐκ
1603 438 1681 491 τῆς

388 494 602 551 3Λιβύης,
634 493 874 540 οὐλότατον
903 498 1093 553 τρίχωμα
1123 499 1268 553 ἔχουσι
1297 498 1475 543 πάντων
1503 499 1680 556 ἀνθρώ-

416 578 525 606 πων.
582 557 707 606 οὗτοι
745 564 791 607 δὲ
827 566 871 608 οἱ
907 565 954 608 ἐκ
982 570 1057 622 τῆς
1085 565 1225 623 Ἀσίης
1246 568 1477 618 Αἰθίοπες,
1518 570 1571 611 τὰ
1602 570 1682 624 μὲν

416 630 532 674 πλέω
571 628 682 673 κατοί
719 646 799 686 περ
836 630 965 676 Ἰνδοὶ
995 633 1246 689 ἐσεσάχατο,
1278 638 1605 690 προμετωπίδια
1635 636 1682 680 δὲ

416 699 565 741 ἵππων
603 695 720 753 εἶχον
757 698 826 742 ἐπὶ
863 703 961 756 τῇσι
997 706 1232 759 κεφαλῇσι,
1278 702 1361 746 σύν
1398 719 1441 747 τε
1469 708 1581 746 τοῖσι
1602 702 1738 747 ω’σὶ90

417 764 712 819 ἐκδεδαρμένα
748 765 822 809 καὶ
859 771 914 823 τῇ
947 771 1108 824 λοφιῇ·
1150 770 1223 812 καὶ
1243 768 1340 814 ἀντὶ
1359 771 1438 825 μὲν
1467 771 1624 827 λόφου,
1654 770 1682 828 ἡ

417 834 550 889 λοφιὴ
585 832 795 889 κατέχρα·
824 833 876 876 τὰ
909 835 954 878 δὲ
985 831 1074 878 ὦτα
1092 839 1182 879 τῶν
1212 839 1370 889 ἵππων,
1400 837 1518 891 ὀρθὰ
1547 846 1704 894 πεπη-’

416 901 524 958 γότα
567 899 682 956 εἶχον
711 899 996 957 προβλήματα
1025 902 1071 946 δὲ
1108 901 1202 946 ἄντ’
1235 902 1432 948 ἀσπίδων
1452 906 1679 950 ἐποιεῦντο

359 1171 495 1208 Tzetz.
523 1169 645 1219 Exeg.
673 1166 715 1204 in
752 1163 860 1204 Iliad.
887 1180 926 1218 p.
956 1168 1022 1207 62.

360 1230 401 1269 8.
430 1226 610 1277 Apollon.
639 1225 736 1261 Lex.
755 1226 912 1261 Homer.
932 1236 1022 1274 pag.

338 1328 341 1332 ἢ
360 1284 442 1325 513
464 1283 568 1320 Toll.
588 1283 716 1333 ibique
746 1283 964 1332 Interprett.

415 1338 740 1391 προμετωπίδια]
787 1339 1020 1389 „Frequen-

360 1403 489 1434 tantur
515 1397 555 1432 in
586 1408 772 1447 equorum
800 1401 886 1431 ante
915 1395 1019 1430 fron-

361 1460 442 1490 tem
453 1459 587 1489 ornatu
600 1451 897 1504 προμετωπίδια
918 1449 1020 1501 apud

359 1508 661 1560 Xenophontem
690 1507 785 1557 [vid.
813 1510 908 1548 Lex.
939 1509 1021 1543 Xe-

361 1562 479 1616 noph.
501 1567 555 1602 111
574 1565 798 1616 pag.686]‚
830 1563 1020 1601 Achillem

361 1623 534 1669 Tatium,
547 1620 1020 1668 Aelianum,la1nblichum

361 1686 399 1716 et
418 1680 567 1730 plures:
607 1679 647 1714 in
668 1678 843 1713 muliebri
873 1676 1018 1714 mundo

358 1730 509 1784 κόσμος
538 1734 853 1786 προμετωπίδιος
880 1734 1019 1770 Basilio

358 1793 414 1828 M.
439 1793 488 1829 T.
520 1793 557 1827 II
584 1805 622 1842 p.
653 1790 706 1831 55
729 1791 770 1829 C.
830 1791 902 1826 Hic
921 1804 1021 1840 προ-

361 1848 579 1900 μετωπίδια
599 1854 686 1884 sunt
704 1846 824 1897 pellem,
857 1859 1019 1896 equorum

361 1906 536 1955 capitibus
556 1903 736 1941 detractae
747 1907 778 1940 et
798 1903 962 1940 Immanis
973 1903 1022 1940 ad

359 1966 518 1999 terrorem
530 1960 676 1998 indutae
696 1963 728 1997 et
747 1962 902 2011 speciem.
922 1961 1022 1996 Nam

360 2017 466 2070 quod
494 2024 582 2054 ante
611 2017 796 2063 frontem,
818 2030 1023 2067 προμετω-

357 2075 517 2122 πίδιον,
559 2075 670 2126 quale
700 2073 1020 2124 προμετωπίδιον

358 2129 537 2182 κέντρον,
559 2143 635 2182 quo
656 2137 792 2167 natura
812 2131 932 2180 pisces
956 2130 1017 2165 xi-

358 2185 466 2238 phias
496 2187 673 2235 armavit,
712 2187 752 2222 iu
791 2186 941 2222 Aeliani
970 2186 1021 2223 H.

358 2244 408 2279 A.
430 2243 532 2290 XIV,
548 2244 643 2283 26.“
678 2242 745 2280 We
756 2243 953 2290 sseling.
973 2243 1018 2277 In

360 2297 523 2336 eandem
557 2305 726 2335 mentem
757 2299 1021 2347 interpretatur

360 2353 745 2404 Schweighaeuserus
765 2355 804 2390 in
823 2355 918 2390 Lex.
939 2355 1021 2389 He-

359 2410 442 2449 rod.
480 2413 648 2462 itemque
682 2409 915 2456 Lamherus,
954 2411 1021 2461 qui

360 2466 510 2506 cassidis
533 2480 652 2517 genus
682 2467 859 2516 intelligit
880 2480 900 2502 e
920 2467 1019 2517 pelle

359 2525 490 2575 capitis
510 2524 649 2560 bestiae
678 2522 874 2559 cuiusdam
908 2536 1020 2573 para-

358 2587 457 2618 tum.
515 2580 588 2625 Qui
615 2592 705 2617 vero
736 2581 773 2615 in
795 2578 1020 2630 anaglyphis

359 2637 565 2675 Thebaicis
613 2637 896 2687 conspiciuntur
934 2637 1017 2684 viri,

358 2692 434 2731 hoc
472 2693 602 2744 capitis
632 2699 853 2742 tegumento
882 2691 1016 2739 induti,

361 2749 466 2803 quod
485 2751 624 2801 pellem
646 2762 734 2786 cum
751 2750 881 2786 erectis
902 2750 939 2785 in
962 2751 1019 2786 al-

359 2814 445 2844 tum
465 2807 617 2844 auribus
640 2806 795 2854 referat,
826 2804 939 2843 Indos
955 2813 1019 2843 aut

361 2871 462 2902 certe
499 2862 683 2901 Indorum
715 2864 874 2910 accolas,
924 2875 1019 2915 quos

875 971 1036 1026 Λίβυες
1078 971 1126 1015 δὲ
1167 971 1327 1028 σκευὴν
1366 973 1445 1029 μὲν
1473 974 1682 1029 σκυτίνην

1078 1167 1238 1206 Asianos
1273 1166 1481 1221 Aethiopes
1520 1166 1736 1206 Herodotus

1077 1233 1207 1273 vocat,
1229 1226 1387 1263 indicari
1407 1227 1649 1277 probabiliter
1658 1233 1739 1262 sta-

1076 1284 1148 1319 tuit
1176 1284 1339 1322 Heeren.
1374 1283 1505 1320 Ideen.
1535 1284 1583 1331 11,
1604 1285 1736 1333 2pag.

1074 1340 1154 1379 291
1192 1337 1266 1377 hoc
1294 1341 1379 1377 loco
1409 1339 1627 1377 Herodoteo
1647 1351 1736 1376 usus

1078 1402 1115 1432 et
1132 1396 1317 1446 imagines
1337 1398 1423 1434 istas
1436 1395 1640 1433 Thebaicis
1649 1407 1738 1432 mo-

1076 1454 1269 1490 numentis
1297 1454 1500 1504 insculptas
1533 1452 1581 1490 ad
1609 1454 1739 1503 Aegy·
1806 1471 1809 1475 ·

1076 1510 1243 1560 ptiorum
1273 1510 1531 1561 expeditiones
1553 1510 1739 1560 antiquis-

1076 1567 1172 1603 simo
1195 1579 1288 1604 aevo
1308 1568 1349 1603 in
1371 1568 1557 1604 orientem
1585 1567 1738 1603 iustitu-

1075 1629 1131 1659 tas
1151 1623 1330 1661 referens.
1379 1625 1436 1661 Ac
1457 1622 1623 1675 denique
1645 1634 1735 1659 cum

1074 1677 1148 1715 hoc
1159 1679 1340 1716 Herodoti
1350 1680 1435 1716 loco
1447 1678 1577 1716 Naeke
1590 1677 1738 1727 (Choe-

1075 1736 1133 1771 ril.
1155 1736 1334 1786 fragmm.
1355 1749 1443 1786 pag.
1460 1735 1556 1784 145)
1577 1747 1738 1786 compa-

1077 1798 1153 1838 rat,
1186 1806 1282 1843 quae
1304 1791 1500 1829 Choerilus
1521 1791 1568 1828 de
1587 1790 1737 1828 ludaeis

1077 1848 1294 1899 praedicat:
1329 1845 1456 1899 αὕτᾶρ
1475 1844 1656 1900 ὕπερθεν
1666 1847 1737 1886 ἴπ-

1077 1919 1166 1943 πων
1202 1902 1325 1956 damn?
1357 1900 1537 1956 πρόσωπ’
1564 1901 1738 1956 ἐφόρευν

1077 1960 1294 2011 ἒσκληκότα
1305 1964 1447 2012 καπνῷ
1466 1960 1567 2012 apud
1587 1959 1742 2011 Ioseph.

1078 2031 1112 2056 c.
1133 2019 1273 2069 Apion.
1289 2020 1307 2055 1
1327 2033 1366 2070 p.
1387 2017 1469 2060 454
1483 2019 1567 2055 Vol.
1588 2019 1637 2054 ΙΙ.
1659 2019 1740 2054 Ha-

1077 2088 1270 2126 vercamp.
1291 2096 1348 2103 —
1403 2074 1466 2111 Ad
1485 2075 1646 2112 verbum
1665 2089 1740 2113 κα-

1076 2130 1190 2181 τέχρα
1219 2130 1297 2169 vid.
1327 2129 1463 2168 Matth.
1502 2131 1569 2167 Gr.
1601 2131 1667 2167 Gr.
1698 2131 1736 2175 §.

1076 2187 1157 2227 255
1187 2200 1275 2238 pag.
1303 2186 1384 2227 497
1415 2193 1453 2224 et
1473 2185 1522 2224 nd
1554 2183 1738 2238 προβλή-

1073 2259 1177 2294 ματα
1196 2243 1297 2280 conf.
1317 2243 1381 2290 IV,
1405 2242 1497 2284 175.
1555 2245 1634 2281 Nec
1664 2244 1737 2281 ali-

1076 2306 1133 2336 ter
1152 2298 1246 2336 haec
1276 2312 1353 2336 vox
1381 2299 1589 2349 defensionis
1607 2301 1736 2337 notio-

1075 2369 1125 2392 ne
1160 2355 1263 2407 apud
1296 2355 1475 2407 Aeschyl.
1511 2357 1554 2393 S.
1593 2370 1627 2394 c.
1655 2355 1734 2396 Th.

1076 2412 1157 2453 536
1189 2420 1225 2449 et
1257 2416 1361 2461 673,
1402 2413 1469 2450 ubi
1496 2412 1571 2450 vid.
1600 2414 1736 2450 Blom-

1075 2468 1176 2505 field.
1197 2470 1236 2506 in
1258 2470 1419 2508 Glossar.
1451 2468 1499 2507 ad
1527 2476 1735 2523 utrumque

1073 2526 1215 2564 locum.

1281 2615 1374 2668 cap.
1402 2617 1544 2655 LXXI.

1130 2694 1312 2745 Λίβυες]
1362 2694 1448 2734 vid.
1479 2701 1574 2733 nott.
1594 2694 1643 2733 ad
1666 2696 1733 2745 111,

1075 2751 1141 2790 91.
1165 2752 1249 2799 Qui,
1271 2759 1311 2788 ut
1322 2753 1418 2803 Mysi
1434 2753 1512 2800 Vn,
1526 2751 1594 2801 74,
1615 2759 1733 2790 utun-

1075 2814 1138 2844 tur
1156 2804 1544 2848 ἰᾶοιιίἰεὲπικαύτοισι
1564 2810 1590 2846 i.
1611 2822 1646 2846 e.
1662 2809 1735 2847 ad-

1073 2866 1175 2912 ustis,
1200 2867 1388 2916 praeustis,
1408 2872 1450 2902 ut
1478 2866 1655 2916 Virgilius
1674 2867 1734 2903 lo-
