1897 3340
412 206 496 247 774
811 201 1276 240 HERODOTI

414 311 668 368 ἐξηλείφετο.

414 378 730 436 Σπαρτιήτῃσι.

731 310 930 368 ἐκέχρητο
971 310 1055 367 γάρ
1105 308 1192 354 ὑπὸ
1232 311 1307 365 τῆς
1347 309 1520 365 Πυθίης
1558 313 1670 353 τοῖσι

788 378 1067 435 χρεωμένοισι
1105 379 1202 431 περὶ
1231 379 1312 420 τοῦ
1339 375 1532 431 πολέμου
1561 376 1670 420 τού-
1682 381 1726 417 50

413 464 494 492 του
524 447 679 491 αὐτίκα
708 444 798 489 κατ’
829 444 961 500 ἀρχάς
991 446 1282 501 ἐγειρομένου,
1312 442 1376 499 ,,ἣ
1405 444 1671 499 Λακεδαίμο-

415 532 497 568 ,,να
517 514 760 558 ἀνάστατον
787 513 992 568 γενέσθαι
1019 512 1106 556 ὑπὸ
1137 516 1226 556 τῶν
1255 509 1505 567 βαρβάρων,
1534 511 1564 568 ἢ
1593 510 1672 555 τὸν

389 583 628 639 4,,βασιλέα
667 579 817 634 σφέων
847 579 1150 624 ἆπολέεσθαι.“
1207 583 1341 622 ταῦτα
1381 580 1426 623 δέ
1456 590 1536 635 σφι
1563 578 1611 622 ἐν
1638 579 1675 622 ἔ-

415 660 513 694 πεσι
543 647 810 702 ἑξαμέτροισι
839 647 992 702 ἔχοντα
1020 649 1116 703 χρᾷ,
1141 645 1322 702 λέγοντα
1351 641 1454 690 ὦδε·

383 753 405 788 5
542 749 644 794 Ὑμῖν
669 745 721 791 δ’,
747 741 779 782 ὦ
803 746 982 793 Σπάρτης
1007 746 1196 793 οἰκήτορες
1219 745 1450 792 εὐρυχόροιο,
1685 747 1730 783 55

541 804 565 851 ἢ
582 805 674 850 μέγα
699 802 791 839 ἄστυ
813 803 968 849 ’ρικυόὲς
991 802 1055 839 ὑπ’
1084 802 1241 848 ἀνδράσι
1265 804 1483 850 Περσεΐδῃσι

543 862 744 906 πέρθεται·
770 859 794 906 ἢ
818 860 861 897 τὸ
888 860 953 907 μὲν
977 860 1070 906 ου’χὶ,
1095 859 1161 906 ἀφ’
1185 859 1403 903 Ἡρακλέους
1426 859 1465 894 δὲ
1487 858 1663 905 γενέθλης

543 918 722 964 πενθήσει
746 919 878 964 βασιλῆ
903 919 1088 964 φθίμενον
1112 918 1389 961 Λακεδαίμονος
1414 911 1538 961 οὖρος.

362 1115 581 1154 Blomfield.
609 1116 650 1154 in
671 1117 836 1155 Glossar.
866 1115 916 1154 ad
942 1117 1023 1154 Ae·-

339 1199 342 1203 ‡
363 1172 484 1226 schyl.
510 1174 551 1211 S.
574 1187 605 1210 c.
636 1173 715 1211 Th.
738 1174 804 1216 15.

420 1249 629 1305 ἐκέχρητο]
671 1253 757 1289 Una
786 1251 926 1289 Aldina
945 1249 1026 1292 ἐκέ·

365 1320 518 1359 χρηστο.
548 1308 632 1347 vid.
654 1311 702 1355 ΙΙ,
723 1308 815 1349 147.
836 1310 917 1356 Vll,
932 1306 1025 1348 141.

365 1367 409 1401 In
430 1378 536 1416 seqq.
559 1364 608 1401 ad
628 1366 745 1403 verba
758 1361 1027 1416 αὐτίκα-ἐγει-

366 1420 536 1470 ρομένου
557 1421 634 1459 vid.
654 1420 788 1460 Matth.
812 1423 880 1463 Gr.
904 1422 969 1458 Gr.
988 1422 1026 1466 §-

366 1476 462 1525 565,
484 1485 564 1515 not.
585 1481 612 1518 2
637 1491 675 1529 p.
700 1476 819 1518 1114.
848 1478 1027 1514 Locutio-

366 1546 459 1569 nem
480 1530 700 1573 α’νοὶστατον
720 1533 911 1586 γενέσθαι
921 1534 1027 1584 attigi

367 1588 415 1625 ad
434 1591 465 1637 I,
487 1592 555 1630 76.
616 1592 673 1627 Ac
695 1589 742 1626 de
767 1591 952 1627 infinitivo
965 1605 1027 1641 γε-

367 1619 536 1694 νὲσόαι,
566 1647 631 1683 ubi
667 1648 837 1698 sequitur
856 1648 1028 1683 futurum

367 1697 621 1750 ἀπολέεσθαι,
624 1702 727 1740 1dem
736 1704 885 1740 mouult
893 1701 1029 1740 Matth.

368 1759 436 1795 Gr·
453 1759 572 1804 G1-.§.
585 1759 679 1799 501.
669 1773 730 1810 --p
747 1759 843 1799 951
862 1761 1030 1796 ——Mox

369 1813 458 1852 dedi
477 1813 640 1866 βασιλέα
658 1828 728 1867 pro
749 1816 937 1868 βασιληα.

425 1893 469 1934 ἐν
509 1892 617 1934 ἔντεσι
661 1892 904 1947 ἑξαμέτροισι
929 1892 1029 1948 χρᾷ]

367 1954 431 1990 Ex
471 1963 549 1987 uno
591 1951 782 1988 Saucrofti
824 1950 910 1989 cod.
943 1958 1030 1987 ante

369 2009 444 2080 χρᾷ
465 2005 617 2045 Schaef.
639 2014 675 2044 et
694 2005 828 2045 Matth.
838 2009 1031 2044 eiecerunt

370 2065 520 2116 ε’,χοντα
542 2062 645 2115 quod
665 2064 714 2100 ob
727 2065 962 2116 reliquorum
981 2065 1031 2100 li-

370 2123 524 2158 br01um
557 2121 820 2157 auctoritatem
851 2119 1031 2172 equidem

370 2190 461 2213 cum
481 2174 597 2213 Schw
600 2174 843 2226 eighaeuseno
864 2185 900 2214 et
922 2177 1032 2214 Gais-

370 2232 481 2278 sord„
502 2233 566 2282 qui
594 2232 741 2269 confert
769 2234 800 2279 Ι,
823 2231 915 2273 174.
948 2233 1030 2280 Vll,

372 2291 476 2333 228,
505 2287 749 2323 retinendum
788 2287 893 2324 duxi.
924 2286 1032 2323 Bek-

373 2343 487 2380 ken-us
507 2343 560 2378 nil
581 2342 684 2379 dedit
704 2343 775 2378 nisi
795 2345 872 2396 χρᾶ
894 2341 1032 2392 ἔχοντα

373 2394 463 2447 ὦδε,
493 2399 632 2434 omissa
659 2410 753 2435 voce
772 2397 946 2449 λέγοντα.
979 2422 1027 2427 ——

375 2455 539 2501 Oraculi,
552 2452 655 2506 qnod
675 2455 881 2502 subiicitur,
903 2468 1031 2492 ve1sns

376 2518 551 2564 quatuor,
571 2511 713 2561 priores
739 2510 859 2558 auen,
889 2512 1029 2548 Enseb.

376 2571 413 2604 in
435 2570 615 2617 Praepar.
633 2568 702 2604 Ev.
715 2567 759 2610 V,
779 2568 846 2608 25.
871 2569 1031 2605 Iustinus

375 2627 422 2671 11,
451 2627 495 2665 11
532 2624 570 2668 ξ.
598 2624 624 2664 8
665 2624 938 2661 sciscitantibus
976 2638 1035 2661 re-

375 2692 556 2732 sponsum
580 2692 658 2716 esse
677 2687 825 2716 narrat:
858 2685 949 2727 „aut
978 2694 1034 2718 re-

377 2739 418 2786 gi
456 2736 714 2786 Spartanorum.
758 2740 822 2774 aut
862 2739 942 2774 urbi
972 2751 1034 2775 ca-

379 2793 567 2831 ‹stndwnst‘

1136 1110 1342 1166 οἰκήτορες
1365 1111 1626 1169 εὐρυχόροιο]
1655 1115 1681 1153 ἰ.
1701 1129 1737 1154 e.

1080 1172 1228 1209 incolae
1247 1174 1349 1209 urbis
1368 1176 1543 1223 spatiosae
1570 1180 1607 1210 et
1627 1172 1739 1210 choris

1081 1233 1199 1279 aptae,
1228 1236 1270 1266 ut
1290 1228 1413 1267 reddit
1431 1230 1661 1280 VVesseliug.
1683 1230 1740 1266 ci-

1081 1292 1165 1323 tans
1187 1282 1404 1338 εὐρύχορος
1427 1282 1648 1338 Κόρινθος,
1669 1289 1740 1324 Τε-

1082 1341 1163 1394 γέα,
1175 1342 1257 1378 alia.
1281 1345 1359 1379 Nec
1376 1355 1610 1395 quemquam
1629 1343 1739 1392 fugit,

1081 1399 1301 1450 frequenter
1331 1398 1560 1437 adieetivum
1579 1397 1652 1436 hoc
1678 1400 1741 1435 in-

1082 1456 1204 1493 veniri
1225 1454 1326 1506 apud
1346 1457 1560 1493 Homerum
1587 1456 1741 1492 urbium

1084 1519 1122 1548 et
1162 1513 1363 1563 regionum
1396 1514 1615 1550 nominibus
1635 1511 1742 1548 adie-

1084 1575 1201 1607 ctum.
1260 1568 1345 1608 vid.
1379 1571 1553 1609 Duncan.
1572 1569 1704 1607 Lexic.
1725 1569 1743 1604 1

1085 1637 1172 1675 pag.
1192 1623 1274 1665 473
1296 1624 1357 1662 ed.
1382 1628 1485 1663 Rost.
1541 1627 1643 1663 Hinc
1674 1619 1743 1663 εὕ-

1087 1678 1257 1732 ρύχορον
1314 1682 1599 1732 Λακεδαίμονα
1647 1679 1742 1718 dixit

1085 1744 1197 1788 poeta
1218 1738 1257 1773 in
1279 1737 1364 1790 Ody
1366 1752 1411 1776 ss.
1431 1740 1535 1788 XIII,
1549 1736 1644 1779 414.
1656 1738 1742 1784 XV,

1089 1798 1108 1835 1
1135 1794 1217 1842 (ubi
1227 1795 1327 1832 conf
1338 1784 1510 1848 harnes.)
1533 1795 1619 1832 coll.
1628 1792 1741 1832 Piud.

1086 1852 1197 1887 Nem.
1229 1852 1280 1899 X,
1314 1853 1380 1899 97,
1421 1853 1487 1888 ubi
1526 1846 1743 1902 εὐρυχόρου

1087 1903 1288 1958 Σπάρτης.
1326 1909 1575 1945 Homericum
1591 1919 1745 1959 quoque

1088 1970 1143 2000 est
1165 1961 1342 2013 ἐρικυδὲς
1371 1966 1396 2001 i.
1418 1979 1452 2003 e.
1469 1967 1661 2015 praestans
1686 1963 1745 2000 di-

1087 2022 1253 2068 gnitate,
1293 2021 1432 2069 gloria‚·
1471 2020 1519 2057 de
1551 2032 1627 2072 quo
1661 2018 1740 2056 vid.

1086 2078 1262 2113 Dunoan.
1291 2079 1307 2113 Ι
1327 2090 1415 2127 pag.
1444 2076 1542 2116 446.
1596 2076 1655 2111 De
1673 2088 1745 2111 usu

1087 2146 1144 2183 pr
1135 2133 1372 2182 ιρροείῐίοιιίε
1387 2129 1468 2170 υπό
1489 2132 1528 2167 in
1542 2129 1704 2167 verbis
1676 2126 1745 2169 υπς’

1087 2184 1257 2239 ἀνδράσι
1271 2187 1370 2226 conf.
1386 2185 1520 2225 Matth.
1541 2188 1607 2225 Gr.
1628 2188 1696 2225 Gr.
1707 2188 1746 2233 §.

1089 2243 1169 2283 395
1189 2249 1270 2282 not.

1144 2340 1188 2382 τὸ
1239 2341 1312 2394 μὲν
1351 2338 1467 2396 ουχι]
1514 2341 1667 2384 Schaef.
1709 2351 1746 2382 et

1086 2398 1222 2437 matth.
1245 2395 1338 2440 ου’κὶ
1371 2408 1484 2452 atque
1505 2414 1599 2438 mox
1616 2399 1746 2450 Ηρα-

1087 2454 1210 2502 κλέος,
1249 2457 1315 2493 ubi
1345 2471 1366 2494 e
1395 2458 1615 2494 Florentino
1642 2470 1745 2494 nunc

1089 2519 1283 2562 receptum
1296 2520 1349 2551 est
1368 2512 1621 2564 Ἡρακλέους.
1640 2515 1748 2550 Neu-

1090 2575 1147 2605 tra
1169 2571 1292 2606 forma
1317 2571 1364 2607 ab
1392 2569 1588 2607 Herodoto
1609 2570 1746 2607 aliena.

1091 2626 1150 2664 Cf.
1187 2625 1323 2664 Matth.
1349 2628 1386 2672 ᾧ.
1416 2628 1469 2667 78
1499 2633 1579 2664 not.
1608 2629 1647 2673 8,
1679 2627 1747 2677 qui

1090 2681 1192 2718 idem
1215 2683 1251 2727 ξ.
1279 2685 1330 2724 83
1352 2696 1384 2720 a.
1404 2689 1483 2720 not.
1511 2684 1536 2722 3
1558 2694 1646 2733 pag.
1669 2681 1748 2724 184

1091 2739 1344 2776 consulendus
1365 2738 1412 2778 de
1440 2739 1652 2777 accusativo
1674 2738 1749 2789 βα-

1093 2797 1196 2846 mm.

1877 703 1897 750 22
