1897 3340
96 525 160 570 13

646 212 950 250 ERATO.

1010 213 1042 250 V
1053 215 1083 250 1.
1416 217 1501 257 243

232 324 338 379 μετὰ
372 327 508 368 ταῦτα
552 320 709 365 αὐτίκα
745 323 978 365 πείθεσθαι
1018 318 1164 373 οὐδεὶς
1198 323 1347 378 ἤθελε·
1387 323 1500 377 ἀλλ’,

232 389 306 434 οἷα
346 391 546 446 στρατιὴ,
596 385 761 446 σκηνάς
803 405 848 432 τε
891 389 1133 445 πηξάμενοι
1181 390 1229 434 ἐν
1270 395 1325 448 τῇ
1362 392 1499 450 νήσῳ,

231 457 617 515 ἐσκιητροφέοντο,
668 457 741 501 καὶ
788 457 1007 513 ἐσβαίνειν
1057 457 1139 501 οὐκ
1181 458 1416 504 ἐθέλεσκον
1458 461 1556 513 ἐς65

227 525 304 577 τὰς
331 525 452 578 νέας,
483 523 591 570 οὐδ”
624 524 958 579 ἀναπειρᾶσθαι.

226 593 281 637 τὰ
307 593 518 650 γινόμενα
547 594 595 637 ἐκ
623 598 713 637 τῶν
747 592 908 638 Ἰώνων
941 595 985 638 οῖ
1023 596 1257 652 στρατηγοὶ
1286 600 1376 640 τῶν
1407 601 1497 641 Σα-

223 663 357 717 μίων,
398 661 682 721 ἐνθαῦταβὴ
719 660 826 717 παρ’
857 661 1048 714 Αἰάκεος
1087 667 1170 707 τοῦ
1201 668 1495 718 Συλοσῶντος

222 730 397 781 κείνους
442 729 550 781 τούς
599 729 816 784 πρότερον
857 730 1017 786 ἔπεμπε
1053 730 1213 786 λόγους
1254 730 1279 774 ὁ
1317 731 1496 790 Αἰάκης,

221 797 489 841 κελευόντων
517 802 607 842 τῶν
638 797 866 853 Περσέων,
898 796 1104 853 δεόμενός
1134 812 1282 855 σφεων
1302 801 1492 852 ἐκλιπεῖν
1508 810 1552 843 7ο

192 865 305 921 Ξτὴν
344 863 508 909 Ἰώνων
550 868 820 923 συμμαχίην·

873 867 918 909 οἱ
957 865 1122 921 Σάμιοι
1166 861 1250 921 ὦν,
1286 866 1494 923 ὁρέωντες

223 933 314 989 ἅμα
357 933 437 989 μὲν
475 934 640 978 ἐοῦσαν
683 934 863 990 ἀταξίην
901 933 1071 989 πολλὴν
1111 934 1159 978 ἐκ
1195 939 1286 979 τῶν
1322 937 1494 990 Ἰώνων,

218 1001 417 1046 ἐδέκοντο
453 1002 556 1054 τούς
594 1002 773 1059 λόγους·
815 1002 904 1058 ἅμα
934 1002 980 1046 δὲ
1009 1004 1298 1059 κατεφαίνετό
1329 1018 1411 1063 σφι
1439 1005 1495 1051 εἶ-

217 1085 292 1112 ναι
331 1069 528 1115 ἀδύνατα
557 1070 611 1115 τοὶ
641 1069 841 1127 βασιλέος
880 1070 1112 1126 πρήγματα
1141 1070 1491 1129 ὑπερβαλέσθαι·

216 1133 266 1181 εὖ
297 1154 343 1182 τε
375 1138 674 1197 ἐπιστάμενοι,
716 1139 798 1193 ὥς,
829 1141 866 1183 εἰ
895 1140 970 1183 καὶ
998 1139 1048 1183 τό
1080 1142 1249 1196 παρεόν
1279 1144 1491 1188 ναυτικόν

215 1206 540 1264 ὑπερβαλοίατο
570 1208 650 1254 τόν
667 1212 881 1264 Δαρεῖον,
911 1207 1020 1251 ἄλλο
1045 1220 1126 1265 σφι
1154 1209 1366 1264 παρέσται
1394 1220 1547 1256 κεν-75

158 1415 282 1451 mium
302 1417 389 1453 solis
410 1417 577 1454 calorem
597 1423 823 1468 aestumque

155 1471 254 1508 ferre
274 1480 467 1525 nequeant
487 1481 552 1510 aut
567 1480 668 1511 certe
688 1473 820 1511 sedulo

157 1528 326 1580 effugere
353 1529 538 1567 studeant.
602 1529 712 1567 Idem
731 1544 822 1568 ver-

158 1586 252 1623 bum
272 1599 386 1637 supra
407 1588 473 1634 III,
500 1589 564 1626 12.
598 1582 819 1639 οἷναπειρᾶ-

155 1646 255 1681 σθαι
291 1651 347 1681 est
377 1643 574 1694 periculum
605 1642 731 1694 facere
767 1647 822 1683 rei

154 1699 299 1737 bellicae
307 1713 321 1744 ‚⁶
361 1699 465 1752 quod
501 1713 623 1752 quum
643 1703 818 1739 exercita-

152 1758 244 1794 tione
261 1757 327 1793 fiat
360 1757 543 1810 (qualem
563 1759 709 1795 institui
736 1759 818 1796 ius-

151 1820 251 1850 serat
281 1815 538 1865 Dionysius),
577 1813 669 1851 inde
700 1816 816 1852 etiam

151 1870 253 1907 valet
266 1883 434 1908 exercere.
465 1869 649 1921 Schwgh.
669 1873 816 1909 confert

151 1927 284 1964 Lexic.
303 1928 440 1979 Polyb.
463 1942 492 1965 s.
511 1942 548 1966 v.
560 1941 598 1979 p.
619 1931 685 1976 37,
706 1929 773 1966 ubi
794 1942 815 1966 e

150 1984 287 2036 Polyb.
313 1987 381 2032 26,
412 1988 450 2032 7,
483 1988 507 2026 9
537 1984 693 2021 affertur
714 1981 815 2025 οἴνα-

148 2043 370 2093 πειρᾶσθαι
391 2037 515 2080 ἅπασι
534 2045 617 2089 τοῖς
642 2037 815 2092 σκάφεσι

149 2097 177 2135 ἱ.
197 2111 232 2135 e.
265 2100 413 2136 navium
428 2101 577 2136 omnium
597 2102 813 2151 experimen-

151 2157 225 2192 tum
243 2167 359 2204 agere.

369 2211 461 2262 Cap.
482 2213 589 2248 ΧΙΠ.

205 2266 247 2306 οἷ
280 2268 489 2319 στρατηγοὶ
527 2271 607 2307 τῶν
641 2268 809 2319 Σαμίων

147 2337 182 2361 κ.
207 2338 238 2361 τ.
260 2325 313 2372 λ.]
349 2326 395 2360 In
414 2323 471 2362 his
490 2324 586 2362 nihil
601 2326 808 2374 turbatum,

147 2380 219 2416 nisi
239 2379 343 2432 quod
364 2382 413 2418 ob
423 2382 544 2419 multa
559 2383 674 2419 verba
688 2383 810 2419 inter-

147 2435 245 2473 iecta
272 2450 384 2474 voces
418 2438 460 2477 οἵ
489 2438 700 2491 στρατηγοὶ
728 2441 809 2478 τῶν

148 2493 314 2544 Σαμίων
341 2494 440 2531 iufra
468 2503 691 2546 repetuntur
720 2509 810 2533 ver-

147 2548 204 2585 bis
244 2549 286 2588 οἷ
315 2546 467 2601 Σάμιοι
510 2546 590 2600 αἷν,
637 2554 809 2605 itemque

148 2601 242 2650 τούς
264 2602 415 2657 λόγους.
469 2609 569 2644 Nam
588 2609 639 2645 ita
659 2611 809 2660 singula

150 2663 401 2700 conveniunt:
463 2664 504 2703 οἷ
531 2663 682 2715 Σάμιοι
719 2662 810 2717 παρ’

151 2711 559 2768 Αἰάκεος-κείνους
600 2718 695 2769 τούς
743 2719 808 2762 λό-

147 2787 242 2822 γους
256 2794 312 2801 —
334 2773 513 2817 ἐδέκοντο
548 2780 596 2823 (τ
608 2792 628 2816 ο
641 2775 665 2816 ὓ
677 2793 696 2825 ς
730 2781 750 2816 λ
764 2774 809 2818 ό-

146 2843 199 2879 γο
215 2827 299 2880 υς).
350 2830 514 2872 Bekker.
544 2836 670 2871 omisit
698 2848 810 2872 voces

880 1413 923 1454 οἷ
941 1409 1105 1465 Σάμιοι.
1163 1418 1222 1453 De
1236 1418 1351 1456 Aeaee
1367 1433 1411 1457 ac
1433 1420 1545 1473 Sylo-

879 1475 972 1508 sonte
991 1471 1070 1509 vid.
1091 1473 1156 1519 III,
1172 1476 1267 1514 139.

935 1524 1019 1578 ἅμα
1039 1526 1083 1567 δὲ
1110 1527 1373 1579 κατεφαίνετό
1403 1545 1478 1583 σφι
1509 1550 1545 1574 κ.

876 1598 910 1621 τ.
932 1585 986 1633 λ.]
1020 1586 1185 1622 Gemina
1212 1585 1270 1624 his
1295 1588 1478 1639 leguntur
1497 1592 1544 1639 V,

879 1639 973 1680 124.
1005 1641 1117 1687 Quod
1127 1657 1219 1681 vero
1228 1644 1413 1683 Valcken.
1431 1650 1545 1686 scribi

874 1698 1011 1735 maluit
1031 1695 1114 1751 ἅμα
1135 1698 1178 1739 δὲ
1203 1700 1272 1741 καὶ
1293 1701 1482 1752 ἐφαίνετο
1512 1719 1541 1745 s·

874 1752 940 1792 καὶ
974 1758 1233 1805 κατεφαίνετο
1245 1788 1255 1807 ,
1297 1772 1345 1796 eo
1374 1762 1441 1798 vix
1473 1764 1543 1800 erit

874 1822 983 1861 opus,
1023 1812 1238 1865 πρήγματα
1276 1825 1366 1854 sunt
1409 1821 1541 1868 copiae,

873 1880 953 1916 opes
970 1869 1174 1907 Persarum
1194 1878 1237 1908 ut
1254 1872 1321 1920 ΠΙ,
1343 1876 1435 1915 137.
1462 1877 1540 1913 Pro

873 1919 1076 1965 οἷδύνατον
1083 1941 1188 1965 nunc
1201 1930 1427 1980 rescriptum
1438 1927 1541 1972 α’ὃῦ-

872 1994 984 2029 νατα,
993 1984 1179 2033 probante
1189 1984 1375 2025 Valcken.
1397 1987 1445 2025 ad
1455 1990 1540 2026 Eu-

871 2038 983 2087 ripid.
1007 2042 1162 2092 Hippol.
1177 2045 1272 2085 370.
1331 2045 1409 2082 Pro
1425 2047 1539 2098 βασι-

870 2095 968 2145 λῆος
988 2096 1077 2134 dedi
1097 2098 1291 2149 βασιλέος.

927 2151 1220 2205 ὑπερβαλοίατο
1238 2153 1310 2196 τὸν
1332 2160 1537 2209 Δαρεῖον]

868 2215 902 2250 Ε
913 2210 1048 2251 Valck.
1061 2212 1329 2250 emendatione
1350 2213 1535 2266 Schwgh.

867 2278 905 2309 et
927 2267 1124 2308 Schaefer.
1146 2269 1335 2308 dederunt
1354 2274 1427 2311 τοῦ
1451 2276 1537 2311 Δα-

867 2328 990 2381 ρείου,
1013 2339 1103 2363 cum
1116 2340 1250 2364 omnes
1270 2329 1356 2364 libri
1376 2325 1444 2368 τὸν
1456 2334 1538 2368 Δα-

867 2388 976 2437 ρεῖον
989 2414 999 2432 ,
1044 2396 1143 2435 quae
1163 2385 1279 2421 verba
1299 2386 1536 2437 Wesseling.

1018 525 1256 578 Μαθόνΐδς
1283 528 1329 572 δὲ
1358 532 1497 573 ταῦτα
1554 536 1831 573 Igitanamiorum

1557 576 1660 611 duces,
1674 579 1745 605 belli
1764 587 1828 613 pro>

1557 611 1696 639 videntes
1704 612 1829 648 exitum,

1556 653 1623 672 cum
1637 646 1742 674 Persis
1753 647 1831 675 clam

1558 680 1760 718 paciseuutur.

866 2453 1019 2493 prorsus
1050 2440 1167 2477 deleri
1188 2442 1322 2478 voluit.
1344 2443 1535 2482 Gaisford.
1551 2485 1558 2488 ,

865 2499 1023 2535 retinuit
1043 2493 1114 2537 τόν
1140 2501 1338 2549 Δαρεῖον,
1374 2497 1433 2536 his
1467 2499 1534 2537 ad-

865 2556 995 2592 iectis:
1027 2555 1188 2602 „Nescio
1201 2567 1318 2606 quare
1339 2554 1431 2608 quid
1443 2569 1534 2593 mu-

865 2618 1003 2650 temus.
1055 2612 1261 2662 Vulgatum
1281 2614 1531 2664 interpretor:

866 2670 1007 2706 etiamsi
1030 2668 1185 2706 Darium
1213 2673 1419 2716 superarent
1439 2669 1531 2718 quod

867 2725 917 2761 ad
951 2729 1154 2775 praesentes
1201 2728 1318 2775 copias
1362 2726 1529 2761 attz’net.“

867 2780 979 2826 Quod
1018 2773 1154 2817 merito
1191 2780 1381 2830 displicuit
1424 2779 1530 2816 Mat-

866 2838 962 2875 thiae
991 2844 1093 2874 recte
1125 2839 1157 2874 si
1188 2837 1280 2887 quid
1300 2835 1411 2874 video
1433 2834 1528 2873 haec

1156 2895 1204 2932 16
1222 2890 1247 2911 ᾗ
