1897 3340
414 238 1067 279 TERPSICHORE.
1125 239 1167 275 V.
1349 241 1432 282 163

39 354 107 400 88
164 351 374 407 περόνῃσι
399 349 457 404 μή
488 348 709 404 χρέωνται.
754 347 842 391 ἔστι
873 347 938 399 δὲ,
971 344 1126 402 ἄληθέῖ
1157 345 1273 402 λόγῳ
1304 363 1427 402 χρεω-
1446 356 1488 386 Βῆ

163 419 355 475 μένοισι,
397 415 478 459 οὐκ
514 415 598 466 Ἰὰς
629 416 738 470 αὕτη
766 415 793 471 ἡ
825 415 957 470 ἐσθὴς
986 431 1034 458 το
1070 413 1282 467 παλαιὸν,
1324 412 1432 457 ἀλλὰ

165 487 354 541 Κάειρα·
385 483 474 527 ἐπεὶ
503 482 532 538 ἥ
561 499 608 537 γε
633 481 860 540 Ἐλληνικη
902 481 1035 538 ἐσθής
1063 486 1181 526 πᾶσα
1211 481 1238 538 ἡ
1279 480 1434 537 ἀρχαίη

163 555 252 599 τῶν
271 554 513 609 γυναικῶν,
554 549 582 605 ἡ
616 550 725 608 αὐτὴ
755 554 812 606 ἠν
843 552 922 608 τὴν
950 554 1037 593 νῦν
1067 552 1248 604 Δωρίδα
1276 550 1432 594 καλέο-

134 629 253 677 Ξμεν
315 624 437 662 Τοῖσι
475 619 522 662 δὲ
555 617 786 675 Ἀργείοισι
815 621 888 664 καὶ
927 624 1041 662 τοῖσι
1070 618 1331 675 Αἰγινήτῃσι
1360 618 1432 662 καὶ

164 687 276 744 πρός
304 691 441 731 ταῦτα
471 687 534 730 ἔτι
561 686 660 730 τόδε
689 692 871 744 ποιῆσαι
901 688 1041 743 νόμον
1071 686 1185 731 εἶναι
1213 687 1332 743 παρὰ
1355 687 1435 742 σφὶ

165 756 430 811 ἑκατέροισι·
486 754 565 805 τὰς
612 755 800 810 περόνας
836 754 1039 812 ἡμιολίας
1089 756 1318 800 ποιέεσθαι
1356 758 1491 800 τοῦῦθ

163 822 259 867 τότε
289 827 576 874 κατεστεῶτος
606 824 792 879 μέτρου,
823 824 897 867 καὶ
928 825 970 875 ές
999 823 1048 866 τὸ
1079 822 1178 876 ἱρόν
1207 827 1296 866 τῶν
1314 826 1435 866 θεῶν

162 893 354 936 τουτέων
382 891 574 946 περόνας
602 891 788 948 μάλιστα
809 889 1066 936 ἀνατιθέναι
1094 890 1171 941 τὰς
1199 896 1431 946 γυναῖκας·

159 957 354 1004 Ἀττικόν
383 961 428 1004 δὲ
455 959 561 1017 μήτε
587 977 627 1003 τι
657 959 764 1004 ἄλλο
793 960 1066 1017 προσφέρειν
1096 959 1206 1014 πρὸς
1235 957 1283 1002 τὸ
1319 957 1430 1013 ἱρὸν,

1493 626 1549 645 seu
1562 619 1661 654 potius
1681 619 1765 647 Cari-

1492 660 1560 679 cum
1578 656 1722 681 mutatus.

1494 686 1575 726 Quos
1594 696 1621 713 ιιι
1625 696 1693 715 ores
1715 690 1765 714 Ar-

1492 719 1555 754 givi
1574 725 1604 748 et
1636 721 1765 757 Aegina

1494 760 1545 782 tae
1564 755 1674 782 exinde
1690 754 1741 783 ad-

1494 788 1558 815 scix
1562 788 1652 817 erint.

258 1147 622 1199 cap.Lxxxv1n.

164 1199 314 1255 αληθέϊ
343 1200 447 1260 λόγω
487 1201 769 1256 χρεωμένοισι]

106 1260 256 1298 Eadem
286 1262 429 1298 locutio
456 1263 486 1309 1,
511 1261 584 1308 143
615 1262 705 1298 alias
726 1278 772 1300 α-

108 1319 262 1371 ληθηΐῃ
301 1315 501 1369 χρήσομαι
541 1290 769 1365 vl1,101·

111 1373 190 1414 104
211 1369 634 1426 0011.V1,53.0'91995
663 1369 768 1428 λόγῳ

107 1429 327 1484 χρεωμένῳ.

164 1490 332 1538 ποιῆσαι
346 1482 468 1538 νόμον
487 1483 545 1526 εἶι
537 1487 607 1535 αι]
624 1488 686 1523 Ex
698 1499 769 1522 an-

110 1543 317 1581 tecedentis
338 1558 420 1595 cap.
448 1545 555 1580 initio
585 1544 770 1594 supplen-

110 1599 204 1638 dum
231 1599 393 1652 λέγεται.
452 1602 510 1637 Ac
539 1613 655 1637 nemo
690 1613 770 1637 non

107 1658 294 1708 iutelligit,
316 1656 414 1694 hanc
433 1657 579 1707 legem,
611 1656 771 1709 quiim-

107 1715 204 1751 ticae
230 1727 376 1751 merces
418 1713 632 1765 prohibitae
669 1720 769 1761 sunt,

109 1783 242 1808 earum
278 1785 328 1808 ex
357 1784 498 1822 genere
529 1784 628 1819 esse,
672 1783 770 1823 quae

107 1829 244 1866 nostris
274 1829 508 1879 temporibus
544 1841 611 1878 per
636 1840 770 1865 omnes

108 1885 187 1922 fere
208 1886 377 1922 civitates
398 1883 636 1922 introductae
660 1885 769 1921 inve-

107 1943 289 1986 niuntur,
337 1941 543 1994 referrique
572 1954 681 1992 posse
721 1940 770 1978 ad

106 1999 177 2036 ista
197 2000 377 2047 instituta,
397 2012 501 2035 nunc
523 1998 680 2050 quidem
701 2011 770 2034 co-

107 2057 213 2107 gnita
233 2057 344 2093 variis
369 2056 600 2093 nominibus.
620 2054 769 2103 Marah,

109 2112 217 2161 Zoll,
248 2113 396 2158 Duane,
427 2113 565 2164 quibus
584 2112 646 2149 vel
666 2111 771 2149 redi-

109 2176 168 2207 tus
197 2171 355 2207 civitatis
388 2170 519 2220 augeri
538 2170 601 2207 vel
619 2181 770 2206 merca-

108 2233 233 2263 turam
281 2226 504 2278 indigenam
552 2227 771 2277 promoveri

110 2282 295 2321 dictitant.
353 2285 469 2321 Cuius
505 2284 652 2321 inventi
681 2284 768 2330 lau-

111 2339 199 2376 dem
219 2353 267 2377 ne
285 2341 366 2392 quis
396 2340 668 2377 recentioribus
698 2341 768 2377 tri-

110 2396 222 2444 buat,
250 2398 330 2447 ipse
349 2395 411 2434 hic
433 2397 686 2449 antiquissimi
705 2395 768 2433 hi-

111 2455 237 2490 storici
255 2454 359 2490 locus
380 2455 466 2491 satis
487 2453 610 2502 docet,
629 2467 680 2490 ne
699 2467 769 2491 ve-

115 2516 208 2547 teres
230 2509 387 2562 quidem
404 2511 495 2547 talia
513 2511 664 2548 latuisse
689 2511 770 2548 cla-

114 2577 230 2617 reque
245 2573 545 2604 commonstrant
554 2566 772 2604 Athenien-

115 2621 214 2659 sium
236 2623 338 2673 leges
367 2625 602 2675 complures,
635 2625 770 2676 quibus

113 2678 230 2715 libero
287 2681 474 2717 mercium
532 2679 772 2731 quarundam

117 2737 344 2772 commercio
363 2735 639 2784 interdixerint,
659 2750 772 2774 suum

118 2791 286 2840 ipsorum
301 2795 574 2831 commercium
585 2792 675 2829 iude
685 2806 772 2829 ma-

116 2848 313 2897 ximopere
333 2851 463 2898 augeri
482 2851 565 2887 rati.
606 2851 685 2886 Nec
698 2850 770 2886 alia

829 1160 921 1184 sane
949 1147 1226 1198 Aeginetarum
1249 1146 1362 1183 fuisse
1380 1144 1491 1183 vide-

828 1210 892 1241 tur
923 1205 1040 1253 ratio,
1091 1205 1152 1241 cui
1172 1216 1326 1241 causam
1359 1216 1380 1239 a
1400 1204 1491 1240 reli-

827 1262 943 1311 gione
972 1268 1015 1298 ut
1044 1260 1086 1298 fit
1119 1261 1320 1311 repetitam
1339 1266 1493 1311 praete-

826 1319 966 1354 xerint.
1037 1318 1095 1354 Ac
1136 1330 1348 1369 sanequam
1385 1316 1490 1353 haud

824 1375 902 1411 scio
920 1387 968 1410 an
990 1387 1034 1410 ea
1053 1375 1134 1424 ipsa
1153 1375 1216 1410 lex
1234 1380 1492 1410 mercaturam

826 1437 864 1467 et
898 1431 1106 1468 sollertiam
1139 1432 1417 1481 Aeginetarum
1450 1432 1491 1467 iu

826 1488 1002 1538 operibus
1023 1487 1162 1537 figlinis
1193 1486 1304 1524 valde
1332 1500 1491 1537 promo-

826 1545 922 1581 verit
943 1551 980 1580 et
1000 1545 1168 1591 auxerit,
1192 1557 1282 1580 cum
1303 1545 1382 1581 eius
1393 1557 1492 1594 gen—

827 1601 875 1637 tis
916 1601 1101 1651 opzficz'nae
1135 1601 1296 1651 figlinae
1325 1602 1491 1653 antiqui.

828 1663 888 1694 tus
910 1658 1122 1694 celebratae
1143 1657 1256 1694 fuisse
1269 1656 1490 1695 videantur.

825 1715 925 1751 Nam
934 1715 1033 1751 inter
1042 1709 1252 1763 fiotiSSIma,
1268 1721 1310 1752 ut
1329 1714 1493 1762 videtur,

824 1770 1038 1808 istiusmodi
1059 1785 1172 1823 opera
1193 1769 1218 1811 ό
1237 1770 1408 1823 κέραμος
1420 1771 1494 1811 Αἰ-

826 1832 979 1880 γιναῖος
1000 1828 1102 1879 apud
1133 1827 1374 1879 Stephanum
1394 1830 1492 1880 Byz,

826 1898 857 1922 s.
878 1898 916 1921 v.
938 1884 1104 1937 Αἴγιναι
1123 1898 1212 1936 pag.
1234 1885 1288 1926 53
1310 1886 1397 1922 coll.
1414 1899 1444 1922 s.
1455 1899 1492 1923 v.

829 1936 935 1988 Paga
965 1955 1003 1992 p.
1042 1943 1138 1984 257.
1198 1943 1264 1978 Tu
1288 1941 1366 1979 vid.
1399 1954 1494 1994 quo-

828 2011 902 2050 que
921 1999 1072 2036 M'u'ller.
1102 1999 1294 2049 Aegiuett.
1328 2011 1416 2050 pag.
1438 2001 1492 2040 79

826 2068 906 2107 seq.
932 2063 968 2092 et
987 2054 1149 2093 Boeckh
1174 2053 1490 2094 Staatshaushalt.

825 2113 844 2151 I
863 2125 953 2164 pag.
975 2115 1041 2154 63.

883 2171 942 2206 De
961 2170 1095 2206 Atticis
1105 2181 1220 2219 opere
1234 2167 1341 2206 fictili
1362 2169 1491 2205 omni-

827 2239 903 2278 que
934 2239 1113 2264 vasorum
1133 2226 1307 2263 fictilium
1335 2238 1489 2277 genere,

826 2296 896 2334 per
935 2295 1093 2320 omnem
1136 2284 1337 2322 Graeciam
1376 2289 1491 2335 atque

822 2340 973 2377 Italiam
994 2339 1084 2377 hinc
1104 2338 1279 2377 traducto
1294 2340 1491 2377 excelleu-

823 2397 942 2445 tibus,
975 2398 1027 2434 ita
1048 2403 1110 2443 ut,
1141 2403 1236 2433 teste
1257 2396 1490 2442 Quintiliano

822 2455 941 2491 Iustit.
966 2454 1030 2491 Or.
1054 2454 1102 2501 ΙΙ,
1120 2456 1184 2500 17,
1207 2455 1288 2504 ipsa
1313 2451 1408 2490 haec
1429 2466 1490 2490 ars

825 2523 846 2547 e
884 2511 964 2548 luto
995 2523 1084 2548 vasa
1122 2508 1288 2549 ducendi
1316 2511 1490 2551 Atticum
1520 2551 1523 2557 r

826 2575 1044 2605 censeretur
1053 2568 1267 2615 inventum,
1277 2568 1387 2618 plura
1401 2580 1490 2604 mo—

827 2637 919 2661 nere
938 2626 1005 2662 vix
1024 2625 1170 2662 attinet.
1192 2625 1257 2661 Tu
1276 2623 1354 2662 vid.
1371 2622 1489 2660 modo

828 2681 872 2718 C.
903 2682 948 2719 0.
978 2681 1127 2718 Mulier.
1155 2680 1310 2718 Haudb.
1339 2679 1377 2718 d.
1411 2680 1489 2716 Ar-

827 2736 1025 2788 chaeolog.
1056 2738 1093 2784 §.
1124 2740 1191 2778 62.
1220 2760 1271 2765 -—-
1312 2738 1356 2773 Iu
1380 2748 1485 2786 seqq.

827 2791 935 2845 παροῖ
959 2793 1032 2844 cepi
1053 2791 1286 2831 cumMatth.
1309 2790 1396 2829 dedi
1416 2803 1485 2841 pro

826 2846 935 2902 παρά
956 2863 1049 2900 σφι,
1070 2857 1112 2887 ut
1131 2849 1248 2886 Gaisf.
1271 2847 1438 2885 exhibet.

1109 2908 1154 2944 11
1181 2902 1207 2925 ἐ
