1897 3340
395 192 1048 233 Tssnpslcllouss.
1114 193 1154 227 V.

1328 194 1408 233 175

120 303 383 360 6,,Ἀμφίονι
424 303 489 350 δὲ,
527 301 642 344 ἐόντι
683 298 854 342 τούτων
881 301 970 340 τῶν
1008 295 1206 350 ἀνδρῶν,
1244 297 1408 350 γίνεται

119 378 141 412 7
152 371 380 428 ,,θυγάτηρ
410 367 523 425 χωλή
538 381 545 388 ·

591 366 764 422 οὕνομα
793 364 839 409 δέ
870 367 914 408 οῖ
941 360 997 420 ἦν
1026 363 1191 419 Λάβδα.
1233 362 1407 418 ταύτην,

149 437 454 494 ,,Βακχιαδέων
481 434 576 492 γάρ.
596 433 740 485 οὐδεὶς
767 432 897 489 ἤθελε
923 435 1070 487 γῆμαι,
1101 433 1207 486 ἴσχει
1235 430 1462 475 Ήετίωυ85

140 506 191 560 ,,ὁ
227 502 513 561 Ἐχεκράτεος,
560 500 704 558 δήμου
742 500 821 556 μὲν
859 500 906 543 ἐκ
946 499 1115 555 Πέτρης
1144 498 1250 548 ἐών,
1298 498 1406 554 α’τὰρ

93 712 181 750 dem
200 717 395 758 monente,
420 709 532 761 plena
553 716 608 746 est
634 709 745 745 locu-

92 771 165 806 tio:
197 763 355 807 διδόναι
373 781 411 806 τε
429 765 544 805 τέκνα
567 765 633 804 καὶ
645 769 746 815 λαμ-

91 822 230 877 βάνειν
250 820 340 876 παρ’
372 819 553 873 ἄλλήλων
580 824 660 859 sive
682 821 747 860 ἑκ-

90 878 247 921 διὸόιάι
270 881 338 919 καὶ
364 877 583 931 λαμβάνειν
611 882 748 931 γυναῖ-

89 952 163 984 κας
182 933 272 988 παρ’
304 933 496 988 ἀλλήλων.
515 956 571 964 -
601 934 664 972 Ad
685 947 749 971 ar-

89 1001 320 1045 gumentum
369 994 575 1031 verborum
632 1005 751 1044 seqq.,

91 1052 177 1100 (ubi
193 1045 346 1090 τούτων
367 1049 457 1087 dedi
478 1063 546 1101 pro
562 1048 750 1097 τουτέων)

91 1108 193 1145 conf.
229 1106 358 1144 Photii
385 1107 486 1144 Bibl.
522 1120 561 1158 p.
587 1107 692 1147 1583
715 1112 752 1142 et

90 1178 129 1215 p.
160 1164 255 1204 487.

147 1218 300 1272 οὕνομα
339 1218 382 1260 δέ
416 1220 458 1259 οἱ
495 1221 549 1270 ἡν
581 1215 747 1270 sla-5301]

91 1279 157 1314 His
195 1278 318 1314 verbis
359 1277 570 1314 Creuzer.
611 1277 750 1325 (Com-

90 1341 226 1371 meutt.
247 1332 417 1370 Herodd.
437 1345 526 1384 pag.
546 1333 619 1384 62)
639 1331 751 1369 adhi-

91 1392 155 1428 bet
172 1392 288 1428 veiba
306 1391 528 1442 Etymolog.
549 1403 679 1440 magn.
711 1403 749 1440 p.

94 1449 173 1488 199
195 1461 232 1498 p-
248 1449 321 1487 181
346 1448 448 1497 Lips.
472 1444 647 1498 βλαισός,
673 1461 751 1484 πα-

91 1499 363 1556 ραλυτικός-
385 1518 406 1542 ο
421 1502 514 1549 τούς
533 1499 657 1548 πόδας
684 1501 748 1541 ἐπὶ

91 1575 138 1599 τα
161 1560 232 1608 ἔξω
258 1558 577 1624 διεστραμμένος,
604 1557 672 1598 καὶ
693 1560 750 1612 τῷ

90 1620 131 1654 Λ
153 1615 328 1681 στοιχείῳ
353 1611 514 1662 ἐοικώς·
542 1612 608 1654 διοέ
630 1617 747 1654 τοῦτο

89 1671 155 1712 καὶ
173 1668 346 1724 Λαμβδα
359 1673 439 1722 (alii
448 1674 607 1723 scriptoi
609 1685 647 1709 es
658 1668 748 1710 Λά-

90 1729 178 1782 βδα,
193 1729 296 1782 quod
316 1729 546 1766 tantundem
567 1729 638 1781 est)
657 1729 748 1768 ἐκα-

90 1790 191 1826 λεῖτο
202 1786 230 1838 ἡ
240 1783 341 1840 γυνή
357 1784 429 1838 μὲν
438 1782 658 1834 Ἠετίωνος,
670 1782 748 1837 μή-

90 1858 162 1895 τηρ
186 1841 229 1882 δὲ
257 1842 450 1893 Κυψέλου
487 1845 563 1882 τοῦ
601 1843 752 1892 Κορίν-

89 1904 172 1939 θου
191 1895 402 1950 τυράννου.
459 1901 558 1936 Nam
585 1901 626 1936 iu
655 1899 754 1936 clau-

94 1956 162 1994 dae
181 1958 312 1994 matris
341 1958 538 1993 mentione
569 1957 754 1993 tesserarii

91 2013 184 2066 quid
224 2013 374 2050 videtur
402 2015 546 2061 inesse,
597 2012 644 2050 de
673 2025 750 2065 quo

90 2069 168 2109 vid.
189 2077 284 2108 nott.
306 2069 354 2106 ad
371 2071 416 2118 V,
438 2072 492 2110 92
513 2072 550 2116 ξ.
573 2071 611 2111 5.

147 2123 297 2178 ταύτην
317 2147 371 2155 --
401 2126 499 2178 ἰ’σχει
537 2124 698 2166 Ἠετίων
727 2124 751 2165 ό

89 2178 366 2235 Ἐχεκράτεος]
419 2185 569 2221 Puncto
586 2213 596 2232 ,
646 2182 750 2236 quod

92 2241 209 2290 vulgo
230 2247 314 2292 post
334 2239 428 2278 haec
449 2242 564 2278 verba
584 2242 749 2291 ponitur,

93 2296 237 2344 deleto,
267 2299 458 2334 minorem
492 2299 752 2335 substituimus

93 2352 388 2391 distinctionem.
410 2354 507 2405 ἴσχει
517 2355 618 2392 valet
626 2356 752 2392 matri-

94 2413 210 2448 monio
228 2412 296 2448 sibi
311 2413 441 2459 iunxit,
472 2414 582 2449 tenuit
590 2425 603 2456 ,·
633 2418 675 2448 ut
684 2413 751 2459 ΠΙ,

95 2469 163 2508 31.
219 2467 308 2505 Α]ἰο
356 2481 468 2505 sensu
508 2468 555 2505 de
593 2469 753 2505 muliere

95 2523 251 2574 gravida
286 2524 385 2576 ἔχειν
414 2525 459 2573 V,
490 2524 541 2566 41
572 2526 658 2566 coll.
686 2527 753 2573 ΙΙΙ,

97 2582 152 2620 32
171 2580 238 2617 fin.
259 2604 310 2609 —-
344 2582 484 2619 Aetion
513 2583 612 2618 inter
631 2583 766 2619 maio-'

96 2647 155 2673 res
174 2635 318 2685 habuit,
349 2645 390 2675 ut
418 2637 467 2675 ad
493 2637 533 2676 h.
574 2639 600 2675 l.
631 2651 754 2676 auno—

98 2697 152 2728 tat
170 2693 414 2745 wesseling„
444 2696 658 2743 Melanem,
689 2697 755 2748 qui

97 2760 175 2784 una
195 2762 283 2787 cum
305 2751 416 2788 Alete
445 2751 671 2789 Corinthum
691 2765 755 2789 oc-

98 2816 254 2855 cupasse
292 2808 450 2856 -fertur‚
511 2815 604 2846 teste
649 2811 754 2847 Pau·

801 699 887 748 sanss
926 708 983 754 ll,
1016 707 1041 746 4
1073 707 1110 752 ξ.
1139 705 1163 746 4
1196 705 1284 742 coll.
1324 705 1369 751 V,
1413 707 1463 746 18

803 765 841 809 ξ.
858 766 898 803 2.
919 765 1046 815 Atque
1058 764 1186 800 Aletes
1205 763 1373 813 primum
1385 761 1464 812 Cy-

802 821 1078 871 pseligeutem,
1110 820 1264 856 oraculo
1286 817 1464 855 admoni-

804 884 882 925 tus,
912 879 951 913 in
973 878 1108 913 urbem
1129 877 1295 926 recipere
1327 876 1464 921 noluit,

804 941 889 985 post
901 946 991 971 vero
1012 933 1156 970 oraculi
1175 933 1467 969 siveimmemor

804 993 885 1028 sive
897 991 1094 1041 negligens
1107 1003 1191 1026 eam
1204 990 1356 1040 recepit,
1369 1000 1468 1040 quae

807 1049 922 1098 ipsius
963 1049 1096 1084 Aletae
1155 1053 1325 1098 posteros
1378 1045 1466 1082 dein

806 1105 968 1156 imperio
998 1103 1146 1141 deiecit.
1188 1103 1299 1142 Conf.
1333 1102 1375 1141 C.
1418 1102 1464 1139 Ο.

806 1163 956 1198 Miiller.
997 1163 1090 1198 Dor.
1109 1163 1126 1197 l
1147 1173 1233 1212 pag.
1257 1162 1325 1201 87.

866 1217 996 1269 δήμου
1018 1215 1091 1269 μὲν
1121 1218 1162 1257 ἐκ
1185 1216 1340 1267 Πέτρης
1372 1213 1465 1262 ἐών,

807 1270 907 1326 ἄτοῖρ
927 1272 975 1313 τοὶ
993 1270 1193 1314 ἀνέκαθεν
1208 1273 1406 1324 Λαπίθης
1424 1285 1466 1311 τε

807 1331 874 1371 καὶ
897 1332 1110 1382 Καινίόης]
1135 1332 1201 1367 His
1220 1331 1344 1367 verbis
1364 1328 1466 1366 indi-

808 1391 886 1425 cari
912 1395 1020 1439 putat
1057 1385 1331 1425 VVachsmuth.
1370 1386 1466 1423 Hel-

809 1446 885 1482 len.
906 1443 1070 1482 Alterth.
1090 1446 1138 1493 ΙΙ,
1165 1448 1183 1484 1
1199 1446 1366 1494 pag.21‚
1388 1455 1465 1494 quo

809 1508 1007 1538 contemtu
1028 1502 1120 1538 olim
1142 1502 1281 1537 rustica
1301 1501 1377 1537 vita
1397 1512 1465 1536 ru-

803 1559 964 1610 sticique
983 1556 1160 1594 homines
1181 1555 1300 1593 habiti
1312 1557 1466 1602 fuerint,

804 1628 895 1652 cum
915 1613 1018 1666 apud
1037 1616 1156 1651 Dores
1177 1614 1466 1664 optimatesurbs

805 1679 842 1709 et
861 1685 922 1709 rus
942 1674 994 1708 ita
1013 1672 1084 1708 sibi
1105 1677 1341 1722 opponatur,
1363 1677 1405 1706 ut
1425 1671 1465 1706 in

802 1730 866 1765 illa
888 1728 1036 1766 domiui
1053 1730 1136 1780 ipsi,
1156 1730 1197 1764 in
1217 1726 1292 1764 hoc
1302 1728 1466 1778 perioeci

805 1785 975 1823 habitare
1014 1785 1200 1822 dicantur.
1275 1786 1333 1820 De
1371 1797 1467 1821 voce

808 1840 938 1894 δήμου
960 1843 1061 1879 conf.
1081 1849 1179 1879 nott.
1201 1840 1250 1878 ad
1265 1843 1332 1888 ΙΙΙ,
1354 1841 1408 1882 55
1430 1848 1467 1877 et

808 1900 857 1937 ad
877 1897 925 1939 τά
948 1895 1147 1939 οἷνέκαθεν
1167 1905 1264 1935 nott.
1285 1897 1332 1934 ad
1343 1898 1386 1945 V,
1398 1897 1467 1938 55-

806 1959 864 1994 De
883 1959 965 2008 ipso
1005 1956 1133 1994 Petrae
1159 1957 1244 1993 vico
1281 1953 1378 1991 nihil
1404 1967 1464 1990 re-

808 2016 893 2065 peri
923 2013 1120 2050 traditum.
1171 2013 1222 2049 At
1254 2014 1321 2049 vix
1352 2012 1467 2047 aliam

806 2071 868 2108 hic
878 2072 1039 2121 intelligi
1054 2083 1162 2121 posse
1173 2070 1369 2119 regionem
1382 2082 1467 2104 cre-

807 2127 917 2175 dam,
949 2140 1065 2180 quam
1094 2139 1193 2179 quae
1212 2124 1303 2162 iude
1322 2139 1344 2162 a
1365 2127 1468 2161 Ceu-

807 2183 1009 2222 chrearum
1029 2191 1141 2235 portu
1162 2182 1210 2220 ad
1220 2197 1327 2220 mare
1342 2183 1468 2234 porri-

805 2243 907 2293 gitur
920 2255 985 2278 ora
1007 2240 1231 2292 Argolidem
1245 2254 1386 2289 versus,
1406 2254 1469 2277 sa—

805 2300 864 2336 xis
875 2300 1086 2350 praeruptis
1103 2299 1286 2350 celsisque
1299 2299 1469 2334 maxime

807 2357 949 2407 repleta
970 2383 983 2400 ,
1031 2362 1073 2391 ut
1113 2362 1264 2392 nostrae
1314 2367 1468 2407 quoque

809 2414 939 2450 aetatis
969 2413 1270 2463 peregrinatores
1299 2418 1467 2448 narrant.

809 2492 865 2497 —
887 2470 931 2507 Si
949 2482 1039 2506 vero
1059 2468 1223 2520 Lapitka
1244 2475 1281 2505 et
1307 2468 1468 2506 Caenida

809 2527 881 2564 fuit
900 2527 1052 2575 Aetion,
1074 2539 1310 2578 consequens
1325 2532 1380 2562 est
1398 2538 1469 2576 pa—

810 2591 908 2620 trem
930 2590 994 2620 aut
1023 2596 1140 2621 avum
1166 2582 1341 2620 habuisse
1371 2583 1469 2618 Cae-

810 2653 949 2688 neum,
981 2641 1047 2692 qui
1079 2639 1295 2676 Pirithoum
1323 2640 1363 2676 in
1393 2650 1468 2688 pu-

810 2710 886 2747 gna
926 2710 1016 2734 cum
1067 2697 1262 2733 Centauris
1312 2694 1467 2739 adiuvit,

809 2761 903 2791 teste
923 2755 1088 2790 Pausan.
1107 2753 1153 2800 V,
1178 2755 1228 2793 10
1249 2754 1286 2798 §.
1307 2755 1346 2791 2.
1401 2750 1467 2785 Est

810 2818 963 2857 autem,
1002 2817 1045 2847 ut
1072 2810 1213 2860 Heynii
1243 2815 1328 2845 utar
1348 2805 1469 2843 verbis
