1897 3340
81 566 148 612 93

460 246 1114 290 TERPSICHORE.
1173 248 1219 284 V.

1391 249 1470 288 191

151 369 197 404 34
213 368 318 414 ,,λις.
357 359 441 405 οὐκ
479 355 544 402 ὧν
586 357 643 414 ἢν
681 357 740 413 μὴ
762 355 1023 412 παύσησθε,
1063 354 1172 399 ἀλλὰ
1208 354 1475 411 πειρήσησθε

212 429 357 484 ,παρὰ
397 428 446 471 τὸ
487 428 662 470 δίκαιον
702 424 964 481 κατάγοντες
1003 424 1196 479 Ἱππίην,
1242 425 1331 467 ἰ’στε
1369 421 1476 478 ὑμῖν

212 498 509 550 ,,Κορινθίους
539 511 586 550 γε
618 492 671 537 οὐ
704 493 1056 543 συταινέοντας.ιι

1485 497 1530 531 25

290 561 538 619 Σωσικλέης
573 561 652 618 μὲν
690 560 776 605 ἀπὸ
809 563 1044 615 Κορίνθου
1074 558 1329 616 πρεσβεύων
1368 558 1477 610 ἔλεξε
1534 570 1808 632 ffigsifflgfiflenten

203 631 319 675 τάδε.
373 629 540 686 Ἱππίης
570 631 616 674 δε
646 628 783 674 αὐτὸν
813 628 1035 685 ἀμείβετο,
1065 628 1169 679 τοὺς
1201 626 1363 678 αὐτούς
1387 626 1474 669 ἐπι·
1532 638 1611 665 bata.
1739 615 1807 642 [πο

202 698 390 749 καλέσας
417 697 554 749 θεους
593 699 748 754 κείνῳ,
793 701 822 755 ἠ
860 698 939 753 μὲν
978 698 1250 751 Κορινθίους
1287 694 1473 749 μάλιστα

202 765 379 810 πάντων
399 765 684 822 ἐπιποθήσειν
705 767 1076 820 Πεισιστρατίδας,
1104 763 1210 808 ὅταν
1233 775 1313 819 σφι
1333 760 1473 818 η’κωσι

174 833 361 890 Ξὴμέραι
392 837 438 878 αἵ
466 835 619 890 κύριαι
649 833 860 878 ἀνιᾶσθαι
897 832 973 877 ὑπ’
1005 832 1258 888 Ἀθηναίων.
1309 829 1530 886 Ἱππίης30

203 903 283 957 μὲν
313 902 511 946 τούτοισι
532 902 770 958 ἀμείψατο,
803 900 874 946 οἷά
904 918 950 945 τε
979 901 1081 951 τοὺς
1110 897 1333 956 χρησμούς
1353 896 1472 951 ἄτρε-

201 970 385 1013 κέστατα
417 968 595 1024 ἀνδρῶν
623 970 964 1027 ἐξεπιστάμενος.

1029 970 1083 1012 Οἱ
1119 968 1165 1011 δὲ
1205 967 1353 1010 λοιποὶ
1383 970 1472 1009 τῶν

203 1036 443 1094 συμμάχων
471 1039 575 1109 τέρος
602 1040 682 1096 μὲν
710 1037 828 1096 εἶχον
856 1039 905 1083 ἐν
932 1037 1089 1095 ἡσυχίῃ
1122 1035 1258 1092 σφέας
1287 1034 1471 1088 αὐτούς·

163 1307 167 1313 -
206 1277 280 1320 οὐκ
316 1275 373 1320 ὧν
409 1278 462 1332 ἢν
498 1278 550 1331 μὴ
591 1277 807 1332 παύσησθε

148 1333 246 1376 cisso?
266 1335 544 1389 πειρήσησθε]
586 1340 671 1375 Duo
692 1338 805 1376 codd.

149 1392 282 1433 οὔκων
301 1391 519 1442 παύσεσθε,
543 1409 638 1447 quos
656 1403 806 1433 secutus

149 1458 204 1488 est
223 1452 339 1489 Gaiss.
358 1465 451 1488 mox
471 1465 519 1488 ex
541 1452 674 1489 iisdem
704 1453 806 1490 libris

148 1515 185 1545 et
205 1509 423 1545 Florentino
452 1507 636 1546 exhibens
664 1506 807 1560 παιρή-

146 1569 286 1612 σεσθε,
318 1567 424 1602 cuius
458 1566 542 1602 loco
573 1567 806 1616 VVesseling.

144 1634 235 1658 cuin
255 1622 342 1658 aliis'
357 1621 513 1658 dederat
543 1618 805 1673 πειρήσησθε.

128 1678 269 1723 'Quem
290 1679 405 1717 Gaisf.
435 1685 586 1715 textum
615 1680 645 1716 si
665 1680 807 1730 probe·-

142 1747 249 1782 mus,
268 1738 396 1772 nescio
417 1748 508 1772 saue
530 1735 722 1788 equidem,
738 1737 805 1788 qui

142 1792 190 1828 sit
210 1790 321 1829 huius
338 1793 412 1830 loci
432 1806 523 1830 cum
543 1793 803 1830 antecedenti-

141 1848 213 1886 bus
240 1863 385 1897 nexus,
425 1863 524 1901 quae
543 1851 702 1888 omnino
724 1851 803 1887 eius

139 1907 338 1945 sententia.
415 1908 495 1943 Nec
530 1908 653 1957 magis
680 1907 805 1958 placet

141 1961 453 2029 Schweighaeus.
461 1965 560 2001 ratio
581 1965 800 2001 scribentis.

141 2033 218 2058 ουκ
239 2021 297 2059 ὠν
314 2016 368 2071 ἣν
390 2036 443 2072 μη
466 2016 681 2071 παύσησθε
702 2016 800 2060 ἄλλα

140 2072 384 2127 πειρήσεσθε
396 2076 435 2129 (i.
449 2091 482 2114 e.
497 2079 618 2128 itaque
639 2080 671 2115 si
690 2078 804 2116 abin-

140 2137 257 2182 coepto
275 2147 343 2171 non
361 2135 603 2172 amanuenses
618 2135 679 2172 secl
700 2148 805 2172 cona-

143 2191 220 2226 turi
229 2193 323 2238 estis,
335 2195 476 2241 praeter
489 2191 538 2239 id,
562 2192 654 2242 quod
672 2194 805 2229 iustum

140 2249 204 2294 est,
214 2246 558 2299 reducereHippiam,
570 2250 691 2286 scitote
702 2249 804 2299 eto).

141 2303 241 2340 Nam
269 2305 336 2341 vix
354 2303 451 2342 mihi
469 2304 696 2356 persuadere
714 2319 806 2357 pos-

141 2372 246 2407 sum,
276 2374 354 2398 uno
376 2361 590 2414 eodemque
626 2364 805 2401 orationis

138 2416 181 2452 in
200 2423 331 2454 tenore
351 2419 557 2468 particulae
576 2415 630 2470 ἢν
651 2421 698 2457 ab
722 2422 804 2457 He-

142 2471 277 2511 rodoto
304 2474 422 2512 modo
451 2476 625 2512 futurum
653 2476 803 2514 indica-

143 2529 210 2565 tivi
247 2530 365 2568 modo
400 2533 691 2570 coniunctivum
730 2533 802 2571 ad·

143 2586 248 2623 strui.
284 2589 419 2640 Itaque
437 2590 550 2626 satius
571 2588 664 2626 duxi
682 2591 721 2626 iu
743 2591 802 2628 le-

145 2641 270 2678 ctione
334 2645 491 2695 vulgata
548 2645 801 2698 acQuiescere,

146 2708 263 2747 quam
279 2699 416 2738 Matth.
437 2701 523 2753 (qui
543 2701 591 2739 de
613 2715 707 2740 voce
729 2701 802 2742 οὕ-

145 2766 229 2791 κων
248 2757 398 2794 monuit
416 2757 465 2794 ad
483 2759 513 2806 Ι,
538 2758 608 2808 11)
638 2760 691 2796 ita
711 2773 803 2796 mu-

143 2810 257 2846 tavlt:
299 2807 373 2851 οὔκ
406 2807 463 2852 ὦν
501 2811 558 2866 μή
581 2811 800 2865 παύσεσθε,

143 2858 243 2904 omo?
277 2864 530 2919 πειρήσεσθε.
588 2870 651 2909 Ad
681 2874 801 2922 parti-

860 1283 1006 1334 cipium
1021 1278 1280 1334 κατάγοντες,
1311 1283 1419 1318 cuius
1439 1281 1525 1318 loco

862 1338 941 1377 duo
973 1340 1062 1376 libri
1099 1334 1406 1390 καταγαγόντες,
1445 1337 1522 1376 vid.

861 1395 998 1434 Matth.
1020 1397 1085 1433 Gr.
1108 1397 1173 1433 Gr.
1194 1408 1282 1446 pag.
1308 1398 1429 1436 1091.

1066 1521 1160 1571 Cap.
1181 1521 1319 1557 XCIlL

916 1620 1070 1672 Ἱππίης
1094 1619 1135 1661 δὲ
1157 1617 1277 1661 αὕτόν
1309 1617 1523 1673 εἷμείβετο]
1587 1623 1590 1627 ’

860 1677 924 1715 Ad
967 1680 1227 1716 accusativum
1264 1674 1387 1718 αὐτόν
1424 1680 1524 1716 conf.

861 1735 997 1774 Matth.
1020 1738 1086 1772 Gr.
1108 1737 1175 1772 Gr.
1194 1749 1282 1787 pag.
1304 1737 1400 1778 752.
1430 1737 1525 1773 ΜοΧ

861 1794 1022 1830 Noster:
1054 1792 1208 1843 Ἱππιης
1230 1792 1300 1844 μὲν
1318 1809 1369 1832 το
1384 1789 1442 1832 v'v
1457 1809 1524 1832 οι-

861 1862 909 1889 σι
946 1847 1158 1899 ἀμείψατο.
1227 1849 1288 1886 Ad
1322 1851 1524 1900 paniculas

857 1922 884 1957 η
929 1905 1002 1957 μὲν
1039 1907 1142 1944 conf.
1170 1914 1268 1944 nott.
1300 1907 1350 1944 ad
1379 1906 1426 1955 V,
1468 1909 1524 1948 92

885 1990 895 2000 .
918 1964 957 2004 5.

858 1965 880 2010 ξ
918 2016 1015 2059 όταν
1044 2031 1117 2069 σφι
1144 2016 1274 2071 ’ἥκωσι
1301 2018 1449 2071 ’ἡμέραι
1481 2018 1526 2058 αἵ

859 2073 997 2129 κύριαι
1040 2073 1240 2116 ἀνιᾶσθαι
1277 2073 1346 2116 ὑπ’
1403 2072 1521 2127 Ἀθη-

863 2134 1017 2182 ναίων]
1070 2136 1095 2172 i.
1118 2148 1151 2171 e.
1184 2134 1339 2176 Quando
1374 2133 1523 2171 advene-

860 2194 933 2230 rint
955 2191 1028 2228 dies
1055 2192 1131 2229 illis
1146 2194 1288 2240 statuti,
1310 2192 1523 2241 quibuspre-

861 2253 1033 2286 merentur
1053 2250 1098 2286 ab
1115 2248 1383 2287 Atheniensibus
1400 2261 1429 2286 s.
1444 2249 1523 2298 qui-

860 2306 925 2343 bus
945 2308 1036 2356 ipsos
1042 2309 1156 2358 premi
1164 2308 1340 2344 acvexarz·
1357 2304 1522 2342 abAtlae-

858 2364 1036 2401 aiensibus
1068 2366 1106 2401 in
1128 2362 1227 2414 fatis
1257 2365 1336 2401 erat
1353 2364 1523 2399 constitu-

859 2423 942 2458 tum
966 2442 1023 2447 --
1052 2420 1168 2457 Haud
1200 2421 1420 2473 infrequens
1438 2420 1522 2455 No—

857 2484 934 2514 stro
966 2494 992 2529 η
1028 2478 1147 2528 κυρίη
1177 2475 1351 2529 ημέρηΙ
1355 2476 1452 2524 4,9·
1474 2475 1520 2522 V,

857 2534 926 2576 50
938 2535 1002 2583 V‚I
1023 2537 1115 2576 129.
1145 2534 1208 2572 Ad
1222 2535 1382 2572 verbum
1405 2528 1525 2572 dvc&-

859 2595 958 2630 σθαι
988 2592 1091 2629 conf.
1122 2594 1186 2641 lv,
1221 2596 1313 2634 130.
1351 2593 1396 2627 In
1427 2602 1521 2641 pro-

855 2648 961 2684 xime
992 2662 1098 2701 seqq.
1128 2664 1223 2698 τους
1249 2661 1452 2700 χρησμους
1472 2645 1520 2682 de

855 2703 992 2741 iisdem
1012 2706 1184 2756 intelligo
1217 2707 1390 2754 oraculis,
1421 2716 1521 2755 quo-

857 2774 945 2797 rum
970 2763 1116 2799 mentio
1142 2764 1188 2810 V,
1228 2765 1296 2810 90,
1326 2769 1391 2799 aut
1417 2767 1519 2797 certe

858 2823 906 2854 de
953 2819 1137 2856 similibus
1187 2818 1416 2870 quibusdam
1454 2817 1518 2853 illa

857 2880 979 2911 aetate
998 2876 1244 2926 pervulgafis.
