1897 3340
638 145 671 180 E
700 144 733 180 R
761 143 795 178 A
827 142 865 178 T
895 141 940 178 Ο.
997 141 1069 178 Vl.
1407 146 1487 185 281

231 255 437 312 στρατιὴν
467 255 514 298 δὲ
541 252 620 309 τὴν
647 250 778 306 πεζήν
808 248 932 294 ἄλλοι
959 248 1168 306 ἡγεμόνες
1188 244 1298 305 ἦγον
1318 250 1384 293 ἐπὶ
1414 252 1491 294 τὸν

201 323 560 380 3Ἑλλήσποντον.
620 319 696 371 Ὡς
735 319 781 362 δὲ
818 318 1083 372 παραπλέων
1114 317 1194 373 τὴν
1220 317 1363 374 Ἀσίην
1398 316 1548 362 cini-70

229 408 328 434 κετο
359 389 383 434 ὁ
401 386 657 442 Μαρδόνιος
686 386 729 438 ἐς
749 386 829 442 τήν
857 385 1035 442 Ἰωνίην,
1070 387 1264 429 ἐνθαῦτα
1289 386 1491 442 μέγιστον

228 463 389 514 θῶνμα
429 456 533 512 ἐρέω
577 460 693 499 τοῖσι
745 454 804 510 μὴ
849 454 1213 510 ἀποδεκομένοισι
1254 454 1483 510 Ἑλλήνων,
1542 457 1625 499 457

231 523 437 579 Περσέων
469 528 582 567 τοῖσι
620 523 726 567 ἑπτὰ
760 520 940 566 Ὀτάνεα
978 521 1158 578 γνώμην
1195 520 1492 574 ἀποδέξασθαι

229 592 289 643 ὥς
325 591 454 646 χρεὸν
493 593 559 647 εἴη
596 591 970 646 δημοκρατέεσθαι
1011 590 1211 645 Πέρσας·
1261 591 1366 642 τούς
1403 590 1490 646 γάρ

226 659 484 713 τυράννους,
501 664 590 702 τῶν
618 657 775 702 Ἰώνων
803 658 1087 709 καταπαύσας
1115 656 1279 709 πάντας
1309 657 1333 702 ὁ
1365 662 1491 712 Μαρ-

230 726 400 779 δόνιος,
431 728 724 783 δημοκρατίας
752 728 929 770 κατίστα
966 727 1008 777 ἐς
1047 727 1123 776 τὰς
1149 725 1314 778 πόλιας.
1357 731 1493 770 ταῦτα

231 795 278 840 δὲ
306 795 510 852 ποιήσας,
548 794 745 852 ἠπείγετο
778 795 820 848 ἐς
848 795 926 839 τὸν
949 793 1282 852 Ἑλλήσποντον.
1338 792 1414 846 Ὡς
1449 795 1550 839 δὲ75

173 983 237 1020 lei.
276 981 325 1024 ‚ad
356 980 535 1035 Aeschyl.
575 983 681 1022 Pers.
721 980 774 1024 54
813 995 836 1020 a

174 1041 432 1090 Wesselingio
479 1041 624 1078 allatus.
698 1041 835 1092 Neque

176 1099 281 1134 euim
295 1110 410 1134 naves
430 1098 528 1148 ipsas
547 1110 723 1134 unacum
734 1110 835 1133 nau-

175 1155 223 1193 iis
253 1168 274 1190 e
302 1153 456 1191 Perside
488 1155 528 1190 iu
558 1155 730 1191 Ciliciam
760 1153 834 1191 du—

176 1224 262 1248 cere
281 1212 417 1262 potuit.
474 1212 532 1247 De
564 1212 722 1261 repetita
740 1224 835 1248 voce

176 1265 322 1307 πολλόν
341 1268 492 1305 monuit
520 1266 655 1305 Matth.
678 1269 744 1308 Gr.
767 1268 833 1305 Gr.

135 1340 143 1343 ·
176 1337 266 1376 pag.
294 1327 416 1365 1261.

218 1401 286 1451 Ὡς
307 1401 351 1442 δὲ
362 1402 601 1455 παραπλέων
613 1401 686 1455 τήν
702 1399 835 1454 Ἀσίην

176 1474 212 1499 κ.
232 1475 264 1499 τ.
284 1460 347 1508 λ.]
381 1463 439 1498 De
469 1468 655 1498 structura
683 1462 759 1498 loci
785 1461 833 1500 cf.

175 1516 312 1555 Matth.
343 1518 408 1555 Gr.
439 1519 504 1554 Gr.
532 1530 619 1568 pag.
651 1518 731 1559 805
761 1516 836 1568 τήν

173 1569 310 1626 Ἀσίην
329 1572 425 1612 dixit
439 1574 691 1611 NosterAsiae
708 1575 838 1611 mino-

175 1633 226 1669 ris
265 1644 373 1668 oram
403 1630 695 1668 meridionalem
709 1661 718 1679 ‚
766 1632 834 1667 ubi

174 1686 402 1741 Pamphyli,
446 1689 556 1739 Lycii
585 1694 621 1724 et
651 1688 762 1725 Cares
784 1688 833 1737 (Ι,

178 1746 291 1794 177).
348 1744 411 1782 Ad
447 1745 524 1781 loci
563 1752 836 1794 argumentum

177 1802 279 1838 conf.
300 1802 366 1849 III,
388 1803 441 1842 80
462 1802 590 1852 ibique
605 1808 701 1839 nott.
731 1800 835 1838 Add.

174 1857 432 1896 Hoffmeister.
453 1859 579 1894 Ueber
594 1857 777 1895 Herodot.
796 1872 836 1909 p.

177 1917 245 1956 89.
274 1916 401 1967 Atque
415 1916 464 1951 K.
484 1916 554 1952 W.
569 1917 718 1965 Kriiger
739 1916 837 1963 (Ue-

176 1972 245 2009 ber
273 1970 338 2009 das
379 1972 512 2009 Leben
550 1970 615 2009 des
654 1970 837 2023 Thucyd.

179 2029 465 2069 18323erolin.
485 2041 573 2079 pag.
586 2028 658 2078 23)
670 2042 719 2065 ex
728 2035 837 2065 utro-

176 2097 253 2136 que
273 2084 346 2122 hoc
366 2084 553 2123 Herodoti
571 2086 658 2122 loco
680 2092 716 2122 et
725 2099 840 2136 prae-

176 2141 307 2178 sertim
328 2155 377 2179 ex
411 2156 477 2190 eo,
528 2141 632 2194 quod
660 2143 840 2179 nonnulli

178 2199 416 2236 Graecorum
424 2198 488 2236 hie
505 2198 717 2236 dubitantes
729 2212 839 2244 com-

122 2298 125 2300 *
179 2263 454 2305 memorantur,
476 2257 604 2306 colligi
623 2257 717 2304 vult,
739 2255 839 2293 hauc

179 2313 436 2349 narrationem
467 2313 513 2349 ab
533 2312 729 2350 Herodoto
753 2314 840 2364 plu-

182 2368 284 2406 ribus
302 2369 343 2405 in
361 2370 452 2406 locis
471 2377 538 2406 aut
558 2376 659 2406 certe
680 2383 725 2407 eo
740 2371 840 2418 loco,

183 2425 250 2461 ubi
277 2426 402 2476 plures
437 2427 574 2463 Graeci
610 2427 713 2478 iique
746 2428 843 2464 civi-

183 2487 305 2518 tatum
317 2483 507 2519 variarluu
518 2482 718 2531 adfuerint,
729 2496 843 2534 prae-

184 2538 323 2574 lectam
352 2539 464 2575 fuisse
493 2551 562 2588 pro
591 2540 690 2575 illius
711 2541 842 2577 aetatis

185 2605 315 2642 more,
347 2608 460 2646 quem
483 2593 723 2631 Herodotum
743 2609 843 2647 quo-

187 2661 262 2700 que
282 2658 454 2688 secutum
475 2665 554 2688 esse
580 2652 688 2702 plura
706 2657 852 2689 testans

187 2711 261 2743 tur.
331 2706 410 2743 Sed
438 2706 544 2744 haud
589 2709 666 2744 scio
695 2720 742 2744 an
782 2710 844 2744 ni-

186 2762 310 2798 mium
330 2762 464 2801 viderit
495 2764 552 2803 vir
571 2765 844 2815 sagacissimus.

891 983 1068 1035 Namque
1095 996 1174 1021 non
1210 988 1291 1021 tam
1327 983 1550 1035 praelegens

894 1053 988 1091 opus
1009 1054 1121 1077 suum
1142 1042 1306 1087 Graecis,
1329 1054 1445 1093 quam
1461 1054 1550 1091 per-

890 1097 1092 1134 scrutando
1114 1098 1262 1148 singula
1283 1104 1320 1134 et
1344 1111 1393 1133 ex
1423 1098 1552 1134 omui-

888 1155 959 1191 bus
999 1155 1217 1206 quaerendo
1257 1154 1305 1191 ad
1352 1156 1553 1190 materiem

891 1212 1013 1261 operis
1042 1210 1299 1261 colligendam
1321 1211 1362 1247 in
1397 1224 1461 1248 eos
1489 1212 1552 1246 iu-

891 1267 1017 1304 cidere
1036 1270 1161 1318 potuit
1181 1270 1359 1315 Graecos,
1389 1269 1455 1319 qui
1481 1268 1553 1304 ali-

892 1331 949 1361 ter
970 1332 1084 1376 atque
1106 1326 1184 1375 ipse
1207 1324 1254 1361 de
1275 1323 1332 1361 his
1353 1327 1550 1361 sentirent.

891 1380 954 1418 Ad
970 1383 1084 1418 verba
1095 1377 1261 1433 γνώμην
1276 1377 1552 1428 ἀποδέξασθαι

892 1438 993 1476 conf.
1015 1439 1078 1483 VI,
1110 1437 1176 1478 41.
1207 1435 1319 1489 χρεὸν
1350 1452 1370 1474 e
1392 1440 1555 1475 Floren-

892 1496 972 1531 tino
1000 1493 1088 1531 dedi
1107 1507 1176 1545 pro
1196 1491 1336 1547 χρεών.
1377 1495 1435 1533 Cf.
1455 1501 1554 1532 nott.

894 1550 943 1588 ad
962 1552 1007 1599 V,
1028 1551 1096 1591 49.

950 1625 1239 1678 καταπαύσας]
1270 1632 1341 1681 τῆς
1364 1630 1552 1680 τυραννί-

891 1687 960 1734 δος
979 1701 1008 1726 S.
1039 1683 1165 1739 ἀρχῆς
1196 1687 1429 1737 subintelligi
1450 1695 1553 1724 reete

891 1751 998 1781 notat
1025 1743 1321 1781 Valckeuaerius
1349 1744 1396 1780 de
1435 1757 1553 1794 argu—

891 1808 1022 1837 mento
1041 1802 1117 1837 loci
1132 1802 1184 1837 ita
1197 1800 1401 1838 disserens:
1425 1803 1555 1849 „Dum

892 1859 1009 1894 Persa
1037 1857 1258 1894 Mardonius
1288 1859 1327 1893 in
1355 1859 1462 1894 Ionia
1483 1858 1555 1908 δη-

896 1915 1113 1966 μοκρατίας
1145 1915 1306 1953 κατίστα
1329 1914 1370 1961 ἐς
1390 1912 1462 1960 τοὶς
1481 1911 1555 1954 πό-

894 1974 1003 2019 λιας,
1034 1970 1154 2007 videri
1176 1970 1305 2008 debuit
1328 1973 1480 2008 Graecis
1512 1985 1556 2008 ea

893 2042 952 2065 res
981 2028 1195 2065 secundtun
1222 2028 1462 2065 Herodotmn
1492 2030 1557 2066 vix

896 2083 1105 2133 credibilis3
1127 2087 1217 2136 quia
1236 2098 1344 2135 reges
1356 2093 1468 2138 atque
1478 2087 1557 2122 im-

895 2143 1001 2193 perio
1022 2143 1141 2191 regali
1165 2141 1312 2178 adsueti
1331 2144 1557 2193 popularem

895 2200 1091 2249 regiminis
1110 2199 1277 2235 formam
1291 2200 1331 2235 in
1346 2201 1557 2237 civitatibus

896 2257 1070 2293 libertate
1089 2257 1164 2293 usis
1175 2257 1227 2292 sic
1248 2257 1475 2308 plerumque
1485 2270 1557 2293 vo-

897 2314 1052 2350 luerunt
1063 2319 1262 2368 mutatam?
1283 2320 1325 2350 ut
1341 2314 1475 2350 saltem
1486 2327 1557 2364 pe-

898 2383 967 2407 nes
979 2383 1118 2420 paucos
1130 2377 1225 2406 esset
1235 2371 1454 2421 imperium,
1466 2383 1560 2422 quos

901 2426 1001 2463 dicto
1018 2427 1163 2463 facilius
1177 2425 1362 2464 haberent
1374 2427 1561 2464 obedien-

899 2486 995 2520 tes.“·
1012 2483 1268 2520 Hoffmeister.
1289 2484 1314 2521 l.
1327 2497 1439 2534 supra
1454 2483 1558 2520 laud.

899 2541 1097 2591 popularia
1111 2541 1272 2591 imperia
1294 2554 1339 2577 eo
1359 2542 1516 2577 consilio
1537 2553 1559 2576 a

900 2596 1101 2633 mardonio
1115 2604 1288 2634 revocata
1310 2611 1388 2634 esse
1401 2598 1561 2633 arbitra*⁴

901 2660 974 2700 tur,
1005 2666 1082 2704 quo
1114 2655 1350 2690 Graecorum
1377 2654 1446 2690 sibi
1465 2664 1562 2688 con-

902 2711 1044 2746 ciliaret
1074 2711 1222 2746 anilnos
1267 2723 1406 2760 eosque
1437 2707 1485 2744 ad
1521 2721 1563 2743 se

902 2767 1079 2804 alliceret.
1137 2765 1330 2818 Equidem
1358 2767 1397 2801 in
1426 2765 1563 2802 talibus
