1897 3340
19 557 132 602 ²106

510 171 983 213 POLYMNIA.
1041 171 1146 210 V11.

1379 180 1462 220 593

167 281 289 327 eom?
317 282 458 340 ἠπίως
487 282 625 327 αὐτὸν
655 280 946 335 ἀπεπέμψατο.
1004 278 1145 338 τούτῳ
1169 280 1214 322 δὲ
1234 279 1276 330 ἐς
1306 282 1514 337 λόγους71

199 352 340 394 ἐλθών
368 352 554 406 Ξὲρξης,
585 350 658 394 καὶ
686 347 886 403 ὕπαρχον
925 347 973 390 ἐν
1001 350 1063 403 τῷ
1091 348 1297 405 Δορίσκῳ
1319 351 1461 409 τούτῳ

196 419 468 475 καταστήσας
508 415 761 472 Μασκάμην
808 416 888 458 τὸν
925 413 1241 470 Μεγαδόστεω,
1287 414 1368 459 τὸν
1415 420 1461 461 δὲ

196 486 285 530 ὑπὸ
320 489 513 543 Δαρείου
560 482 774 529 σταθέντα
804 482 1112 533 καταπαύσας,
1152 481 1356 538 ἐξήλαυνε
1386 484 1518 529 τόν75

201 555 387 609 στρατὸν
425 553 497 597 διοὲ
534 556 610 608 τῆς
643 553 834 607 Θρηίκης
865 550 933 593 ἐπὶ
961 550 1042 607 τὴν
1072 548 1270 594 Ἑλλάδα.
1331 552 1465 596 Κατέ-

196 627 293 666 λιπε
332 622 377 665 δὲ
415 620 554 675 ἄνδρα
596 618 769 663 τοιόνδε
813 618 1067 674 Μασκάμην
1093 617 1353 674 γενόμενον,
1402 625 1464 678 τῷ

195 689 343 749 μούνῳ,
372 687 533 745 Ξέρξης
562 688 683 743 δῶρα
712 685 940 742 πέμπεσκε,
972 684 1031 738 ὥς
1053 683 1330 742 ἀριστεύοντι
1357 688 1463 733 πάν-

136 886 189 921 ita
225 885 411 935 scripsisse
448 891 583 936 putem
622 883 801 922 Herodo-

136 947 242 988 tum,
270 942 324 988 si,
357 954 455 992 quae
481 944 679 992 Hoegerus
708 955 798 978 eum

138 996 328 1034 dicentem
349 998 459 1045 facit,
500 998 625 1035 dicere
655 999 798 1036 voluis-

135 1061 214 1102 δεῖ.)
259 1055 346 1106 qui,
376 1056 493 1092 verbo
527 1055 656 1092 medio
694 1069 796 1103 usus,

133 1109 229 1147 haec
257 1112 381 1161 potius
401 1111 497 1148 mihi
529 1111 666 1149 dixisse
692 1112 796 1149 vide-

134 1174 224 1204 tur:
255 1167 396 1204 Xera-es
415 1169 500 1205 haec
524 1170 662 1219 (dicta)
696 1171 733 1206 in
744 1170 798 1206 ri·

134 1237 211 1261 sum
239 1225 308 1261 sibi
334 1227 498 1262 convertit
520 1239 549 1264 s·
587 1226 721 1264 derisit.
742 1246 799 1253 —

135 1280 198 1317 Ad
230 1282 467 1318 locutionem
512 1277 637 1334 ὀργῆν
673 1285 799 1321 ποιεῖ-

138 1342 237 1376 σθαι
273 1336 427 1389 (irasci)
464 1339 663 1376 conferunt
683 1337 799 1376 Thu-

135 1393 265 1448 cydid.
287 1396 317 1442 1,
341 1396 408 1434 92.

192 1483 236 1524 ἒν
257 1486 312 1538 τῷ
327 1485 512 1539 Δορίσκῳ
527 1481 674 1538 τούτῳ]
699 1484 798 1522 San-

135 1541 246 1578 crofti
265 1542 360 1579 liber
378 1544 535 1587 τοῦτον,
566 1541 669 1594 quod
684 1555 798 1592 prae-

134 1605 232 1635 stare
252 1597 403 1636 videtur
431 1599 701 1649 Wesselingio,
733 1599 798 1650 qui

133 1650 261 1708 τούτῳ
283 1655 331 1693 ad
357 1669 440 1707 cap.
461 1656 528 1703 59,
557 1656 624 1691 ubi
652 1655 799 1692 Dorisci

133 1714 292 1758 mentio,
313 1713 452 1749 referre
472 1725 551 1749 non
567 1711 692 1759 audet,
707 1725 797 1748 cum

134 1769 248 1806 nimis
268 1770 314 1805 sit
335 1776 539 1805 remotum.
571 1769 648 1816 „At
667 1769 797 1813 (verba

135 1831 224 1861 suut
253 1824 629 1875 Schweighaeuseri)
653 1837 798 1875 prono-

136 1893 227 1917 men
249 1876 366 1929 οὗτος
387 1882 550 1918 adiicere
562 1880 698 1918 eodem
710 1894 799 1918 mo-

137 1937 186 1975 do
226 1938 270 1974 iis
308 1940 528 1976 nominibus
582 1937 798 1975 Herodotus

136 1993 330 2043 adsuevit,
375 1996 511 2048 quibus
550 1994 799 2045 designantur

135 2064 194 2089 res
214 2058 280 2088 aut
298 2065 493 2103 personae,
516 2050 563 2088 de
579 2053 715 2104 quibus
727 2064 798 2088 an-

136 2114 197 2145 tea
226 2121 275 2144 ex
302 2109 470 2159 professo
500 2109 616 2145 verba
642 2109 797 2146 fecerat.

135 2166 269 2216 Itaque
290 2164 360 2203 hac
376 2167 456 2216 ipsa
476 2165 652 2212 formula,
676 2164 718 2204 ἔν
741 2167 797 2218 τῷ

138 2221 321 2275 Δορίσκῳ
356 2218 504 2275 τούτῳ,
547 2222 705 2259 remittit
737 2222 798 2258 le-

139 2283 284 2313 ctorem
304 2276 352 2313 ad
373 2291 458 2314 eam
473 2280 696 2316 narrationis
706 2291 797 2329 par-

138 2339 220 2369 tem
255 2329 317 2380 ('c.
338 2332 439 2380 59),
477 2334 579 2371 unde
610 2335 796 2384 digressus

141 2395 232 2436 erat,
244 2387 291 2425 ad
310 2389 580 2439 exponendam
597 2393 796 2440 rationem,

139 2444 217 2498 quei
234 2457 416 2482 numerus
436 2446 549 2482 initus
583 2453 638 2483 est
665 2448 798 2497 copia-

139 2515 239 2549 rum,
261 2508 298 2538 et
318 2500 366 2538 ad
395 2501 633 2551 insignienda
654 2501 798 2540 ducum

139 2560 309 2604 nomina,
332 2559 397 2610 qui
414 2559 475 2595 vel
491 2559 665 2595 universo
688 2571 801 2594 exer-

141 2616 233 2652 citui
252 2615 313 2652 vel
332 2615 490 2664 siugulis
511 2615 659 2665 populis
676 2616 801 2664 agmi-

141 2671 329 2723 nibusque
369 2671 654 2722 praefuerunt.“
704 2672 802 2707 Ver-

141 2727 237 2763 bum
255 2723 497 2767 καθιστάναι
516 2734 552 2764 et
572 2725 646 2764 hoc
665 2727 750 2763 loco
763 2734 800 2764 et

143 2796 256 2835 supra
289 2784 336 2831 V,
365 2783 419 2824 25
450 2784 534 2832 (ubi
563 2781 641 2822 vid.
669 2783 798 2833 nott.)‚

201 2841 421 2879 Hssnono'r.
442 2841 509 2877 ΙΙΙ.

856 884 1014 936 aliisque
1040 882 1142 935 apud
1169 897 1255 933 eos,
1295 887 1362 938 qui
1392 886 1440 924 de
1455 901 1518 924 re-

854 941 923 978 bus
956 941 1069 977 Asiae
1090 948 1231 990 agunt,
1261 950 1408 980 certum
1439 958 1518 982 esse

854 1005 968 1049 atque
995 998 1190 1048 proprium
1218 1007 1352 1037 monet
1382 1003 1519 1052 Heng-

852 1055 1043 1104 stenberg.
1067 1056 1141 1102 (De
1161 1055 1264 1093 rebb.
1286 1057 1459 1107 Tyriorr.
1477 1072 1517 1109 p.

853 1109 923 1162 46)
947 1111 995 1148 ad
1017 1110 1292 1161 designandam
1316 1116 1519 1164 magistia-

854 1174 966 1204 tuum
994 1168 1219 1205 inferiorum
1238 1169 1517 1208 institutionem

855 1236 877 1260 a
917 1225 1074 1261 summis
1113 1226 1346 1276 principibus
1386 1229 1516 1278 profe—

855 1288 969 1320 ctam.
1029 1282 1094 1319 Sic
1126 1295 1280 1335 quoque
1314 1285 1419 1329 VIII,
1449 1287 1517 1326 85.

853 1339 924 1386 ΙΧ,
951 1341 1017 1379 90.

1075 1449 1168 1502 Cap.
1200 1450 1296 1489 CVI.

910 1542 968 1595 τῷ
988 1537 1157 1593 μούνῳ]
1193 1541 1340 1579 Vocem
1361 1539 1514 1598 μούνῳ,

855 1610 953 1650 quae
970 1610 991 1634 a
1010 1596 1184 1634 Mediceo
1197 1628 1206 1645 ,
1228 1599 1449 1637 Florentino
1471 1613 1515 1638 ac

852 1655 971 1691 tribus
993 1655 1072 1692 aliis
1095 1653 1206 1691 codd.
1227 1656 1355 1703 abest,
1375 1658 1516 1694 retinui

854 1725 944 1748 cum
976 1711 1233 1761 Wesselingio
1271 1713 1369 1749 bene
1398 1714 1515 1751 inter—

853 1775 1045 1819 pretante:
1100 1768 1254 1816 ,‚Solz‘‚
1300 1767 1394 1806 Uni
1427 1769 1517 1808 ΆῙα-

854 1837 992 1862 scanzae
1015 1837 1058 1861 ex
1077 1825 1233 1861 omnibus
1260 1837 1312 1861 sc.
1328 1824 1516 1876 praefectis

855 1895 878 1918 a
896 1894 930 1918 se
953 1894 1060 1931 aeque
1074 1884 1212 1930 atquea
1229 1884 1332 1930 patre
1342 1881 1458 1919 Dario
1478 1885 1516 1920 in

859 1937 1018 1975 Thracia
1035 1938 1274 1975 constitutis.“
1304 1939 1362 1975 Ac
1392 1939 1514 1989 pluri-

853 1995 924 2031 bus
961 1995 1085 2031 Persis
1126 1992 1226 2030 dona
1263 1996 1465 2045 quotannis
1492 2008 1515 2032 a

854 2064 944 2101 rege
964 2051 1064 2087 mitti
1083 2057 1187 2101 patet
1208 2063 1258 2086 ex
1277 2052 1308 2099 1,
1332 2052 1424 2093 135.
1446 2052 1514 2102 111,

857 2110 948 2155 160,
979 2120 1079 2159 quae
1106 2106 1210 2144 idem
1239 2108 1365 2144 attulit
1393 2109 1514 2147 Wes-

852 2165 1046 2214 selingius.
1111 2163 1174 2200 Ad
1208 2163 1374 2201 formam
1415 2164 1514 2217 πέμ-

853 2233 972 2260 πεσκε
1000 2220 1078 2262 vid,
1108 2218 1245 2258 Matth.
1277 2222 1341 2259 Gr.
1379 2223 1445 2259 Gr.
1476 2224 1515 2268 ξ.

857 2280 935 2318 199
956 2290 1044 2328 pag.
1060 2280 1153 2324 361,
1176 2278 1241 2329 qui
1256 2276 1360 2315 idem
1371 2278 1514 2327 §.466,

856 2336 907 2373 10
937 2347 1026 2385 pag.
1066 2334 1146 2376 835
1177 2335 1280 2371 conf.
1313 2334 1361 2372 ad
1399 2336 1514 2372 verba

852 2393 954 2429 τοῖσι
973 2390 1272 2441 Μασκαμείοισι
1307 2385 1513 2444 ἐκγόνοισι.

852 2447 945 2482 Mox
965 2460 1034 2498 pro
1067 2443 1341 2499 Ἀρτοξέρξης
1363 2449 1515 2498 reposui

854 2496 1151 2555 Ἀρταξέρξης.
1218 2504 1305 2542 vid.
1336 2511 1432 2542 nott.
1465 2504 1514 2541 ad

856 2559 920 2604 VI,
958 2558 1024 2599 43.
1059 2562 1125 2600 98.
1192 2559 1255 2597 Ad
1295 2562 1411 2599 verba
1441 2562 1516 2598 τοῦ

854 2611 1145 2665 Ἑλλησπόντου
1184 2619 1367 2667 πανταχῆ
1394 2616 1515 2653 Wes-

855 2671 988 2721 selIng.
1019 2672 1166 2710 confert
1188 2673 1268 2721 VlI,
1293 2674 1370 2713 126
1392 2666 1513 2710 ου’ὃα-

857 2722 958 2777 μόθι
1008 2725 1142 2778 ποῖσης
1181 2731 1253 2779 τῆς
1293 2722 1513 2778 Εὐρώπης.

856 2783 923 2822 Cr.
944 2783 1075 2821 laudat
1094 2783 1343 2823 Valckenaer.
1364 2781 1413 2819 ad
1430 2783 1514 2819 Eu-

1522 560 1614 581 rarae
1638 555 1793 586 fidelitatis

1525 586 1616 625 lande
1634 591 1700 624 regi
1721 601 1777 619 non

1522 628 1618 648 minus
1637 623 1690 651 ille
1710 634 1775 660 pro-

1522 655 1622 689 batus,
