<?xml version="1.0" encoding="UTF-8"?>
<!DOCTYPE html PUBLIC "-//W3C//DTD XHTML 1.0 Transitional//EN"
    "http://www.w3.org/TR/xhtml1/DTD/xhtml1-transitional.dtd">
<html xmlns="http://www.w3.org/1999/xhtml" xml:lang="en" lang="en">
 <head>
  <title>
</title>
<meta http-equiv="Content-Type" content="text/html;charset=utf-8" />
  <meta name='ocr-system' content='tesseract 3.04.00' />
  <meta name='ocr-capabilities' content='ocr_page ocr_carea ocr_par ocr_line ocrx_word'/>
</head>
<body>
  <div class='ocr_page' id='page_1' title='image "./musaeher03hero/musaeher03hero_0557.png"; bbox 0 0 1897 3340; ppageno 0'>
   <div class='ocr_carea' id='block_1_1' title="bbox 545 203 1492 246">
    <p class='ocr_par' dir='ltr' id='par_1_1' title="bbox 545 203 1492 246">
     <span class='ocr_line' id='line_1_1' title="bbox 545 203 1492 246; baseline -0.007 -1"><span class='ocrx_word' id='word_1_1' title='bbox 545 203 1186 245; x_wconf 84' lang='lat' dir='ltr'>POLYMNIA.V11.</span> <span class='ocrx_word' id='word_1_2' title='bbox 1408 205 1492 246; x_wconf 62' lang='lat'>543</span> 
     </span>
    </p>
   </div>
   <div class='ocr_carea' id='block_1_2' title="bbox 219 310 1164 373">
    <p class='ocr_par' dir='ltr' id='par_1_2' title="bbox 219 310 1164 373">
     <span class='ocr_line' id='line_1_2' title="bbox 219 310 1164 373; baseline -0.013 -11"><span class='ocrx_word' id='word_1_3' title='bbox 219 329 367 373; x_wconf 79' lang='grc' dir='ltr'><em>στριος</em></span> <span class='ocrx_word' id='word_1_4' title='bbox 407 316 592 370; x_wconf 78' lang='grc' dir='ltr'><em>πατέρα,</em></span> <span class='ocrx_word' id='word_1_5' title='bbox 631 318 708 371; x_wconf 85' lang='grc' dir='ltr'>τῆς</span> <span class='ocrx_word' id='word_1_6' title='bbox 748 313 914 366; x_wconf 78' lang='grc' dir='ltr'><strong><em>Ξέρξεω</em></strong></span> <span class='ocrx_word' id='word_1_7' title='bbox 942 310 1164 367; x_wconf 79' lang='grc' dir='ltr'><em>γυναικός.</em></span> 
     </span>
    </p>
   </div>
   <div class='ocr_carea' id='block_1_3' title="bbox 1231 308 1492 354">
    <p class='ocr_par' dir='ltr' id='par_1_3' title="bbox 1231 308 1492 354">
     <span class='ocr_line' id='line_1_3' title="bbox 1231 308 1492 354; baseline 0.008 -2"><span class='ocrx_word' id='word_1_8' title='bbox 1231 308 1492 354; x_wconf 81' lang='grc' dir='ltr'><em>Ἐκαλέοντο</em></span> 
     </span>
    </p>
   </div>
   <div class='ocr_carea' id='block_1_4' title="bbox 189 376 1523 780">
    <p class='ocr_par' dir='ltr' id='par_1_4' title="bbox 189 376 1523 780">
     <span class='ocr_line' id='line_1_4' title="bbox 217 376 1494 438; baseline -0.009 -7"><span class='ocrx_word' id='word_1_9' title='bbox 217 387 263 430; x_wconf 75' lang='grc' dir='ltr'>δὲ</span> <span class='ocrx_word' id='word_1_10' title='bbox 293 385 428 429; x_wconf 80' lang='grc' dir='ltr'><em>πάλαι</em></span> <span class='ocrx_word' id='word_1_11' title='bbox 462 384 550 428; x_wconf 78' lang='grc' dir='ltr'>ὑπὸ</span> <span class='ocrx_word' id='word_1_12' title='bbox 579 384 660 438; x_wconf 82' lang='grc' dir='ltr'>μὲν</span> <span class='ocrx_word' id='word_1_13' title='bbox 693 379 911 436; x_wconf 80' lang='grc' dir='ltr'><em>Ἑλλήνων</em></span> <span class='ocrx_word' id='word_1_14' title='bbox 956 383 1175 436; x_wconf 71' lang='grc' dir='ltr'><strong><em>Κηφῆνες,</em></strong></span> <span class='ocrx_word' id='word_1_15' title='bbox 1213 376 1302 421; x_wconf 81' lang='grc' dir='ltr'>ὑπὸ</span> <span class='ocrx_word' id='word_1_16' title='bbox 1346 376 1494 431; x_wconf 83' lang='grc' dir='ltr'><em>μέντοι</em></span> 
     </span>
     <span class='ocr_line' id='line_1_5' title="bbox 190 444 1523 508; baseline -0.007 -13"><span class='ocrx_word' id='word_1_17' title='bbox 190 455 374 508; x_wconf 85' lang='grc' dir='ltr'>4σφέων</span> <span class='ocrx_word' id='word_1_18' title='bbox 395 450 542 496; x_wconf 78' lang='grc' dir='ltr'><em>αὐτῶν</em></span> <span class='ocrx_word' id='word_1_19' title='bbox 571 451 643 494; x_wconf 82' lang='grc' dir='ltr'>καὶ</span> <span class='ocrx_word' id='word_1_20' title='bbox 665 452 753 491; x_wconf 73' lang='grc' dir='ltr'>τῶν</span> <span class='ocrx_word' id='word_1_21' title='bbox 782 448 1043 501; x_wconf 82' lang='grc' dir='ltr'><strong><em>περιοίκων,</em></strong></span> <span class='ocrx_word' id='word_1_22' title='bbox 1069 446 1271 501; x_wconf 83' lang='grc' dir='ltr'>Ἀρταῖοι.</span> <span class='ocrx_word' id='word_1_23' title='bbox 1332 444 1422 486; x_wconf 77' lang='grc' dir='ltr'><strong><em>ἐπεὶ</em></strong></span> <span class='ocrx_word' id='word_1_24' title='bbox 1444 444 1523 487; x_wconf 77' lang='grc' dir='ltr'>δὲ5</span> 
     </span>
     <span class='ocr_line' id='line_1_6' title="bbox 221 511 1492 578; baseline -0.009 -12"><span class='ocrx_word' id='word_1_25' title='bbox 221 521 417 578; x_wconf 77' lang='grc' dir='ltr'><strong><em>Περσεύς</em></strong></span> <span class='ocrx_word' id='word_1_26' title='bbox 447 518 472 562; x_wconf 89' lang='grc' dir='ltr'>ὁ</span> <span class='ocrx_word' id='word_1_27' title='bbox 504 516 683 572; x_wconf 82' lang='grc' dir='ltr'><em>Δαναής</em></span> <span class='ocrx_word' id='word_1_28' title='bbox 713 532 757 558; x_wconf 83' lang='grc' dir='ltr'>τε</span> <span class='ocrx_word' id='word_1_29' title='bbox 795 517 867 558; x_wconf 84' lang='grc' dir='ltr'>καὶ</span> <span class='ocrx_word' id='word_1_30' title='bbox 904 516 1014 567; x_wconf 83' lang='grc' dir='ltr'><em>Διὸς</em></span> <span class='ocrx_word' id='word_1_31' title='bbox 1043 515 1219 558; x_wconf 78' lang='grc' dir='ltr'><em>ἀπίκετο</em></span> <span class='ocrx_word' id='word_1_32' title='bbox 1256 511 1376 566; x_wconf 71' lang='grc' dir='ltr'><em>παρὰ</em></span> <span class='ocrx_word' id='word_1_33' title='bbox 1408 515 1492 568; x_wconf 88' lang='grc' dir='ltr'>Κη-</span> 
     </span>
     <span class='ocr_line' id='line_1_7' title="bbox 219 578 1494 646; baseline -0.01 -11"><span class='ocrx_word' id='word_1_34' title='bbox 219 591 305 646; x_wconf 84' lang='grc' dir='ltr'>φέα</span> <span class='ocrx_word' id='word_1_35' title='bbox 334 590 411 633; x_wconf 87' lang='grc' dir='ltr'>τὸν</span> <span class='ocrx_word' id='word_1_36' title='bbox 441 587 608 642; x_wconf 83' lang='grc' dir='ltr'><em>Βήλου,</em></span> <span class='ocrx_word' id='word_1_37' title='bbox 647 585 720 627; x_wconf 85' lang='grc' dir='ltr'>καὶ</span> <span class='ocrx_word' id='word_1_38' title='bbox 751 584 843 640; x_wconf 75' lang='grc' dir='ltr'><strong><em>ἔσχε</em></strong></span> <span class='ocrx_word' id='word_1_39' title='bbox 875 583 1011 627; x_wconf 81' lang='grc' dir='ltr'><em>αὐτοῦ</em></span> <span class='ocrx_word' id='word_1_40' title='bbox 1040 583 1120 639; x_wconf 88' lang='grc' dir='ltr'>τὴν</span> <span class='ocrx_word' id='word_1_41' title='bbox 1149 582 1373 638; x_wconf 78' lang='grc' dir='ltr'><em>θυγατέρα</em></span> <span class='ocrx_word' id='word_1_42' title='bbox 1399 578 1494 623; x_wconf 84' lang='grc' dir='ltr'>Ἀν-</span> 
     </span>
     <span class='ocr_line' id='line_1_8' title="bbox 218 649 1493 714; baseline -0.008 -12"><span class='ocrx_word' id='word_1_43' title='bbox 218 657 458 714; x_wconf 77' lang='grc' dir='ltr'><em>δρομέδην,</em></span> <span class='ocrx_word' id='word_1_44' title='bbox 517 654 681 708; x_wconf 74' lang='grc' dir='ltr'>γίνεται</span> <span class='ocrx_word' id='word_1_45' title='bbox 726 651 847 709; x_wconf 77' lang='grc' dir='ltr'><em>αὐτῷ</em></span> <span class='ocrx_word' id='word_1_46' title='bbox 887 652 991 703; x_wconf 57' lang='lat' dir='ltr'><em>nolis</em></span> <span class='ocrx_word' id='word_1_47' title='bbox 1040 655 1101 709; x_wconf 76' lang='grc' dir='ltr'>τῷ</span> <span class='ocrx_word' id='word_1_48' title='bbox 1144 651 1318 707; x_wconf 85' lang='grc' dir='ltr'><em>οὔνομα</em></span> <span class='ocrx_word' id='word_1_49' title='bbox 1370 649 1493 693; x_wconf 75' lang='grc' dir='ltr'>ἔθετο</span> 
     </span>
     <span class='ocr_line' id='line_1_9' title="bbox 189 716 1492 780; baseline -0.008 -11"><span class='ocrx_word' id='word_1_50' title='bbox 189 725 410 780; x_wconf 85' lang='grc' dir='ltr'><strong>5Πὲρσην.</strong></span> <span class='ocrx_word' id='word_1_51' title='bbox 450 724 611 764; x_wconf 81' lang='grc' dir='ltr'><em>τοῦτον</em></span> <span class='ocrx_word' id='word_1_52' title='bbox 642 719 687 763; x_wconf 77' lang='grc' dir='ltr'>δὲ</span> <span class='ocrx_word' id='word_1_53' title='bbox 719 717 860 764; x_wconf 79' lang='grc' dir='ltr'><em>αὐτοῦ</em></span> <span class='ocrx_word' id='word_1_54' title='bbox 889 722 1153 765; x_wconf 79' lang='grc' dir='ltr'><strong><em>καταλείπει·</em></strong></span> <span class='ocrx_word' id='word_1_55' title='bbox 1186 719 1385 774; x_wconf 80' lang='grc' dir='ltr'>ἐτύγχανε</span> <span class='ocrx_word' id='word_1_56' title='bbox 1407 716 1492 773; x_wconf 71' lang='grc' dir='ltr'>γάρ</span> 
     </span>
    </p>
   </div>
   <div class='ocr_carea' id='block_1_5' title="bbox 87 787 1545 915">
    <p class='ocr_par' dir='ltr' id='par_1_5' title="bbox 87 787 1545 915">
     <span class='ocr_line' id='line_1_10' title="bbox 221 787 1165 845; baseline -0.007 -8"><span class='ocrx_word' id='word_1_57' title='bbox 221 793 352 842; x_wconf 75' lang='grc' dir='ltr'><em>ἄπαις</em></span> <span class='ocrx_word' id='word_1_58' title='bbox 391 789 476 833; x_wconf 72' lang='grc' dir='ltr'>ἐών</span> <span class='ocrx_word' id='word_1_59' title='bbox 516 789 539 832; x_wconf 92' lang='grc' dir='ltr'>ὁ</span> <span class='ocrx_word' id='word_1_60' title='bbox 585 788 768 844; x_wconf 79' lang='grc' dir='ltr'><strong><em>Κηφεὺς</em></strong></span> <span class='ocrx_word' id='word_1_61' title='bbox 810 790 986 845; x_wconf 76' lang='grc' dir='ltr'><strong><em>ἔρσενος</em></strong></span> <span class='ocrx_word' id='word_1_62' title='bbox 1015 787 1165 844; x_wconf 78' lang='grc' dir='ltr'><em>γόνου.</em></span> 
     </span>
     <span class='ocr_line' id='line_1_11' title="bbox 87 852 1545 915; baseline -0.007 -11"><span class='ocrx_word' id='word_1_63' title='bbox 87 859 151 906; x_wconf 82' lang='lat'>62</span> <span class='ocrx_word' id='word_1_64' title='bbox 221 861 268 905; x_wconf 83' lang='grc' dir='ltr'>δὲ</span> <span class='ocrx_word' id='word_1_65' title='bbox 306 858 388 915; x_wconf 78' lang='grc' dir='ltr'>τήν</span> <span class='ocrx_word' id='word_1_66' title='bbox 431 857 683 913; x_wconf 81' lang='grc' dir='ltr'><strong><em>ἐπωνυμίην</em></strong></span> <span class='ocrx_word' id='word_1_67' title='bbox 732 857 871 914; x_wconf 75' lang='grc' dir='ltr'><em>ἔσχον.</em></span> <span class='ocrx_word' id='word_1_68' title='bbox 932 859 1084 914; x_wconf 79' lang='grc' dir='ltr'><em>Μῆδοι</em></span> <span class='ocrx_word' id='word_1_69' title='bbox 1134 855 1180 900; x_wconf 76' lang='grc' dir='ltr'>δὲ</span> <span class='ocrx_word' id='word_1_70' title='bbox 1218 854 1298 912; x_wconf 72' lang='grc' dir='ltr'>τήν</span> <span class='ocrx_word' id='word_1_71' title='bbox 1351 852 1545 910; x_wconf 69' lang='grc' dir='ltr'><em>αὐτήνιο</em></span> 
     </span>
    </p>
   </div>
   <div class='ocr_carea' id='block_1_6' title="bbox 159 1062 830 1174">
    <p class='ocr_par' dir='ltr' id='par_1_6' title="bbox 159 1062 830 1174">
     <span class='ocr_line' id='line_1_12' title="bbox 215 1062 828 1118; baseline -0.007 -12"><span class='ocrx_word' id='word_1_72' title='bbox 215 1062 414 1118; x_wconf 78' lang='grc' dir='ltr'>Ἀρταῖοι]</span> <span class='ocrx_word' id='word_1_73' title='bbox 445 1065 508 1103; x_wconf 89' lang='lat' dir='ltr'>Ad</span> <span class='ocrx_word' id='word_1_74' title='bbox 528 1065 602 1104; x_wconf 88' lang='lat' dir='ltr'>hoc</span> <span class='ocrx_word' id='word_1_75' title='bbox 623 1068 828 1105; x_wconf 79' lang='lat' dir='ltr'><strong>Persarum</strong></span> 
     </span>
     <span class='ocr_line' id='line_1_13' title="bbox 159 1126 830 1174; baseline -0.003 -12"><span class='ocrx_word' id='word_1_76' title='bbox 159 1135 305 1162; x_wconf 87' lang='lat' dir='ltr'>nomen</span> <span class='ocrx_word' id='word_1_77' title='bbox 324 1131 494 1174; x_wconf 87' lang='lat' dir='ltr'>spectare</span> <span class='ocrx_word' id='word_1_78' title='bbox 518 1130 656 1161; x_wconf 88' lang='lat' dir='ltr'>terram</span> <span class='ocrx_word' id='word_1_79' title='bbox 683 1126 830 1161; x_wconf 76' lang='lat' dir='ltr'>Artace-</span> 
     </span>
    </p>
   </div>
   <div class='ocr_carea' id='block_1_7' title="bbox 144 1182 828 1233">
    <p class='ocr_par' dir='ltr' id='par_1_7' title="bbox 144 1182 828 1233">
     <span class='ocr_line' id='line_1_14' title="bbox 144 1182 828 1233; baseline -0.003 -14"><span class='ocrx_word' id='word_1_80' title='bbox 144 1194 238 1229; x_wconf 63' lang='lat' dir='ltr'>=nen‚</span> <span class='ocrx_word' id='word_1_81' title='bbox 261 1193 378 1233; x_wconf 85' lang='lat' dir='ltr'>quam</span> <span class='ocrx_word' id='word_1_82' title='bbox 407 1182 651 1218; x_wconf 82' lang='lat' dir='ltr'><strong>Ptolemaeus</strong></span> <span class='ocrx_word' id='word_1_83' title='bbox 672 1182 828 1221; x_wconf 80' lang='lat' dir='ltr'>novit,s.</span> 
     </span>
    </p>
   </div>
   <div class='ocr_carea' id='block_1_8' title="bbox 161 1238 833 2088">
    <p class='ocr_par' dir='ltr' id='par_1_8' title="bbox 161 1238 833 2088">
     <span class='ocr_line' id='line_1_15' title="bbox 161 1238 830 1285; baseline -0.004 -9"><span class='ocrx_word' id='word_1_84' title='bbox 161 1238 340 1276; x_wconf 72' lang='lat' dir='ltr'>Ardiscan</span> <span class='ocrx_word' id='word_1_85' title='bbox 356 1267 365 1285; x_wconf 86' lang='lat'><em>‚</em></span> <span class='ocrx_word' id='word_1_86' title='bbox 396 1245 438 1275; x_wconf 86' lang='lat' dir='ltr'>ut</span> <span class='ocrx_word' id='word_1_87' title='bbox 460 1252 563 1275; x_wconf 88' lang='lat' dir='ltr'>nunc</span> <span class='ocrx_word' id='word_1_88' title='bbox 584 1245 742 1285; x_wconf 84' lang='lat' dir='ltr'>vocant,</span> <span class='ocrx_word' id='word_1_89' title='bbox 765 1250 830 1273; x_wconf 81' lang='lat' dir='ltr'>ar-</span> 
     </span>
     <span class='ocr_line' id='line_1_16' title="bbox 162 1295 829 1346; baseline -0.004 -13"><span class='ocrx_word' id='word_1_90' title='bbox 162 1295 322 1333; x_wconf 87' lang='lat' dir='ltr'>bitratur</span> <span class='ocrx_word' id='word_1_91' title='bbox 350 1297 510 1334; x_wconf 88' lang='lat' dir='ltr'>Rennel.</span> <span class='ocrx_word' id='word_1_92' title='bbox 534 1308 621 1346; x_wconf 91' lang='lat' dir='ltr'>pag.</span> <span class='ocrx_word' id='word_1_93' title='bbox 639 1296 733 1337; x_wconf 84' lang='lat'>509.</span> <span class='ocrx_word' id='word_1_94' title='bbox 756 1295 829 1331; x_wconf 77' lang='lat' dir='ltr'>Ar·-</span> 
     </span>
     <span class='ocr_line' id='line_1_17' title="bbox 163 1353 829 1390; baseline -0.005 0"><span class='ocrx_word' id='word_1_95' title='bbox 163 1356 279 1390; x_wconf 82' lang='lat' dir='ltr'>taeam</span> <span class='ocrx_word' id='word_1_96' title='bbox 295 1359 435 1389; x_wconf 88' lang='lat' dir='ltr'>terram</span> <span class='ocrx_word' id='word_1_97' title='bbox 457 1365 478 1388; x_wconf 91' lang='lat' dir='ltr'>a</span> <span class='ocrx_word' id='word_1_98' title='bbox 499 1354 638 1389; x_wconf 85' lang='lat' dir='ltr'>Perseo</span> <span class='ocrx_word' id='word_1_99' title='bbox 659 1366 687 1388; x_wconf 92' lang='lat' dir='ltr'>s.</span> <span class='ocrx_word' id='word_1_100' title='bbox 714 1353 829 1388; x_wconf 87' lang='lat' dir='ltr'>Perse</span> 
     </span>
     <span class='ocr_line' id='line_1_18' title="bbox 163 1407 830 1459; baseline -0.006 -12"><span class='ocrx_word' id='word_1_101' title='bbox 163 1410 257 1447; x_wconf 87' lang='lat' dir='ltr'>olim</span> <span class='ocrx_word' id='word_1_102' title='bbox 278 1416 505 1459; x_wconf 80' lang='lat' dir='ltr'>occupatam</span> <span class='ocrx_word' id='word_1_103' title='bbox 527 1409 639 1446; x_wconf 85' lang='lat' dir='ltr'>fuisse</span> <span class='ocrx_word' id='word_1_104' title='bbox 660 1407 830 1445; x_wconf 86' lang='lat' dir='ltr'>tradide-</span> 
     </span>
     <span class='ocr_line' id='line_1_19' title="bbox 162 1463 828 1516; baseline -0.005 -13"><span class='ocrx_word' id='word_1_105' title='bbox 162 1474 220 1503; x_wconf 85' lang='lat' dir='ltr'>rat</span> <span class='ocrx_word' id='word_1_106' title='bbox 240 1467 474 1514; x_wconf 82' lang='lat' dir='ltr'>Hellanicus,</span> <span class='ocrx_word' id='word_1_107' title='bbox 517 1473 611 1503; x_wconf 78' lang='lat' dir='ltr'>teste</span> <span class='ocrx_word' id='word_1_108' title='bbox 643 1463 828 1516; x_wconf 76' lang='lat' dir='ltr'>Stepllan.</span> 
     </span>
     <span class='ocr_line' id='line_1_20' title="bbox 162 1518 830 1575; baseline -0.004 -15"><span class='ocrx_word' id='word_1_109' title='bbox 162 1525 258 1575; x_wconf 89' lang='lat' dir='ltr'><strong>Byz.</strong></span> <span class='ocrx_word' id='word_1_110' title='bbox 280 1537 309 1560; x_wconf 85' lang='lat' dir='ltr'>s.</span> <span class='ocrx_word' id='word_1_111' title='bbox 331 1537 368 1562; x_wconf 82' lang='lat' dir='ltr'>v,</span> <span class='ocrx_word' id='word_1_112' title='bbox 389 1518 555 1573; x_wconf 74' lang='grc' dir='ltr'>Ἀρταῖοι</span> <span class='ocrx_word' id='word_1_113' title='bbox 577 1522 679 1572; x_wconf 78' lang='lat' dir='ltr'>(vid.</span> <span class='ocrx_word' id='word_1_114' title='bbox 699 1523 830 1558; x_wconf 85' lang='lat' dir='ltr'>Hella—</span> 
     </span>
     <span class='ocr_line' id='line_1_21' title="bbox 161 1581 829 1631; baseline -0.004 -13"><span class='ocrx_word' id='word_1_115' title='bbox 161 1582 239 1618; x_wconf 87' lang='lat' dir='ltr'>nici</span> <span class='ocrx_word' id='word_1_116' title='bbox 267 1581 407 1631; x_wconf 84' lang='lat' dir='ltr'>fragm.</span> <span class='ocrx_word' id='word_1_117' title='bbox 427 1594 487 1617; x_wconf 89' lang='lat' dir='ltr'>nr.</span> <span class='ocrx_word' id='word_1_118' title='bbox 510 1581 636 1617; x_wconf 87' lang='lat' dir='ltr'>LXIII</span> <span class='ocrx_word' id='word_1_119' title='bbox 665 1592 752 1630; x_wconf 86' lang='lat' dir='ltr'>pag.</span> <span class='ocrx_word' id='word_1_120' title='bbox 776 1581 829 1620; x_wconf 88' lang='grc'>97</span> 
     </span>
     <span class='ocr_line' id='line_1_22' title="bbox 165 1632 831 1687; baseline -0.003 -11"><span class='ocrx_word' id='word_1_121' title='bbox 165 1638 312 1687; x_wconf 86' lang='lat' dir='ltr'>Sturz).</span> <span class='ocrx_word' id='word_1_122' title='bbox 354 1638 426 1683; x_wconf 76' lang='lat' dir='ltr'>Qui</span> <span class='ocrx_word' id='word_1_123' title='bbox 446 1637 549 1674; x_wconf 87' lang='lat' dir='ltr'>idem</span> <span class='ocrx_word' id='word_1_124' title='bbox 563 1636 719 1674; x_wconf 77' lang='lat' dir='ltr'><strong>tradidit</strong></span> <span class='ocrx_word' id='word_1_125' title='bbox 734 1632 831 1687; x_wconf 76' lang='grc' dir='ltr'>Ἀρ-</span> 
     </span>
     <span class='ocr_line' id='line_1_23' title="bbox 164 1694 831 1745; baseline -0.009 -10"><span class='ocrx_word' id='word_1_126' title='bbox 164 1695 301 1742; x_wconf 83' lang='grc' dir='ltr'><em>ταίους</em></span> <span class='ocrx_word' id='word_1_127' title='bbox 321 1694 422 1745; x_wconf 90' lang='lat' dir='ltr'>apud</span> <span class='ocrx_word' id='word_1_128' title='bbox 433 1695 565 1731; x_wconf 81' lang='lat' dir='ltr'>Persas</span> <span class='ocrx_word' id='word_1_129' title='bbox 575 1695 715 1741; x_wconf 83' lang='lat' dir='ltr'>vocari,</span> <span class='ocrx_word' id='word_1_130' title='bbox 735 1705 831 1745; x_wconf 88' lang='lat' dir='ltr'>quos</span> 
     </span>
     <span class='ocr_line' id='line_1_24' title="bbox 166 1752 831 1802; baseline -0.005 -14"><span class='ocrx_word' id='word_1_131' title='bbox 166 1753 303 1789; x_wconf 86' lang='lat' dir='ltr'>Graeci</span> <span class='ocrx_word' id='word_1_132' title='bbox 326 1753 518 1802; x_wconf 81' lang='lat' dir='ltr'>appellent</span> <span class='ocrx_word' id='word_1_133' title='bbox 530 1752 666 1788; x_wconf 74' lang='lat' dir='ltr'>heroes:</span> <span class='ocrx_word' id='word_1_134' title='bbox 690 1758 729 1787; x_wconf 88' lang='lat' dir='ltr'>ut</span> <span class='ocrx_word' id='word_1_135' title='bbox 741 1763 831 1787; x_wconf 78' lang='lat' dir='ltr'>sane</span> 
     </span>
     <span class='ocr_line' id='line_1_25' title="bbox 163 1804 833 1861; baseline -0.009 -12"><span class='ocrx_word' id='word_1_136' title='bbox 163 1804 333 1861; x_wconf 77' lang='grc' dir='ltr'><em>Ἀρταῖοι</em></span> <span class='ocrx_word' id='word_1_137' title='bbox 364 1808 575 1845; x_wconf 75' lang='lat' dir='ltr'>habeantur</span> <span class='ocrx_word' id='word_1_138' title='bbox 595 1807 721 1860; x_wconf 77' lang='lat' dir='ltr'>fortes,</span> <span class='ocrx_word' id='word_1_139' title='bbox 752 1819 833 1843; x_wconf 85' lang='lat' dir='ltr'>ma-</span> 
     </span>
     <span class='ocr_line' id='line_1_26' title="bbox 165 1863 832 1917; baseline -0.004 -15"><span class='ocrx_word' id='word_1_140' title='bbox 165 1867 251 1915; x_wconf 82' lang='lat' dir='ltr'>gni,</span> <span class='ocrx_word' id='word_1_141' title='bbox 291 1865 430 1902; x_wconf 76' lang='lat' dir='ltr'>heroes:</span> <span class='ocrx_word' id='word_1_142' title='bbox 473 1878 550 1917; x_wconf 83' lang='lat' dir='ltr'>quo</span> <span class='ocrx_word' id='word_1_143' title='bbox 572 1866 698 1915; x_wconf 85' lang='lat' dir='ltr'>ipsum</span> <span class='ocrx_word' id='word_1_144' title='bbox 727 1863 832 1900; x_wconf 86' lang='lat' dir='ltr'>ducit</span> 
     </span>
     <span class='ocr_line' id='line_1_27' title="bbox 165 1922 833 1970; baseline -0.004 -11"><span class='ocrx_word' id='word_1_145' title='bbox 165 1935 311 1960; x_wconf 87' lang='lat' dir='ltr'>nomeu</span> <span class='ocrx_word' id='word_1_146' title='bbox 323 1922 402 1970; x_wconf 82' lang='lat' dir='ltr'>Art,</span> <span class='ocrx_word' id='word_1_147' title='bbox 424 1923 530 1959; x_wconf 87' lang='lat' dir='ltr'>cuius</span> <span class='ocrx_word' id='word_1_148' title='bbox 551 1923 740 1958; x_wconf 76' lang='lat' dir='ltr'>rationem</span> <span class='ocrx_word' id='word_1_149' title='bbox 762 1934 833 1956; x_wconf 84' lang='lat' dir='ltr'>ex-</span> 
     </span>
     <span class='ocr_line' id='line_1_28' title="bbox 164 1978 833 2031; baseline -0.004 -15"><span class='ocrx_word' id='word_1_150' title='bbox 164 1980 364 2031; x_wconf 88' lang='lat' dir='ltr'>posuimus</span> <span class='ocrx_word' id='word_1_151' title='bbox 405 1978 453 2015; x_wconf 91' lang='lat' dir='ltr'>ad</span> <span class='ocrx_word' id='word_1_152' title='bbox 488 1980 552 2026; x_wconf 78' lang='lat' dir='ltr'>VI,</span> <span class='ocrx_word' id='word_1_153' title='bbox 593 1980 660 2019; x_wconf 82' lang='lat'>98.</span> <span class='ocrx_word' id='word_1_154' title='bbox 730 1978 833 2023; x_wconf 75' lang='lat' dir='ltr'>Quin</span> 
     </span>
     <span class='ocr_line' id='line_1_29' title="bbox 164 2034 832 2088; baseline -0.004 -15"><span class='ocrx_word' id='word_1_155' title='bbox 164 2038 290 2088; x_wconf 86' lang='lat' dir='ltr'>ipsum</span> <span class='ocrx_word' id='word_1_156' title='bbox 331 2037 500 2073; x_wconf 79' lang='lat' dir='ltr'>Graecae</span> <span class='ocrx_word' id='word_1_157' title='bbox 547 2034 641 2071; x_wconf 87' lang='lat' dir='ltr'>deae</span> <span class='ocrx_word' id='word_1_158' title='bbox 688 2048 832 2071; x_wconf 83' lang='lat' dir='ltr'>nomen</span> 
     </span>
    </p>
   </div>
   <div class='ocr_carea' id='block_1_9' title="bbox 154 2090 833 2145">
    <p class='ocr_par' dir='ltr' id='par_1_9' title="bbox 154 2090 833 2145">
     <span class='ocr_line' id='line_1_30' title="bbox 154 2090 833 2145; baseline -0.009 -12"><span class='ocrx_word' id='word_1_159' title='bbox 154 2090 349 2145; x_wconf 80' lang='grc' dir='ltr'>”Αρτεμις</span> <span class='ocrx_word' id='word_1_160' title='bbox 377 2106 421 2129; x_wconf 92' lang='lat' dir='ltr'>eo</span> <span class='ocrx_word' id='word_1_161' title='bbox 451 2093 583 2129; x_wconf 83' lang='lat' dir='ltr'>referri</span> <span class='ocrx_word' id='word_1_162' title='bbox 607 2092 689 2128; x_wconf 81' lang='lat' dir='ltr'>vult</span> <span class='ocrx_word' id='word_1_163' title='bbox 711 2093 833 2128; x_wconf 88' lang='lat' dir='ltr'>Creu-</span> 
     </span>
    </p>
   </div>
   <div class='ocr_carea' id='block_1_10' title="bbox 166 2150 839 2882">
    <p class='ocr_par' dir='ltr' id='par_1_10' title="bbox 166 2150 839 2882">
     <span class='ocr_line' id='line_1_31' title="bbox 166 2150 833 2201; baseline -0.003 -15"><span class='ocrx_word' id='word_1_164' title='bbox 166 2164 243 2186; x_wconf 90' lang='lat' dir='ltr'>zer.</span> <span class='ocrx_word' id='word_1_165' title='bbox 265 2150 441 2201; x_wconf 86' lang='lat' dir='ltr'>Symbol.</span> <span class='ocrx_word' id='word_1_166' title='bbox 462 2151 480 2185; x_wconf 96' lang='lat' dir='ltr'>I</span> <span class='ocrx_word' id='word_1_167' title='bbox 500 2162 586 2200; x_wconf 89' lang='lat' dir='ltr'>pag.</span> <span class='ocrx_word' id='word_1_168' title='bbox 610 2152 707 2189; x_wconf 79' lang='grc'><strong>736.</strong></span> <span class='ocrx_word' id='word_1_169' title='bbox 760 2150 833 2184; x_wconf 81' lang='lat' dir='ltr'>At-</span> 
     </span>
     <span class='ocr_line' id='line_1_32' title="bbox 169 2205 833 2259; baseline -0.005 -16"><span class='ocrx_word' id='word_1_170' title='bbox 169 2220 244 2259; x_wconf 88' lang='lat' dir='ltr'>que</span> <span class='ocrx_word' id='word_1_171' title='bbox 265 2207 295 2243; x_wconf 94' lang='lat' dir='ltr'>I.</span> <span class='ocrx_word' id='word_1_172' title='bbox 318 2205 366 2243; x_wconf 87' lang='lat' dir='ltr'>de</span> <span class='ocrx_word' id='word_1_173' title='bbox 387 2208 596 2243; x_wconf 83' lang='lat' dir='ltr'>Hammero</span> <span class='ocrx_word' id='word_1_174' title='bbox 618 2212 772 2242; x_wconf 90' lang='lat' dir='ltr'>auctore</span> <span class='ocrx_word' id='word_1_175' title='bbox 792 2207 833 2241; x_wconf 85' lang='lat' dir='ltr'>in</span> 
     </span>
     <span class='ocr_line' id='line_1_33' title="bbox 169 2262 831 2313; baseline -0.006 -12"><span class='ocrx_word' id='word_1_176' title='bbox 169 2263 324 2301; x_wconf 86' lang='lat' dir='ltr'>Annall.</span> <span class='ocrx_word' id='word_1_177' title='bbox 346 2264 482 2302; x_wconf 78' lang='lat' dir='ltr'>Vienu„</span> <span class='ocrx_word' id='word_1_178' title='bbox 513 2264 572 2300; x_wconf 89' lang='lat' dir='ltr'>IX</span> <span class='ocrx_word' id='word_1_179' title='bbox 602 2276 640 2313; x_wconf 88' lang='lat' dir='ltr'>p.</span> <span class='ocrx_word' id='word_1_180' title='bbox 670 2263 722 2303; x_wconf 77' lang='lat'>54</span> <span class='ocrx_word' id='word_1_181' title='bbox 745 2262 831 2299; x_wconf 88' lang='lat' dir='ltr'>coll.</span> 
     </span>
     <span class='ocr_line' id='line_1_34' title="bbox 171 2319 832 2371; baseline -0.002 -15"><span class='ocrx_word' id='word_1_182' title='bbox 171 2323 226 2361; x_wconf 77' lang='lat'>72</span> <span class='ocrx_word' id='word_1_183' title='bbox 247 2326 284 2356; x_wconf 79' lang='lat' dir='ltr'>et</span> <span class='ocrx_word' id='word_1_184' title='bbox 305 2321 345 2356; x_wconf 89' lang='lat' dir='ltr'>X</span> <span class='ocrx_word' id='word_1_185' title='bbox 367 2334 404 2371; x_wconf 93' lang='lat' dir='ltr'>p.</span> <span class='ocrx_word' id='word_1_186' title='bbox 428 2319 522 2367; x_wconf 77' lang='lat'>243,</span> <span class='ocrx_word' id='word_1_187' title='bbox 545 2322 611 2370; x_wconf 86' lang='lat' dir='ltr'>qui</span> <span class='ocrx_word' id='word_1_188' title='bbox 639 2319 790 2369; x_wconf 74' lang='lat' dir='ltr'>Cepheus</span> <span class='ocrx_word' id='word_1_189' title='bbox 811 2332 832 2355; x_wconf 87' lang='lat' dir='ltr'>a</span> 
     </span>
     <span class='ocr_line' id='line_1_35' title="bbox 172 2377 835 2423; baseline 0 -10"><span class='ocrx_word' id='word_1_190' title='bbox 172 2377 325 2413; x_wconf 88' lang='lat' dir='ltr'>Graecis</span> <span class='ocrx_word' id='word_1_191' title='bbox 345 2384 524 2423; x_wconf 82' lang='lat' dir='ltr'>vocatur,</span> <span class='ocrx_word' id='word_1_192' title='bbox 553 2378 757 2413; x_wconf 78' lang='lat' dir='ltr'>Persarum</span> <span class='ocrx_word' id='word_1_193' title='bbox 780 2382 835 2413; x_wconf 85' lang='lat' dir='ltr'>est</span> 
     </span>
     <span class='ocr_line' id='line_1_36' title="bbox 170 2432 835 2483; baseline 0 -14"><span class='ocrx_word' id='word_1_194' title='bbox 170 2434 236 2470; x_wconf 85' lang='lat' dir='ltr'>ille</span> <span class='ocrx_word' id='word_1_195' title='bbox 255 2432 366 2470; x_wconf 86' lang='lat' dir='ltr'>heros</span> <span class='ocrx_word' id='word_1_196' title='bbox 388 2434 669 2483; x_wconf 78' lang='lat' dir='ltr'>antiquissimus</span> <span class='ocrx_word' id='word_1_197' title='bbox 691 2432 773 2470; x_wconf 80' lang='lat' dir='ltr'>Kz&#39;w</span> <span class='ocrx_word' id='word_1_198' title='bbox 793 2434 835 2469; x_wconf 89' lang='lat' dir='ltr'>in</span> 
     </span>
     <span class='ocr_line' id='line_1_37' title="bbox 172 2487 836 2528; baseline -0.003 -2"><span class='ocrx_word' id='word_1_199' title='bbox 172 2491 343 2528; x_wconf 84' lang='lat' dir='ltr'>carmine</span> <span class='ocrx_word' id='word_1_200' title='bbox 383 2487 684 2527; x_wconf 78' lang='lat' dir='ltr'>Scllalmalnneh</span> <span class='ocrx_word' id='word_1_201' title='bbox 733 2491 836 2525; x_wconf 86' lang='lat' dir='ltr'>cele-</span> 
     </span>
     <span class='ocr_line' id='line_1_38' title="bbox 171 2545 836 2596; baseline -0.002 -12"><span class='ocrx_word' id='word_1_202' title='bbox 171 2547 323 2595; x_wconf 82' lang='lat' dir='ltr'>bratus,</span> <span class='ocrx_word' id='word_1_203' title='bbox 353 2545 458 2583; x_wconf 87' lang='lat' dir='ltr'>unde</span> <span class='ocrx_word' id='word_1_204' title='bbox 476 2547 548 2596; x_wconf 79' lang='lat' dir='ltr'>ipsi</span> <span class='ocrx_word' id='word_1_205' title='bbox 574 2547 711 2582; x_wconf 83' lang='lat' dir='ltr'>Persae</span> <span class='ocrx_word' id='word_1_206' title='bbox 748 2548 836 2596; x_wconf 77' lang='grc' dir='ltr'>Κη-</span> 
     </span>
     <span class='ocr_line' id='line_1_39' title="bbox 173 2602 838 2654; baseline -0.009 -11"><span class='ocrx_word' id='word_1_207' title='bbox 173 2606 300 2654; x_wconf 84' lang='grc' dir='ltr'><strong><em>φῆνες</em></strong></span> <span class='ocrx_word' id='word_1_208' title='bbox 320 2605 344 2640; x_wconf 90' lang='lat' dir='ltr'>i.</span> <span class='ocrx_word' id='word_1_209' title='bbox 367 2617 399 2641; x_wconf 86' lang='lat' dir='ltr'>e.</span> <span class='ocrx_word' id='word_1_210' title='bbox 413 2602 618 2649; x_wconf 73' lang='grc' dir='ltr'>Κίαιιίάαες</span> <span class='ocrx_word' id='word_1_211' title='bbox 641 2603 704 2653; x_wconf 87' lang='lat' dir='ltr'>qui</span> <span class='ocrx_word' id='word_1_212' title='bbox 717 2602 838 2638; x_wconf 89' lang='lat' dir='ltr'>Grae-</span> 
     </span>
     <span class='ocr_line' id='line_1_40' title="bbox 175 2657 838 2713; baseline -0.002 -17"><span class='ocrx_word' id='word_1_213' title='bbox 175 2661 227 2696; x_wconf 90' lang='lat' dir='ltr'>cis</span> <span class='ocrx_word' id='word_1_214' title='bbox 242 2657 376 2713; x_wconf 80' lang='grc' dir='ltr'><strong><em>”Αρης</em></strong></span> <span class='ocrx_word' id='word_1_215' title='bbox 398 2667 472 2707; x_wconf 86' lang='lat' dir='ltr'>est,</span> <span class='ocrx_word' id='word_1_216' title='bbox 503 2671 525 2695; x_wconf 92' lang='lat' dir='ltr'>a</span> <span class='ocrx_word' id='word_1_217' title='bbox 546 2660 668 2695; x_wconf 85' lang='lat' dir='ltr'>Persis</span> <span class='ocrx_word' id='word_1_218' title='bbox 680 2666 838 2695; x_wconf 84' lang='lat' dir='ltr'>vocatur</span> 
     </span>
     <span class='ocr_line' id='line_1_41' title="bbox 175 2714 838 2769; baseline -0.005 -15"><span class='ocrx_word' id='word_1_219' title='bbox 175 2716 316 2766; x_wconf 69' lang='grc' dir='ltr'>ΑνεεεΙι,</span> <span class='ocrx_word' id='word_1_220' title='bbox 347 2730 369 2754; x_wconf 91' lang='lat' dir='ltr'>a</span> <span class='ocrx_word' id='word_1_221' title='bbox 395 2729 472 2769; x_wconf 86' lang='lat' dir='ltr'>quo</span> <span class='ocrx_word' id='word_1_222' title='bbox 491 2717 573 2767; x_wconf 88' lang='lat' dir='ltr'>ipso</span> <span class='ocrx_word' id='word_1_223' title='bbox 587 2716 743 2766; x_wconf 84' lang='lat' dir='ltr'>stirpem</span> <span class='ocrx_word' id='word_1_224' title='bbox 763 2714 838 2752; x_wconf 90' lang='lat' dir='ltr'>du-</span> 
     </span>
     <span class='ocr_line' id='line_1_42' title="bbox 177 2767 839 2825; baseline -0.002 -16"><span class='ocrx_word' id='word_1_225' title='bbox 177 2767 488 2825; x_wconf 72' lang='grc' dir='ltr'>οιιιιῖἈρταῐοι,</span> <span class='ocrx_word' id='word_1_226' title='bbox 530 2774 598 2825; x_wconf 88' lang='lat' dir='ltr'>qui</span> <span class='ocrx_word' id='word_1_227' title='bbox 635 2773 839 2809; x_wconf 84' lang='lat' dir='ltr'>Persarum</span> 
     </span>
     <span class='ocr_line' id='line_1_43' title="bbox 178 2828 839 2882; baseline 0 -16"><span class='ocrx_word' id='word_1_228' title='bbox 178 2835 268 2867; x_wconf 88' lang='lat' dir='ltr'>sunt</span> <span class='ocrx_word' id='word_1_229' title='bbox 324 2828 550 2868; x_wconf 83' lang='lat' dir='ltr'>Heraclidae</span> <span class='ocrx_word' id='word_1_230' title='bbox 595 2841 839 2882; x_wconf 84' lang='lat' dir='ltr'>quorumque</span> 
     </span>
    </p>
   </div>
   <div class='ocr_carea' id='block_1_11' title="bbox 1225 785 1493 830">
    <p class='ocr_par' dir='ltr' id='par_1_11' title="bbox 1225 785 1493 830">
     <span class='ocr_line' id='line_1_44' title="bbox 1225 785 1493 830; baseline -0.007 0"><span class='ocrx_word' id='word_1_231' title='bbox 1225 786 1292 830; x_wconf 77' lang='grc' dir='ltr'>ἐπὶ</span> <span class='ocrx_word' id='word_1_232' title='bbox 1329 785 1493 829; x_wconf 79' lang='grc' dir='ltr'><em>τούτου</em></span> 
     </span>
    </p>
   </div>
   <div class='ocr_carea' id='block_1_12' title="bbox 884 1061 1558 2194">
    <p class='ocr_par' dir='ltr' id='par_1_12' title="bbox 884 1061 1555 1846">
     <span class='ocr_line' id='line_1_45' title="bbox 884 1061 1549 1118; baseline -0.008 -14"><span class='ocrx_word' id='word_1_233' title='bbox 884 1067 994 1118; x_wconf 78' lang='lat' dir='ltr'>stirps</span> <span class='ocrx_word' id='word_1_234' title='bbox 1024 1067 1209 1103; x_wconf 83' lang='lat' dir='ltr'>exstincta</span> <span class='ocrx_word' id='word_1_235' title='bbox 1237 1071 1293 1102; x_wconf 88' lang='lat' dir='ltr'>est</span> <span class='ocrx_word' id='word_1_236' title='bbox 1321 1077 1412 1101; x_wconf 88' lang='lat' dir='ltr'>cum</span> <span class='ocrx_word' id='word_1_237' title='bbox 1431 1061 1549 1100; x_wconf 71' lang='lat' dir='ltr'>heroe</span> 
     </span>
     <span class='ocr_line' id='line_1_46' title="bbox 885 1120 1550 1161; baseline -0.005 -1"><span class='ocrx_word' id='word_1_238' title='bbox 885 1124 1092 1161; x_wconf 80' lang='lat' dir='ltr'>Ardewan.</span> <span class='ocrx_word' id='word_1_239' title='bbox 1149 1121 1229 1160; x_wconf 81' lang='lat' dir='ltr'>Sed</span> <span class='ocrx_word' id='word_1_240' title='bbox 1267 1120 1383 1158; x_wconf 86' lang='lat' dir='ltr'>hosce</span> <span class='ocrx_word' id='word_1_241' title='bbox 1402 1122 1550 1158; x_wconf 75' lang='lat' dir='ltr'>Artaeos</span> 
     </span>
     <span class='ocr_line' id='line_1_47' title="bbox 885 1179 1548 1230; baseline -0.008 -12"><span class='ocrx_word' id='word_1_242' title='bbox 885 1183 983 1219; x_wconf 85' lang='lat' dir='ltr'>bene</span> <span class='ocrx_word' id='word_1_243' title='bbox 1007 1180 1260 1230; x_wconf 84' lang='lat' dir='ltr'>distinguiille</span> <span class='ocrx_word' id='word_1_244' title='bbox 1274 1179 1355 1215; x_wconf 80' lang='lat' dir='ltr'>vult</span> <span class='ocrx_word' id='word_1_245' title='bbox 1376 1179 1422 1215; x_wconf 91' lang='lat' dir='ltr'>ab</span> <span class='ocrx_word' id='word_1_246' title='bbox 1439 1179 1548 1226; x_wconf 76' lang='lat' dir='ltr'>Ariis,</span> 
     </span>
     <span class='ocr_line' id='line_1_48' title="bbox 886 1235 1550 1290; baseline -0.008 -15"><span class='ocrx_word' id='word_1_247' title='bbox 886 1251 1051 1290; x_wconf 82' lang='lat' dir='ltr'>quorum</span> <span class='ocrx_word' id='word_1_248' title='bbox 1072 1239 1217 1274; x_wconf 76' lang='lat' dir='ltr'>mentio</span> <span class='ocrx_word' id='word_1_249' title='bbox 1239 1236 1281 1274; x_wconf 89' lang='lat' dir='ltr'>fit</span> <span class='ocrx_word' id='word_1_250' title='bbox 1301 1235 1404 1286; x_wconf 88' lang='lat' dir='ltr'>apud</span> <span class='ocrx_word' id='word_1_251' title='bbox 1424 1237 1550 1271; x_wconf 84' lang='lat' dir='ltr'>Hero-</span> 
     </span>
     <span class='ocr_line' id='line_1_49' title="bbox 886 1292 1551 1342; baseline -0.009 -9"><span class='ocrx_word' id='word_1_252' title='bbox 886 1296 1022 1333; x_wconf 86' lang='lat' dir='ltr'>dotum</span> <span class='ocrx_word' id='word_1_253' title='bbox 1060 1296 1140 1342; x_wconf 73' lang='lat' dir='ltr'>vll,</span> <span class='ocrx_word' id='word_1_254' title='bbox 1173 1296 1240 1335; x_wconf 76' lang='lat'>62.</span> <span class='ocrx_word' id='word_1_255' title='bbox 1297 1295 1397 1329; x_wconf 86' lang='lat' dir='ltr'>Nam</span> <span class='ocrx_word' id='word_1_256' title='bbox 1435 1293 1479 1328; x_wconf 89' lang='lat' dir='ltr'>iis</span> <span class='ocrx_word' id='word_1_257' title='bbox 1510 1292 1551 1327; x_wconf 86' lang='lat' dir='ltr'>in</span> 
     </span>
     <span class='ocr_line' id='line_1_50' title="bbox 886 1348 1553 1390; baseline -0.007 -1"><span class='ocrx_word' id='word_1_258' title='bbox 886 1354 1054 1390; x_wconf 86' lang='lat' dir='ltr'>carmine</span> <span class='ocrx_word' id='word_1_259' title='bbox 1077 1348 1379 1389; x_wconf 73' lang='lat' dir='ltr'>Schallnalnneh</span> <span class='ocrx_word' id='word_1_260' title='bbox 1406 1361 1553 1385; x_wconf 86' lang='lat' dir='ltr'>nomen</span> 
     </span>
     <span class='ocr_line' id='line_1_51' title="bbox 884 1406 1553 1457; baseline -0.009 -10"><span class='ocrx_word' id='word_1_261' title='bbox 884 1411 1032 1449; x_wconf 78' lang='lat' dir='ltr'>Arman.</span> <span class='ocrx_word' id='word_1_262' title='bbox 1090 1410 1148 1445; x_wconf 92' lang='lat' dir='ltr'>De</span> <span class='ocrx_word' id='word_1_263' title='bbox 1173 1407 1305 1457; x_wconf 76' lang='lat' dir='ltr'>Cepheo</span> <span class='ocrx_word' id='word_1_264' title='bbox 1326 1414 1362 1443; x_wconf 86' lang='lat' dir='ltr'>et</span> <span class='ocrx_word' id='word_1_265' title='bbox 1385 1406 1553 1455; x_wconf 72' lang='lat' dir='ltr'>Cephenis</span> 
     </span>
     <span class='ocr_line' id='line_1_52' title="bbox 885 1462 1553 1504; baseline -0.009 -1"><span class='ocrx_word' id='word_1_266' title='bbox 885 1468 986 1504; x_wconf 87' lang='lat' dir='ltr'>conf.</span> <span class='ocrx_word' id='word_1_267' title='bbox 1009 1467 1123 1502; x_wconf 90' lang='lat' dir='ltr'>etiam</span> <span class='ocrx_word' id='word_1_268' title='bbox 1146 1466 1271 1502; x_wconf 78' lang='lat' dir='ltr'>SturZ.</span> <span class='ocrx_word' id='word_1_269' title='bbox 1294 1462 1342 1500; x_wconf 89' lang='lat' dir='ltr'>ad</span> <span class='ocrx_word' id='word_1_270' title='bbox 1363 1463 1553 1498; x_wconf 86' lang='lat' dir='ltr'>Hellanic.</span> 
     </span>
     <span class='ocr_line' id='line_1_53' title="bbox 884 1519 1554 1575; baseline -0.007 -15"><span class='ocrx_word' id='word_1_271' title='bbox 884 1536 973 1575; x_wconf 90' lang='lat' dir='ltr'>pag.</span> <span class='ocrx_word' id='word_1_272' title='bbox 995 1525 1063 1564; x_wconf 82' lang='lat'>98.</span> <span class='ocrx_word' id='word_1_273' title='bbox 1094 1524 1271 1560; x_wconf 88' lang='lat' dir='ltr'>Creuzer.</span> <span class='ocrx_word' id='word_1_274' title='bbox 1293 1520 1457 1557; x_wconf 87' lang='lat' dir='ltr'>conferri</span> <span class='ocrx_word' id='word_1_275' title='bbox 1470 1519 1554 1556; x_wconf 84' lang='lat' dir='ltr'>vult</span> 
     </span>
     <span class='ocr_line' id='line_1_54' title="bbox 884 1575 1554 1619; baseline -0.009 -2"><span class='ocrx_word' id='word_1_276' title='bbox 884 1578 1064 1619; x_wconf 85' lang='lat' dir='ltr'>Larcher.</span> <span class='ocrx_word' id='word_1_277' title='bbox 1084 1581 1122 1615; x_wconf 89' lang='lat' dir='ltr'>in</span> <span class='ocrx_word' id='word_1_278' title='bbox 1139 1579 1344 1615; x_wconf 75' lang='lat' dir='ltr'>Memoires</span> <span class='ocrx_word' id='word_1_279' title='bbox 1360 1575 1554 1613; x_wconf 86' lang='lat' dir='ltr'>d’histoire</span> 
     </span>
     <span class='ocr_line' id='line_1_55' title="bbox 889 1631 1553 1689; baseline -0.008 -15"><span class='ocrx_word' id='word_1_280' title='bbox 889 1636 1010 1689; x_wconf 84' lang='lat' dir='ltr'>(Paris</span> <span class='ocrx_word' id='word_1_281' title='bbox 1036 1636 1169 1686; x_wconf 81' lang='lat'>1815)</span> <span class='ocrx_word' id='word_1_282' title='bbox 1200 1636 1251 1672; x_wconf 95' lang='grc' dir='ltr'>Τ.</span> <span class='ocrx_word' id='word_1_283' title='bbox 1279 1636 1315 1671; x_wconf 90' lang='grc' dir='ltr'>Π</span> <span class='ocrx_word' id='word_1_284' title='bbox 1346 1646 1435 1685; x_wconf 85' lang='lat' dir='ltr'>pag.</span> <span class='ocrx_word' id='word_1_285' title='bbox 1456 1631 1553 1673; x_wconf 77' lang='lat'>409.</span> 
     </span>
     <span class='ocr_line' id='line_1_56' title="bbox 889 1692 1555 1740; baseline -0.009 -9"><span class='ocrx_word' id='word_1_286' title='bbox 889 1696 962 1740; x_wconf 79' lang='lat' dir='ltr'>Qui</span> <span class='ocrx_word' id='word_1_287' title='bbox 983 1693 1130 1731; x_wconf 78' lang='lat' dir='ltr'>Perseus</span> <span class='ocrx_word' id='word_1_288' title='bbox 1156 1706 1177 1730; x_wconf 91' lang='lat' dir='ltr'>a</span> <span class='ocrx_word' id='word_1_289' title='bbox 1208 1692 1362 1729; x_wconf 85' lang='lat' dir='ltr'>Graecis</span> <span class='ocrx_word' id='word_1_290' title='bbox 1395 1696 1555 1727; x_wconf 84' lang='lat' dir='ltr'>vocatur</span> 
     </span>
     <span class='ocr_line' id='line_1_57' title="bbox 887 1746 1554 1795; baseline -0.009 -7"><span class='ocrx_word' id='word_1_291' title='bbox 887 1754 1093 1789; x_wconf 81' lang='lat' dir='ltr'>Persarum</span> <span class='ocrx_word' id='word_1_292' title='bbox 1129 1757 1183 1787; x_wconf 87' lang='lat' dir='ltr'>est</span> <span class='ocrx_word' id='word_1_293' title='bbox 1221 1749 1372 1795; x_wconf 80' lang='lat' dir='ltr'>Bersin,</span> <span class='ocrx_word' id='word_1_294' title='bbox 1414 1746 1554 1784; x_wconf 85' lang='lat' dir='ltr'>eodem</span> 
     </span>
     <span class='ocr_line' id='line_1_58' title="bbox 890 1805 1387 1846; baseline -0.01 0"><span class='ocrx_word' id='word_1_295' title='bbox 890 1809 1052 1846; x_wconf 87' lang='lat' dir='ltr'>docente</span> <span class='ocrx_word' id='word_1_296' title='bbox 1082 1809 1291 1843; x_wconf 81' lang='lat' dir='ltr'>Hammero</span> <span class='ocrx_word' id='word_1_297' title='bbox 1312 1807 1337 1844; x_wconf 94' lang='lat' dir='ltr'>l.</span> <span class='ocrx_word' id='word_1_298' title='bbox 1359 1805 1387 1842; x_wconf 92' lang='lat' dir='ltr'>l.</span> 
     </span>
    </p>

    <p class='ocr_par' dir='ltr' id='par_1_13' title="bbox 888 1855 1558 2194">
     <span class='ocr_line' id='line_1_59' title="bbox 945 1855 1556 1916; baseline -0.01 -12"><span class='ocrx_word' id='word_1_299' title='bbox 945 1863 1030 1905; x_wconf 77' lang='grc' dir='ltr'>ἐπεὶ</span> <span class='ocrx_word' id='word_1_300' title='bbox 1063 1862 1105 1904; x_wconf 79' lang='grc' dir='ltr'>δὲ</span> <span class='ocrx_word' id='word_1_301' title='bbox 1136 1860 1316 1916; x_wconf 72' lang='grc' dir='ltr'><strong><em>Περσεύς</em></strong></span> <span class='ocrx_word' id='word_1_302' title='bbox 1346 1859 1369 1901; x_wconf 81' lang='grc' dir='ltr'>ὁ</span> <span class='ocrx_word' id='word_1_303' title='bbox 1391 1855 1556 1910; x_wconf 73' lang='grc' dir='ltr'><em>Δανάης</em></span> 
     </span>
     <span class='ocr_line' id='line_1_60' title="bbox 888 1918 1556 1967; baseline -0.013 -6"><span class='ocrx_word' id='word_1_304' title='bbox 888 1936 928 1961; x_wconf 82' lang='grc' dir='ltr'>τε</span> <span class='ocrx_word' id='word_1_305' title='bbox 961 1921 1028 1960; x_wconf 73' lang='grc' dir='ltr'>καὶ</span> <span class='ocrx_word' id='word_1_306' title='bbox 1057 1918 1158 1967; x_wconf 75' lang='grc' dir='ltr'>Διός</span> <span class='ocrx_word' id='word_1_307' title='bbox 1192 1936 1230 1959; x_wconf 78' lang='grc' dir='ltr'>κ.</span> <span class='ocrx_word' id='word_1_308' title='bbox 1263 1935 1295 1957; x_wconf 85' lang='grc' dir='ltr'>τ.</span> <span class='ocrx_word' id='word_1_309' title='bbox 1319 1919 1377 1967; x_wconf 52' lang='lat' dir='ltr'>L]</span> <span class='ocrx_word' id='word_1_310' title='bbox 1409 1918 1556 1967; x_wconf 83' lang='lat' dir='ltr'>Tangit</span> 
     </span>
     <span class='ocr_line' id='line_1_61' title="bbox 888 1975 1557 2026; baseline -0.007 -10"><span class='ocrx_word' id='word_1_311' title='bbox 888 1977 1063 2016; x_wconf 80' lang='lat' dir='ltr'>Eustath.</span> <span class='ocrx_word' id='word_1_312' title='bbox 1113 1977 1162 2014; x_wconf 88' lang='lat' dir='ltr'>ad</span> <span class='ocrx_word' id='word_1_313' title='bbox 1206 1978 1365 2026; x_wconf 79' lang='lat' dir='ltr'>Dionys.</span> <span class='ocrx_word' id='word_1_314' title='bbox 1403 1975 1557 2024; x_wconf 84' lang='lat' dir='ltr'>Perieg.</span> 
     </span>
     <span class='ocr_line' id='line_1_62' title="bbox 892 2031 1556 2078; baseline -0.017 0"><span class='ocrx_word' id='word_1_315' title='bbox 892 2037 1014 2077; x_wconf 81' lang='lat'>1056.</span> <span class='ocrx_word' id='word_1_316' title='bbox 1072 2036 1137 2071; x_wconf 93' lang='lat' dir='ltr'>Tu</span> <span class='ocrx_word' id='word_1_317' title='bbox 1169 2035 1269 2072; x_wconf 83' lang='lat' dir='ltr'>conf.</span> <span class='ocrx_word' id='word_1_318' title='bbox 1301 2031 1445 2069; x_wconf 80' lang='lat' dir='ltr'>Herod.</span> <span class='ocrx_word' id='word_1_319' title='bbox 1473 2032 1556 2078; x_wconf 83' lang='lat' dir='ltr'>VH,</span> 
     </span>
     <span class='ocr_line' id='line_1_63' title="bbox 894 2086 1558 2142; baseline -0.009 -12"><span class='ocrx_word' id='word_1_320' title='bbox 894 2094 972 2134; x_wconf 84' lang='lat'>150</span> <span class='ocrx_word' id='word_1_321' title='bbox 997 2100 1033 2129; x_wconf 84' lang='lat' dir='ltr'>et</span> <span class='ocrx_word' id='word_1_322' title='bbox 1053 2093 1115 2139; x_wconf 68' lang='lat' dir='ltr'>VI,</span> <span class='ocrx_word' id='word_1_323' title='bbox 1139 2091 1192 2132; x_wconf 63' lang='lat'>54</span> <span class='ocrx_word' id='word_1_324' title='bbox 1213 2092 1342 2142; x_wconf 78' lang='lat' dir='ltr'>iquue</span> <span class='ocrx_word' id='word_1_325' title='bbox 1362 2096 1458 2127; x_wconf 77' lang='lat' dir='ltr'>nott.</span> <span class='ocrx_word' id='word_1_326' title='bbox 1494 2086 1558 2124; x_wconf 86' lang='lat' dir='ltr'>Ad</span> 
     </span>
     <span class='ocr_line' id='line_1_64' title="bbox 889 2145 1556 2194; baseline -0.007 -8"><span class='ocrx_word' id='word_1_327' title='bbox 889 2163 1026 2186; x_wconf 83' lang='lat' dir='ltr'>vocem</span> <span class='ocrx_word' id='word_1_328' title='bbox 1057 2146 1154 2194; x_wconf 77' lang='grc' dir='ltr'><em>πάϊς</em></span> <span class='ocrx_word' id='word_1_329' title='bbox 1188 2147 1266 2185; x_wconf 84' lang='lat' dir='ltr'>vid.</span> <span class='ocrx_word' id='word_1_330' title='bbox 1298 2148 1410 2184; x_wconf 89' lang='lat' dir='ltr'>allata</span> <span class='ocrx_word' id='word_1_331' title='bbox 1441 2145 1489 2182; x_wconf 90' lang='lat' dir='ltr'>ad</span> <span class='ocrx_word' id='word_1_332' title='bbox 1507 2145 1556 2193; x_wconf 87' lang='lat' dir='ltr'>V,</span> 
     </span>
    </p>
   </div>
   <div class='ocr_carea' id='block_1_13' title="bbox 884 2202 1556 2255">
    <p class='ocr_par' dir='ltr' id='par_1_14' title="bbox 884 2202 1556 2255">
     <span class='ocr_line' id='line_1_65' title="bbox 884 2202 1556 2255; baseline -0.003 -12"><span class='ocrx_word' id='word_1_333' title='bbox 884 2209 944 2247; x_wconf 71' lang='lat'>&#39;30</span> <span class='ocrx_word' id='word_1_334' title='bbox 977 2214 1013 2243; x_wconf 88' lang='lat' dir='ltr'>et</span> <span class='ocrx_word' id='word_1_335' title='bbox 1034 2205 1082 2242; x_wconf 91' lang='lat' dir='ltr'>ad</span> <span class='ocrx_word' id='word_1_336' title='bbox 1104 2219 1213 2242; x_wconf 75' lang='lat' dir='ltr'>voces</span> <span class='ocrx_word' id='word_1_337' title='bbox 1243 2202 1431 2251; x_wconf 75' lang='grc' dir='ltr'><em>ἅπαις-</em></span> <span class='ocrx_word' id='word_1_338' title='bbox 1446 2202 1556 2255; x_wconf 73' lang='grc' dir='ltr'><strong><em>ἔρσε-</em></strong></span> 
     </span>
    </p>
   </div>
   <div class='ocr_carea' id='block_1_14' title="bbox 889 2259 1558 2544">
    <p class='ocr_par' dir='ltr' id='par_1_15' title="bbox 889 2259 1558 2544">
     <span class='ocr_line' id='line_1_66' title="bbox 890 2259 1554 2316; baseline 0.002 -18"><span class='ocrx_word' id='word_1_339' title='bbox 890 2278 960 2309; x_wconf 83' lang='grc' dir='ltr'>νος</span> <span class='ocrx_word' id='word_1_340' title='bbox 988 2259 1112 2316; x_wconf 75' lang='grc' dir='ltr'><em>γόνου</em></span> <span class='ocrx_word' id='word_1_341' title='bbox 1141 2261 1325 2298; x_wconf 79' lang='lat' dir='ltr'>Herodot.</span> <span class='ocrx_word' id='word_1_342' title='bbox 1355 2261 1438 2308; x_wconf 79' lang='lat' dir='ltr'>VII⁷</span> <span class='ocrx_word' id='word_1_343' title='bbox 1459 2259 1554 2306; x_wconf 78' lang='lat'>205,</span> 
     </span>
     <span class='ocr_line' id='line_1_67' title="bbox 889 2315 1553 2357; baseline -0.002 -1"><span class='ocrx_word' id='word_1_344' title='bbox 889 2320 956 2356; x_wconf 84' lang='lat' dir='ltr'>ubi</span> <span class='ocrx_word' id='word_1_345' title='bbox 977 2320 1114 2357; x_wconf 80' lang='lat' dir='ltr'>eadem</span> <span class='ocrx_word' id='word_1_346' title='bbox 1134 2320 1290 2356; x_wconf 79' lang='lat' dir='ltr'>locutio.</span> <span class='ocrx_word' id='word_1_347' title='bbox 1311 2317 1397 2356; x_wconf 85' lang='lat' dir='ltr'>Vid.</span> <span class='ocrx_word' id='word_1_348' title='bbox 1417 2315 1553 2353; x_wconf 74' lang='lat' dir='ltr'>Matth.</span> 
     </span>
     <span class='ocr_line' id='line_1_68' title="bbox 891 2372 1558 2427; baseline -0.007 -13"><span class='ocrx_word' id='word_1_349' title='bbox 891 2378 956 2414; x_wconf 86' lang='lat' dir='ltr'>Gr.</span> <span class='ocrx_word' id='word_1_350' title='bbox 979 2379 1044 2414; x_wconf 87' lang='lat' dir='ltr'>Gr.</span> <span class='ocrx_word' id='word_1_351' title='bbox 1069 2379 1105 2423; x_wconf 65' lang='grc' dir='ltr'>ξ.</span> <span class='ocrx_word' id='word_1_352' title='bbox 1128 2379 1209 2418; x_wconf 79' lang='lat'>339</span> <span class='ocrx_word' id='word_1_353' title='bbox 1231 2389 1318 2427; x_wconf 86' lang='lat' dir='ltr'>pag.</span> <span class='ocrx_word' id='word_1_354' title='bbox 1350 2375 1446 2416; x_wconf 80' lang='lat'><strong>647.</strong></span> <span class='ocrx_word' id='word_1_355' title='bbox 1493 2372 1558 2410; x_wconf 88' lang='lat' dir='ltr'>Ad</span> 
     </span>
     <span class='ocr_line' id='line_1_69' title="bbox 889 2430 1556 2484; baseline -0.007 -12"><span class='ocrx_word' id='word_1_356' title='bbox 889 2436 1006 2472; x_wconf 85' lang='lat' dir='ltr'>verba</span> <span class='ocrx_word' id='word_1_357' title='bbox 1057 2433 1120 2473; x_wconf 78' lang='grc' dir='ltr'>ἐπὶ</span> <span class='ocrx_word' id='word_1_358' title='bbox 1159 2430 1306 2472; x_wconf 80' lang='grc' dir='ltr'><em>τούτου</em></span> <span class='ocrx_word' id='word_1_359' title='bbox 1350 2433 1556 2484; x_wconf 79' lang='lat' dir='ltr'>pertinent,</span> 
     </span>
     <span class='ocr_line' id='line_1_70' title="bbox 891 2490 1430 2544; baseline -0.004 -16"><span class='ocrx_word' id='word_1_360' title='bbox 891 2505 991 2544; x_wconf 88' lang='lat' dir='ltr'>quae</span> <span class='ocrx_word' id='word_1_361' title='bbox 1017 2491 1066 2528; x_wconf 88' lang='lat' dir='ltr'>ad</span> <span class='ocrx_word' id='word_1_362' title='bbox 1085 2491 1149 2539; x_wconf 85' lang='lat' dir='ltr'>IV,</span> <span class='ocrx_word' id='word_1_363' title='bbox 1170 2490 1224 2531; x_wconf 81' lang='grc'>45</span> <span class='ocrx_word' id='word_1_364' title='bbox 1248 2490 1430 2527; x_wconf 82' lang='lat' dir='ltr'>diximus.</span> 
     </span>
    </p>
   </div>
   <div class='ocr_carea' id='block_1_15' title="bbox 1099 2581 1351 2633">
    <p class='ocr_par' dir='ltr' id='par_1_16' title="bbox 1099 2581 1351 2633">
     <span class='ocr_line' id='line_1_71' title="bbox 1099 2581 1351 2633; baseline 0 -15"><span class='ocrx_word' id='word_1_365' title='bbox 1099 2581 1190 2633; x_wconf 78' lang='lat' dir='ltr'>cap.</span> <span class='ocrx_word' id='word_1_366' title='bbox 1227 2583 1351 2618; x_wconf 91' lang='lat' dir='ltr'><strong>LXII.</strong></span> 
     </span>
    </p>
   </div>
   <div class='ocr_carea' id='block_1_16' title="bbox 892 2654 1560 2824">
    <p class='ocr_par' dir='ltr' id='par_1_17' title="bbox 892 2654 1560 2824">
     <span class='ocr_line' id='line_1_72' title="bbox 948 2654 1560 2713; baseline -0.005 -15"><span class='ocrx_word' id='word_1_367' title='bbox 948 2655 1025 2711; x_wconf 74' lang='grc' dir='ltr'>τήν</span> <span class='ocrx_word' id='word_1_368' title='bbox 1047 2655 1174 2713; x_wconf 71' lang='grc' dir='ltr'><em>αὐτὴν</em></span> <span class='ocrx_word' id='word_1_369' title='bbox 1202 2657 1352 2711; x_wconf 81' lang='grc' dir='ltr'><em>ταύτην</em></span> <span class='ocrx_word' id='word_1_370' title='bbox 1378 2654 1560 2708; x_wconf 75' lang='grc' dir='ltr'><em>ἐσταλμέ-</em></span> 
     </span>
     <span class='ocr_line' id='line_1_73' title="bbox 896 2711 1560 2770; baseline -0.009 -15"><span class='ocrx_word' id='word_1_371' title='bbox 896 2718 995 2766; x_wconf 85' lang='grc' dir='ltr'>νοι]</span> <span class='ocrx_word' id='word_1_372' title='bbox 1054 2718 1192 2770; x_wconf 84' lang='lat' dir='ltr'>Suppl.</span> <span class='ocrx_word' id='word_1_373' title='bbox 1235 2713 1404 2767; x_wconf 69' lang='grc' dir='ltr'><strong><em>σκευήν,</em></strong></span> <span class='ocrx_word' id='word_1_374' title='bbox 1454 2711 1560 2766; x_wconf 91' lang='lat' dir='ltr'>quod</span> 
     </span>
     <span class='ocr_line' id='line_1_74' title="bbox 892 2771 1560 2824; baseline -0.004 -15"><span class='ocrx_word' id='word_1_375' title='bbox 892 2774 1020 2824; x_wconf 87' lang='lat' dir='ltr'>ipsum</span> <span class='ocrx_word' id='word_1_376' title='bbox 1061 2788 1158 2813; x_wconf 85' lang='lat' dir='ltr'>mox</span> <span class='ocrx_word' id='word_1_377' title='bbox 1192 2775 1402 2812; x_wconf 85' lang='lat' dir='ltr'>subiicitur.</span> <span class='ocrx_word' id='word_1_378' title='bbox 1478 2771 1560 2806; x_wconf 88' lang='lat' dir='ltr'>Nec</span> 
     </span>
    </p>
   </div>
   <div class='ocr_carea' id='block_1_17' title="bbox 895 2829 1559 2881">
    <p class='ocr_par' dir='ltr' id='par_1_18' title="bbox 895 2829 1559 2881">
     <span class='ocr_line' id='line_1_75' title="bbox 895 2829 1559 2881; baseline -0.006 -14"><span class='ocrx_word' id='word_1_379' title='bbox 895 2831 1003 2868; x_wconf 85' lang='lat' dir='ltr'>aliter</span> <span class='ocrx_word' id='word_1_380' title='bbox 1016 2831 1098 2880; x_wconf 89' lang='lat' dir='ltr'>VII,</span> <span class='ocrx_word' id='word_1_381' title='bbox 1111 2836 1178 2874; x_wconf 77' lang='lat'>72.</span> <span class='ocrx_word' id='word_1_382' title='bbox 1191 2834 1259 2873; x_wconf 87' lang='lat'>77.</span> <span class='ocrx_word' id='word_1_383' title='bbox 1271 2829 1337 2871; x_wconf 84' lang='lat'>84.</span> <span class='ocrx_word' id='word_1_384' title='bbox 1359 2831 1436 2872; x_wconf 84' lang='lat'>86:</span> <span class='ocrx_word' id='word_1_385' title='bbox 1458 2840 1559 2881; x_wconf 87' lang='lat' dir='ltr'>quae</span> 
     </span>
    </p>
   </div>
   <div class='ocr_carea' id='block_1_18' title="bbox 1545 854 1825 959">
    <p class='ocr_par' dir='ltr' id='par_1_19' title="bbox 1545 854 1825 959">
     <span class='ocr_line' id='line_1_76' title="bbox 1548 854 1825 884; baseline 0.007 -3"><span class='ocrx_word' id='word_1_386' title='bbox 1548 854 1645 883; x_wconf 74' lang='lat' dir='ltr'>Medi.</span> <span class='ocrx_word' id='word_1_387' title='bbox 1666 855 1825 884; x_wconf 77' lang='lat' dir='ltr'>Dictiolim</span> 
     </span>
     <span class='ocr_line' id='line_1_77' title="bbox 1551 889 1802 926; baseline -0.004 -10"><span class='ocrx_word' id='word_1_388' title='bbox 1551 889 1628 916; x_wconf 75' lang='lat' dir='ltr'>Arii:</span> <span class='ocrx_word' id='word_1_389' title='bbox 1651 889 1730 926; x_wconf 81' lang='lat' dir='ltr'>quod</span> <span class='ocrx_word' id='word_1_390' title='bbox 1750 898 1802 916; x_wconf 85' lang='lat' dir='ltr'>no—</span> 
     </span>
     <span class='ocr_line' id='line_1_78' title="bbox 1545 928 1799 959; baseline 0 -6"><span class='ocrx_word' id='word_1_391' title='bbox 1545 932 1618 953; x_wconf 78' lang='lat' dir='ltr'>men</span> <span class='ocrx_word' id='word_1_392' title='bbox 1634 928 1799 959; x_wconf 74' lang='lat' dir='ltr'>mutatum,</span> 
     </span>
    </p>
   </div>
  </div>
 </body>
</html>
