1897 3340
503 240 1139 284 POLYMNIA.v11.
1374 245 1456 284 547

1517 353 1684 382 Bactriani.
1704 355 1760 382 Sa-

1518 396 1581 419 rae,
1604 391 1734 423 populu-³

60 366 126 412 64
196 357 403 414 Βάκτριοι
441 356 488 401 δὲ
526 354 625 408 περὶ
655 352 733 408 μὲν
751 353 848 406 τῇσι
879 352 1095 406 κεφαλῇσι
1125 346 1342 404 ἀγχότατα
1371 354 1460 392 τῶν

195 429 412 483 Μηδικῶν
454 424 620 480 ἔχοντες
658 415 1000 471 ἐστρατεύοντο,
1030 416 1134 468 τόξα
1166 417 1212 460 δὲ
1241 416 1460 471 καλάμινα
1518 422 1790 484 ῇξέἑὶιυῑῇἱιιιιυέρῗζὲζῖ

165 493 430 550 Ξέπιχαίρια,
460 491 535 535 καὶ
565 486 717 544 αἰχμὰς
756 484 953 542 βραχέας.
1011 484 1159 529 Σάκαι
1189 485 1235 528 δὲ
1267 486 1310 528 οἱ
1341 484 1460 528 Σκύ-
1516 490 1682 549 ἓῇξηξᾶοειυ
1701 490 1745 518 ‹¹1-

190 568 270 607 θαι
299 561 398 617 περὶ
425 560 505 617 μὲν
532 561 631 615 τῇσι
659 557 873 612 κεφαλῇσι
901 555 1144 611 κυρβασίας
1181 553 1226 606 ἐς
1255 550 1334 606 ὀξύ
1367 551 1463 597 άπι-

133 771 267 808 ciebat.
323 769 373 804 Et
402 765 505 803 conf.
537 776 692 816 quoque
711 761 796 799 Rit-

132 834 202 865 ter.
231 822 444 862 Erdkunde
464 823 499 858 11
518 834 606 873 pag.
628 821 725 861 797.
740 839 796 847 —·-

132 885 208 920 Pro
228 880 400 922 τουτέων
423 878 581 916 exhibui
606 872 778 917 τούτων.

337 971 431 1022 Cap.
451 969 590 1007 Lxlv.

187 1046 377 1103 Βάκτριοι
397 1046 457 1098 δὲ]
479 1050 536 1085 De
546 1046 704 1084 Bactriis
719 1042 799 1083 vid.

131 1109 197 1156 111,
215 1110 269 1149 92
280 1109 346 1143 fin.
366 1107 442 1143 Pro
465 1101 672 1158 ἀγχότατα,
695 1100 799 1154 quod

130 1178 222 1204 oum
250 1170 409 1202 recentt.
441 1162 526 1200 edd.
554 1160 801 1198 retinendum

131 1223 286 1270 censui,
343 1220 538 1258 Sancrofti
575 1219 673 1255 liber
711 1228 801 1254 cum

133 1280 213 1316 aliis
234 1273 449 1330 άγχοτάτω,
477 1284 520 1314 ut
539 1275 621 1322 Vll,
642 1276 709 1315 73.
731 1270 799 1313 74.

132 1338 185 1377 79
208 1336 366 1387 aliisque
387 1335 478 1371 locis
501 1346 522 1370 a
543 1330 722 1369 Fischero
741 1329 800 1365 al-

132 1393 214 1430 latis
227 1392 275 1429 ad
288 1393 450 1429 Weller.
469 1392 505 1427 11
522 1403 560 1441 p.
577 1391 670 1435 116,
683 1398 801 1439 quem

131 1456 261 1487 tamen
290 1462 370 1486 non
401 1449 502 1498 fugit
532 1442 721 1497 άγχοτέρη
752 1455 802 1479 ex

133 1506 272 1544 eodem
305 1505 501 1542 Herodoto
531 1504 612 1550 Vll,
645 1500 727 1541 175
765 1506 802 1536 et

133 1564 370 1616 Etymolog.,
384 1563 449 1600 ubi
462 1574 472 1598 ε
504 1561 654 1612 γίνεται
666 1555 709 1597 δὲ
720 1551 801 1596 eino*

135 1623 208 1661 τοῦ
227 1616 352 1672 α’γχοῦ
371 1614 592 1672 οἷγχότερος.

189 1675 285 1725 τόξα
307 1675 349 1716 δὲ
368 1672 568 1726 καλάμινα
591 1666 798 1722 ἐπιχώρια]

133 1736 194 1771 De
223 1734 356 1771 Indico
387 1734 535 1770 calamo
577 1730 677 1779 (Vll,
713 1728 799 1776 65),

133 1789 196 1828 hic
224 1793 285 1841 agi
306 1797 406 1827 ratus
435 1791 552 1835 Miot,
581 1788 633 1823 sic
655 1784 800 1821 Gallice

134 1847 320 1884 reddidit:
354 1847 434 1894 „ils
460 1846 612 1882 avoient
633 1841 698 1879 des
719 1853 800 1877 arcs

137 1905 223 1941 faits
237 1917 331 1941 avec
349 1916 426 1939 une
440 1901 573 1953 espece
585 1899 632 1936 de
652 1909 799 1945 roseau,

135 1962 203 2013 qui
223 1962 318 1998 croit
340 1959 434 1997 dans
454 1960 538 1996 leur
560 1957 693 2008 pays.“
742 1955 801 1990 De

135 2017 251 2055 hastis
272 2018 449 2054 brevibus
469 2014 546 2053 vid.
568 2014 612 2061 V,
626 2012 692 2053 49.
713 2011 800 2055 VII,

136 2078 204 2116 61.
262 2076 320 2111 De
342 2073 449 2111 Sacis
468 2071 615 2123 Scythis
634 2069 801 2106 diximus

136 2130 186 2168 ad
204 2133 270 2179 111,
293 2133 358 2172 93.
417 2128 520 2166 Add.
549 2125 714 2165 Bohlen.
744 2125 802 2162 De

137 2189 232 2239 orig.
251 2189 344 2239 ling.
358 2186 518 2224 Zendic.
539 2183 706 2236 pag.56,
726 2193 802 2234 quo

139 2252 292 2282 auctore
303 2242 433 2283 Σάκαι
445 2243 546 2294 apud
562 2239 804 2279 Herodotum

136 2301 288 2338 Persic&
303 2300 433 2351 linguai
453 2301 631 2337 dicuntur
649 2299 676 2333 ii
703 2297 805 2348 Scy-

138 2355 248 2404 thae,
279 2359 345 2408 qui
374 2359 413 2393 in
442 2358 581 2393 minori
614 2352 805 2392 Bucharia

141 2419 179 2450 et
208 2412 465 2450 Turkestania
500 2413 688 2449 orientem
716 2423 806 2448 ver-

144 2481 206 2507 sus
226 2470 343 2506 vitam
364 2475 482 2518 agunt
491 2467 734 2505 nomadicam
748 2468 807 2503 in-

145 2532 203 2563 tra
222 2524 418 2562 Emodum
433 2531 607 2561 montem
626 2525 725 2560 ultra
744 2525 807 2559 Ia-

144 2589 295 2619 xartem
311 2589 346 2618 et
367 2581 602 2631 Sogdianam
616 2580 804 2630 palantes:

145 2651 241 2692 quos
254 2652 386 2676 omnes
405 2638 578 2689 populos,
600 2637 808 2673 Tibetanos

146 2697 369 2746 praesertim
382 2725 392 2743 ‚
426 2696 464 2731 in
498 2694 600 2731 libris
637 2692 808 2729 Sanscri-

149 2752 194 2789 tis
222 2753 437 2803 nuncupari
459 2753 613 2802 potentes
646 2755 683 2785 et
694 2748 809 2799 sortes

146 2809 353 2847 exercitibus
373 2807 478 2846 idem
498 2808 556 2845 vir
584 2805 716 2844 doctus
738 2806 810 2843 ob-

146 2871 283 2903 servat.

909 763 1129 816 κυρβασίας
1172 762 1213 811 ἔς
1243 759 1317 812 ὀξύ
1350 759 1520 816 ἀπιγμέ-

854 822 958 870 νας]
1005 822 1064 857 De
1101 834 1196 859 voce
1232 822 1414 871 cyrbast'ae
1440 820 1520 859 vid.

853 885 951 916 nott.
969 877 1019 915 ad
1050 878 1094 925 V,
1126 878 1193 926 49,
1222 879 1289 914 ubi
1310 891 1332 915 a
1352 880 1445 915 tiara
1465 877 1520 914 di-

855 948 1010 975 versmn
1055 935 1145 986 pilei
1190 947 1312 985 genus
1360 935 1522 972 indicari

855 994 1090 1029 monuimus.
1148 993 1180 1027 E
1219 991 1339 1029 Suida
1368 994 1404 1029 11
1431 1005 1522 1043 pag.

854 1048 937 1091 400
957 1079 966 1098 ‚
1026 1050 1093 1086 ubi
1140 1056 1260 1086 exstat
1300 1046 1522 1102 Κύρβασις,

856 1105 895 1144 h.
918 1108 944 1146 l.
994 1106 1092 1143 foret
1116 1105 1402 1143 rescribendum
1425 1121 1523 1158 κυρ-

857 1159 1001 1216 βάσιας
1021 1195 1033 1213 ,
1105 1164 1178 1200 nisi
1225 1164 1343 1200 altera
1397 1164 1521 1200 forma

856 1221 1054 1272 κνρβασὶα
1075 1221 1295 1258 melioribus
1317 1220 1420 1272 apud
1440 1222 1521 1256 He·—

856 1278 1036 1316 rodotum
1055 1277 1158 1314 libris
1175 1278 1464 1315 confirmaretur
1485 1285 1522 1314 et

857 1336 1080 1373 auctoritate
1129 1333 1395 1386 Aristophanis
1448 1335 1520 1372 Av.

858 1392 954 1434 487,
1014 1393 1092 1428 Has
1125 1405 1216 1429 vero
1263 1393 1452 1444 cyrbasias
1485 1390 1524 1438 ἐς

859 1446 930 1498 ὀξύ
950 1444 1172 1502 άπιγμένας
1190 1450 1363 1499 intelligo
1384 1451 1422 1486 in
1437 1462 1524 1486 acu-

859 1511 933 1544 tum
961 1520 988 1544 s.
1012 1508 1145 1553 apicem
1178 1506 1324 1543 eductas
1352 1520 1395 1543 ac
1430 1506 1523 1543 desa·-

858 1566 976 1601 nentes
994 1564 1165 1614 itemque
1186 1558 1315 1614 ὄρθοές
1339 1570 1375 1599 et
1395 1577 1525 1614 πεπη-

859 1620 974 1674 γυίας
999 1621 1025 1657 i.
1047 1633 1082 1656 e..
1103 1620 1232 1669 firmas
1261 1619 1411 1670 beneque
1431 1632 1524 1657 com·-

854 1681 994 1729 pactas,
1024 1677 1182 1727 firmiter
1215 1680 1348 1713 erectas
1365 1690 1409 1713 ac
1428 1678 1524 1726 rigi-

859 1735 938 1782 das,
968 1740 1010 1770 ut
1037 1733 1117 1770 scil.
1141 1731 1464 1783 distinguerentur
1502 1745 1524 1769 a

857 1792 1094 1842 reliquorum
1114 1791 1318 1826 Persarum
1339 1791 1441 1827 tiaris
1461 1791 1524 1825 in-

858 1848 982 1885 curvis
1005 1853 1041 1883 et
1063 1848 1104 1882 in
1124 1847 1291 1883 frontem
1311 1859 1433 1898 usque
1454 1845 1524 1883 de-

856 1904 1071 1942 labentibus
1103 1902 1182 1948 (de
1204 1904 1340 1955 quibus
1372 1903 1421 1940 ad
1441 1904 1522 1951 Vll,

857 1963 907 2001 61
932 1959 1130 2009 diximus),
1153 1973 1243 1997 cum
1262 1973 1342 1997 non
1362 1961 1434 1997 nisi
1461 1974 1525 1997 re-

857 2019 897 2067 gi
927 2017 1025 2053 ferre
1059 2017 1190 2053 liceret
1220 2012 1360 2067 τιάραν
1379 2014 1525 2069 ὀρθήν.

855 2076 991 2126 Itaque.
1009 2074 1137 2110 minus
1157 2080 1259 2110 recte
1282 2075 1526 2115 Florentinus

856 2132 953 2168 liber
983 2143 1073 2168 cum
1102 2131 1174 2167 alio
1203 2143 1274 2182 pro
1308 2126 1529 2183 α’·πιγμένας

858 2188 968 2225 affert
980 2183 1210 2239 ἀπηγμένας
1224 2215 1237 2232 ,
1259 2200 1280 2224 a
1302 2186 1524 2235 Schaefero,

857 2243 995 2282 Matth.
1027 2251 1064 2281 et
1095 2243 1276 2281 Bekkero
1305 2246 1346 2281 in
1373 2252 1526 2282 textum

860 2308 1079 2353 receptum,
1111 2302 1339 2352 reprobante
1359 2300 1527 2339 Valcke—

860 2372 984 2407 naer.‚
1004 2360 1071 2411 qui
1091 2357 1239 2395 dudum
1260 2372 1331 2410 pro
1349 2354 1530 2411 οἷπηγμὲ-

862 2431 935 2463 νας
973 2416 1110 2466 refingi
1138 2416 1312 2453 voluerat
1342 2417 1404 2454 vel
1432 2413 1529 2455 άπι-

862 2472 1007 2525 γμένας
1026 2474 1089 2517 vel
1117 2468 1366 2525 ἀνηγμένας,
1409 2474 1528 2511 citans

862 2531 1027 2567 Pausan.
1054 2530 1124 2578 IX,
1150 2531 1203 2570 38
1226 2530 1264 2575 §.
1292 2533 1320 2571 2
1355 2530 1440 2579 (ubi
1474 2536 1530 2567 est

863 2582 1025 2636 κορυφή
1046 2582 1120 2626 οὐκ
1149 2584 1190 2632 ἐς
1206 2583 1309 2638 ἄγαν
1331 2582 1404 2634 ὀξύ
1428 2581 1530 2636 ἄνη-

863 2640 1006 2693 γμένη)
1043 2643 1128 2684 coll.
1158 2642 1317 2680 Diodor.
1348 2644 1428 2681 Sic.
1452 2644 1529 2692 lp.

866 2696 944 2738 148
967 2698 1038 2747 [11,
1059 2699 1130 2748 34]
1157 2698 1302 2737 Athen.
1321 2701 1391 2748 XI,
1413 2697 1465 2738 54
1488 2711 1529 2748 p.

864 2752 946 2795 477
974 2756 1019 2797 F.
1046 2754 1264 2793 Herodotus
1296 2756 1376 2806 ipse
1404 2756 1526 2801 11,28

864 2807 1000 2878 hapet:
1032 2808 1154 2864 οὔρεα
1167 2810 1206 2858 ἐς
1222 2807 1296 2859 6ξῦ
1315 2808 1386 2858 τοὶς
1405 2825 1527 2861 κορυ-

866 2880 948 2916 φας
970 2866 1181 2920 απιγμένα.

1145 2923 1199 2963 55
1219 2919 1246 2945 ᾖ
