<?xml version="1.0" encoding="UTF-8"?>
<!DOCTYPE html PUBLIC "-//W3C//DTD XHTML 1.0 Transitional//EN"
    "http://www.w3.org/TR/xhtml1/DTD/xhtml1-transitional.dtd">
<html xmlns="http://www.w3.org/1999/xhtml" xml:lang="en" lang="en">
 <head>
  <title>
</title>
<meta http-equiv="Content-Type" content="text/html;charset=utf-8" />
  <meta name='ocr-system' content='tesseract 3.04.00' />
  <meta name='ocr-capabilities' content='ocr_page ocr_carea ocr_par ocr_line ocrx_word'/>
</head>
<body>
  <div class='ocr_page' id='page_1' title='image "./musaeher03hero/musaeher03hero_0545.png"; bbox 0 0 1897 3340; ppageno 0'>
   <div class='ocr_carea' id='block_1_1' title="bbox 0 420 21 1500">
    <p class='ocr_par' dir='ltr' id='par_1_1' title="bbox 0 420 21 1500">
     <span class='ocr_line' id='line_1_1' title="bbox 0 420 3 509; baseline 0 -11"><span class='ocrx_word' id='word_1_1' title='bbox 0 420 3 509; x_wconf 55' lang='grc' dir='ltr'><em>ἱ</em></span> 
     </span>
     <span class='ocr_line' id='line_1_2' title="bbox 0 512 7 699; baseline 0 0"><span class='ocrx_word' id='word_1_2' title='bbox 0 512 7 699; x_wconf 58' lang='grc' dir='ltr'>ἒ</span> 
     </span>
     <span class='ocr_line' id='line_1_3' title="bbox 4 718 8 805; baseline 0 0"><span class='ocrx_word' id='word_1_3' title='bbox 4 718 8 805; x_wconf 74' lang='grc' dir='ltr'>ἰ</span> 
     </span>
     <span class='ocr_line' id='line_1_4' title="bbox 6 858 13 1108; baseline 0 0"><span class='ocrx_word' id='word_1_4' title='bbox 6 858 13 1108; x_wconf 68' lang='grc' dir='ltr'><strong>ἱ</strong></span> 
     </span>
     <span class='ocr_line' id='line_1_5' title="bbox 9 1138 15 1232; baseline 0 0"><span class='ocrx_word' id='word_1_5' title='bbox 9 1138 15 1232; x_wconf 68' lang='lat' dir='ltr'>l</span> 
     </span>
     <span class='ocr_line' id='line_1_6' title="bbox 12 1262 16 1319; baseline 0 0"><span class='ocrx_word' id='word_1_6' title='bbox 12 1262 16 1319; x_wconf 80' lang='grc' dir='ltr'><em>ι</em></span> 
     </span>
     <span class='ocr_line' id='line_1_7' title="bbox 13 1359 21 1500; baseline 0 0"><span class='ocrx_word' id='word_1_7' title='bbox 13 1359 21 1500; x_wconf 59' lang='grc' dir='ltr'><em>ἱ</em></span> 
     </span>
    </p>
   </div>
   <div class='ocr_carea' id='block_1_2' title="bbox 3 1612 7 1800">
    <p class='ocr_par' dir='ltr' id='par_1_2' title="bbox 3 1612 7 1800">
     <span class='ocr_line' id='line_1_8' title="bbox 3 1612 6 1629; baseline 0 0"><span class='ocrx_word' id='word_1_8' title='bbox 3 1612 6 1629; x_wconf 81' lang='grc' dir='ltr'><em>ι</em></span> 
     </span>
     <span class='ocr_line' id='line_1_9' title="bbox 3 1774 7 1800; baseline 0 0"><span class='ocrx_word' id='word_1_9' title='bbox 3 1774 7 1800; x_wconf 72' lang='lat' dir='ltr'><strong>f</strong></span> 
     </span>
    </p>
   </div>
   <div class='ocr_carea' id='block_1_3' title="bbox 2 1828 11 1938">
    <p class='ocr_par' dir='ltr' id='par_1_3' title="bbox 2 1828 11 1938">
     <span class='ocr_line' id='line_1_10' title="bbox 3 1828 6 1837; baseline 0 0"><span class='ocrx_word' id='word_1_10' title='bbox 3 1828 6 1837; x_wconf 72' lang='grc'><strong><em>,</em></strong></span> 
     </span>
     <span class='ocr_line' id='line_1_11' title="bbox 2 1839 11 1903; baseline 0 0"><span class='ocrx_word' id='word_1_11' title='bbox 2 1839 11 1903; x_wconf 68' lang='grc' dir='ltr'><em>ἱ</em></span> 
     </span>
     <span class='ocr_line' id='line_1_12' title="bbox 2 1914 5 1938; baseline 0 0"><span class='ocrx_word' id='word_1_12' title='bbox 2 1914 5 1938; x_wconf 67' lang='grc' dir='ltr'><em>ἴ</em></span> 
     </span>
    </p>
   </div>
   <div class='ocr_carea' id='block_1_4' title="bbox 0 1963 12 2327">
    <p class='ocr_par' dir='ltr' id='par_1_4' title="bbox 0 1963 12 2327">
     <span class='ocr_line' id='line_1_13' title="bbox 0 1963 12 2044; baseline 0 -19"><span class='ocrx_word' id='word_1_13' title='bbox 0 1963 12 2044; x_wconf 56' lang='grc' dir='ltr'>ξ</span> 
     </span>
     <span class='ocr_line' id='line_1_14' title="bbox 0 2051 9 2327; baseline 0 0"><span class='ocrx_word' id='word_1_14' title='bbox 0 2051 9 2327; x_wconf 72' lang='grc' dir='ltr'>ἔ</span> 
     </span>
    </p>
   </div>
   <div class='ocr_carea' id='block_1_5' title="bbox 535 249 1474 298">
    <p class='ocr_par' dir='ltr' id='par_1_5' title="bbox 535 249 1474 298">
     <span class='ocr_line' id='line_1_15' title="bbox 535 249 1474 298; baseline -0.005 -6"><span class='ocrx_word' id='word_1_15' title='bbox 535 249 1177 292; x_wconf 82' lang='lat' dir='ltr'><strong>POLYMNIA.V11.</strong></span> <span class='ocrx_word' id='word_1_16' title='bbox 1397 257 1474 298; x_wconf 78' lang='lat'><em>531</em></span> 
     </span>
    </p>
   </div>
   <div class='ocr_carea' id='block_1_6' title="bbox 181 357 1538 829">
    <p class='ocr_par' dir='ltr' id='par_1_6' title="bbox 181 357 1538 829">
     <span class='ocr_line' id='line_1_16' title="bbox 209 357 1478 420; baseline -0.002 -10"><span class='ocrx_word' id='word_1_17' title='bbox 209 365 319 420; x_wconf 82' lang='grc' dir='ltr'><em>πρὸς</em></span> <span class='ocrx_word' id='word_1_18' title='bbox 358 367 438 409; x_wconf 83' lang='grc' dir='ltr'><em>τοῦ</em></span> <span class='ocrx_word' id='word_1_19' title='bbox 468 363 646 408; x_wconf 79' lang='grc' dir='ltr'><strong><em>Πόντου</em></strong></span> <span class='ocrx_word' id='word_1_20' title='bbox 687 359 712 404; x_wconf 86' lang='grc' dir='ltr'>ὁ</span> <span class='ocrx_word' id='word_1_21' title='bbox 752 357 878 412; x_wconf 82' lang='grc' dir='ltr'><em>πεζός</em></span> <span class='ocrx_word' id='word_1_22' title='bbox 911 374 956 402; x_wconf 91' lang='grc' dir='ltr'><em>τε</em></span> <span class='ocrx_word' id='word_1_23' title='bbox 986 358 1061 402; x_wconf 86' lang='grc' dir='ltr'><em>καὶ</em></span> <span class='ocrx_word' id='word_1_24' title='bbox 1090 359 1117 415; x_wconf 83' lang='grc' dir='ltr'><strong><em>ἡ</em></strong></span> <span class='ocrx_word' id='word_1_25' title='bbox 1147 362 1281 411; x_wconf 76' lang='grc' dir='ltr'><em>ἵππος</em></span> <span class='ocrx_word' id='word_1_26' title='bbox 1309 360 1478 407; x_wconf 84' lang='grc' dir='ltr'><em>ἅπασα·</em></span> 
     </span>
     <span class='ocr_line' id='line_1_17' title="bbox 210 427 1480 489; baseline -0.003 -11"><span class='ocrx_word' id='word_1_27' title='bbox 210 434 320 478; x_wconf 84' lang='grc' dir='ltr'><em>κατὰ</em></span> <span class='ocrx_word' id='word_1_28' title='bbox 350 434 396 477; x_wconf 77' lang='grc' dir='ltr'><em>ὁὲ</em></span> <span class='ocrx_word' id='word_1_29' title='bbox 426 449 506 489; x_wconf 84' lang='grc' dir='ltr'><em>την</em></span> <span class='ocrx_word' id='word_1_30' title='bbox 534 430 645 484; x_wconf 82' lang='grc' dir='ltr'><em>πρὸς</em></span> <span class='ocrx_word' id='word_1_31' title='bbox 673 427 722 472; x_wconf 82' lang='grc' dir='ltr'><em>τό</em></span> <span class='ocrx_word' id='word_1_32' title='bbox 762 429 968 483; x_wconf 83' lang='grc' dir='ltr'><em>Αἰγαῖον,</em></span> <span class='ocrx_word' id='word_1_33' title='bbox 1008 428 1061 470; x_wconf 80' lang='grc' dir='ltr'><em>τὰ</em></span> <span class='ocrx_word' id='word_1_34' title='bbox 1093 427 1313 485; x_wconf 79' lang='grc' dir='ltr'><em>ὑποζύγια</em></span> <span class='ocrx_word' id='word_1_35' title='bbox 1346 431 1422 474; x_wconf 81' lang='grc' dir='ltr'><em>καὶ</em></span> <span class='ocrx_word' id='word_1_36' title='bbox 1454 433 1480 489; x_wconf 83' lang='grc' dir='ltr'><em>ἡ</em></span> 
     </span>
     <span class='ocr_line' id='line_1_18' title="bbox 181 496 1480 557; baseline 0 -14"><span class='ocrx_word' id='word_1_37' title='bbox 181 504 439 557; x_wconf 73' lang='grc' dir='ltr'><em>Ξθεραπηῖη.</em></span> <span class='ocrx_word' id='word_1_38' title='bbox 498 497 680 554; x_wconf 79' lang='grc' dir='ltr'><em>ἡγέοντο</em></span> <span class='ocrx_word' id='word_1_39' title='bbox 724 496 771 540; x_wconf 81' lang='grc' dir='ltr'><em>δὲ</em></span> <span class='ocrx_word' id='word_1_40' title='bbox 811 499 963 550; x_wconf 75' lang='grc' dir='ltr'><em>πρῶτα</em></span> <span class='ocrx_word' id='word_1_41' title='bbox 991 496 1071 553; x_wconf 81' lang='grc' dir='ltr'><em>μὲν</em></span> <span class='ocrx_word' id='word_1_42' title='bbox 1109 498 1155 540; x_wconf 87' lang='grc' dir='ltr'><em>οἱ</em></span> <span class='ocrx_word' id='word_1_43' title='bbox 1181 496 1336 553; x_wconf 80' lang='grc' dir='ltr'><em>μύριοι</em></span> <span class='ocrx_word' id='word_1_44' title='bbox 1368 500 1480 555; x_wconf 90' lang='grc' dir='ltr'><em>Πέρ-</em></span> 
     </span>
     <span class='ocr_line' id='line_1_19' title="bbox 212 563 1479 623; baseline -0.001 -9"><span class='ocrx_word' id='word_1_45' title='bbox 212 582 307 622; x_wconf 90' lang='grc' dir='ltr'><em>σαι,</em></span> <span class='ocrx_word' id='word_1_46' title='bbox 348 566 697 623; x_wconf 80' lang='grc' dir='ltr'><strong><em>ἐστεφανωμένοι</em></strong></span> <span class='ocrx_word' id='word_1_47' title='bbox 740 563 918 617; x_wconf 75' lang='grc' dir='ltr'><em>πάντες·</em></span> <span class='ocrx_word' id='word_1_48' title='bbox 956 565 1061 621; x_wconf 73' lang='grc' dir='ltr'><em>μετὰ</em></span> <span class='ocrx_word' id='word_1_49' title='bbox 1099 566 1146 610; x_wconf 90' lang='grc' dir='ltr'><em>δε</em></span> <span class='ocrx_word' id='word_1_50' title='bbox 1196 566 1406 620; x_wconf 77' lang='grc' dir='ltr'>τούτους,</span> <span class='ocrx_word' id='word_1_51' title='bbox 1455 569 1479 613; x_wconf 89' lang='grc' dir='ltr'><em>ὁ</em></span> 
     </span>
     <span class='ocr_line' id='line_1_20' title="bbox 211 632 1538 695; baseline -0.003 -12"><span class='ocrx_word' id='word_1_52' title='bbox 211 639 451 695; x_wconf 70' lang='grc' dir='ltr'><strong><em>σύμμικτος</em></strong></span> <span class='ocrx_word' id='word_1_53' title='bbox 491 632 673 687; x_wconf 80' lang='grc' dir='ltr'><em>στρατός</em></span> <span class='ocrx_word' id='word_1_54' title='bbox 711 636 934 678; x_wconf 82' lang='grc' dir='ltr'><em>παντοίων</em></span> <span class='ocrx_word' id='word_1_55' title='bbox 963 635 1145 679; x_wconf 77' lang='grc' dir='ltr'><em>ἐθνέων.</em></span> <span class='ocrx_word' id='word_1_56' title='bbox 1204 634 1370 693; x_wconf 77' lang='grc' dir='ltr'><em>ταύτην</em></span> <span class='ocrx_word' id='word_1_57' title='bbox 1400 637 1538 693; x_wconf 71' lang='grc' dir='ltr'><em>μὲνΞΟ</em></span> 
     </span>
     <span class='ocr_line' id='line_1_21' title="bbox 181 696 1488 763; baseline 0.002 -16"><span class='ocrx_word' id='word_1_58' title='bbox 181 706 293 763; x_wconf 81' lang='grc' dir='ltr'><em>3τὴν</em></span> <span class='ocrx_word' id='word_1_59' title='bbox 320 704 489 761; x_wconf 76' lang='grc' dir='ltr'><em>ἡμέρην</em></span> <span class='ocrx_word' id='word_1_60' title='bbox 507 696 644 746; x_wconf 80' lang='grc' dir='ltr'><em>οὗτοι.</em></span> <span class='ocrx_word' id='word_1_61' title='bbox 702 707 756 761; x_wconf 84' lang='grc' dir='ltr'><em>τῇ</em></span> <span class='ocrx_word' id='word_1_62' title='bbox 789 703 834 747; x_wconf 84' lang='grc' dir='ltr'><em>δὲ</em></span> <span class='ocrx_word' id='word_1_63' title='bbox 864 701 1098 761; x_wconf 77' lang='grc' dir='ltr'><em>ὑστεραίῃ,</em></span> <span class='ocrx_word' id='word_1_64' title='bbox 1132 708 1300 757; x_wconf 73' lang='grc' dir='ltr'><em>πρῶτοι</em></span> <span class='ocrx_word' id='word_1_65' title='bbox 1330 706 1410 761; x_wconf 80' lang='grc' dir='ltr'><em>μὲν</em></span> <span class='ocrx_word' id='word_1_66' title='bbox 1440 708 1488 750; x_wconf 78' lang='grc' dir='ltr'><em>οἳ</em></span> 
     </span>
     <span class='ocr_line' id='line_1_22' title="bbox 208 771 1483 829; baseline 0.002 -12"><span class='ocrx_word' id='word_1_67' title='bbox 208 790 254 817; x_wconf 89' lang='grc' dir='ltr'><em>τε</em></span> <span class='ocrx_word' id='word_1_68' title='bbox 281 771 471 826; x_wconf 83' lang='grc' dir='ltr'><em>ἱππόται,</em></span> <span class='ocrx_word' id='word_1_69' title='bbox 501 771 573 816; x_wconf 80' lang='grc' dir='ltr'><em>καὶ</em></span> <span class='ocrx_word' id='word_1_70' title='bbox 604 772 647 815; x_wconf 86' lang='grc' dir='ltr'><em>οἱ</em></span> <span class='ocrx_word' id='word_1_71' title='bbox 675 771 754 823; x_wconf 71' lang='grc' dir='ltr'><em>τάς</em></span> <span class='ocrx_word' id='word_1_72' title='bbox 771 771 929 829; x_wconf 78' lang='grc' dir='ltr'><em>λόγχας</em></span> <span class='ocrx_word' id='word_1_73' title='bbox 954 772 1071 816; x_wconf 79' lang='grc' dir='ltr'><em>κάτω</em></span> <span class='ocrx_word' id='word_1_74' title='bbox 1087 772 1342 829; x_wconf 82' lang='grc' dir='ltr'><em>τρέποντες·</em></span> <span class='ocrx_word' id='word_1_75' title='bbox 1371 774 1483 820; x_wconf 78' lang='grc' dir='ltr'><em>ἐστε-</em></span> 
     </span>
    </p>
   </div>
   <div class='ocr_carea' id='block_1_7' title="bbox 151 834 804 909">
    <p class='ocr_par' dir='ltr' id='par_1_7' title="bbox 151 834 804 909">
     <span class='ocr_line' id='line_1_23' title="bbox 151 834 804 909; baseline 0 -25"><span class='ocrx_word' id='word_1_76' title='bbox 151 890 159 909; x_wconf 72' lang='lat' dir='ltr'><em>s</em></span> <span class='ocrx_word' id='word_1_77' title='bbox 206 840 413 897; x_wconf 81' lang='grc' dir='ltr'><em>φοὶνωντο</em></span> <span class='ocrx_word' id='word_1_78' title='bbox 453 841 499 884; x_wconf 78' lang='grc' dir='ltr'><em>δὲ</em></span> <span class='ocrx_word' id='word_1_79' title='bbox 539 840 614 883; x_wconf 81' lang='grc' dir='ltr'><em>καὶ</em></span> <span class='ocrx_word' id='word_1_80' title='bbox 657 834 804 885; x_wconf 79' lang='grc' dir='ltr'><em>οὗτοι·</em></span> 
     </span>
    </p>
   </div>
   <div class='ocr_carea' id='block_1_8' title="bbox 863 841 1484 896">
    <p class='ocr_par' dir='ltr' id='par_1_8' title="bbox 863 841 1484 896">
     <span class='ocr_line' id='line_1_24' title="bbox 863 841 1484 896; baseline 0.011 -13"><span class='ocrx_word' id='word_1_81' title='bbox 863 841 968 896; x_wconf 79' lang='grc' dir='ltr'><em>μετὰ</em></span> <span class='ocrx_word' id='word_1_82' title='bbox 1009 842 1077 894; x_wconf 83' lang='grc' dir='ltr'><em>δὲ,</em></span> <span class='ocrx_word' id='word_1_83' title='bbox 1127 843 1175 886; x_wconf 80' lang='grc' dir='ltr'><em>οἵ</em></span> <span class='ocrx_word' id='word_1_84' title='bbox 1207 859 1250 886; x_wconf 91' lang='grc' dir='ltr'><em>τε</em></span> <span class='ocrx_word' id='word_1_85' title='bbox 1281 844 1408 888; x_wconf 83' lang='grc' dir='ltr'><em>ἵπποι</em></span> <span class='ocrx_word' id='word_1_86' title='bbox 1439 847 1484 890; x_wconf 89' lang='grc' dir='ltr'><em>οἱ</em></span> 
     </span>
    </p>
   </div>
   <div class='ocr_carea' id='block_1_9' title="bbox 177 907 1538 1172">
    <p class='ocr_par' dir='ltr' id='par_1_9' title="bbox 177 907 1538 1172">
     <span class='ocr_line' id='line_1_25' title="bbox 203 907 1482 968; baseline 0.003 -16"><span class='ocrx_word' id='word_1_87' title='bbox 203 910 311 964; x_wconf 87' lang='grc' dir='ltr'><em>ἱροὶ,</em></span> <span class='ocrx_word' id='word_1_88' title='bbox 346 910 422 953; x_wconf 82' lang='grc' dir='ltr'><em>καὶ</em></span> <span class='ocrx_word' id='word_1_89' title='bbox 448 907 498 953; x_wconf 84' lang='grc' dir='ltr'><em>τὸ</em></span> <span class='ocrx_word' id='word_1_90' title='bbox 528 908 649 965; x_wconf 76' lang='grc' dir='ltr'><em>ἅρμα</em></span> <span class='ocrx_word' id='word_1_91' title='bbox 677 908 727 952; x_wconf 88' lang='grc' dir='ltr'><em>τὸ</em></span> <span class='ocrx_word' id='word_1_92' title='bbox 760 908 884 965; x_wconf 90' lang='grc' dir='ltr'><em>ἱρόν·</em></span> <span class='ocrx_word' id='word_1_93' title='bbox 917 909 986 953; x_wconf 78' lang='grc' dir='ltr'><em>ἐπὶ</em></span> <span class='ocrx_word' id='word_1_94' title='bbox 1017 910 1084 963; x_wconf 79' lang='grc' dir='ltr'><em>δὲ,</em></span> <span class='ocrx_word' id='word_1_95' title='bbox 1131 908 1262 962; x_wconf 81' lang='grc' dir='ltr'><em>αὐτός</em></span> <span class='ocrx_word' id='word_1_96' title='bbox 1291 928 1335 956; x_wconf 90' lang='grc' dir='ltr'><em>τε</em></span> <span class='ocrx_word' id='word_1_97' title='bbox 1365 913 1482 968; x_wconf 79' lang='grc' dir='ltr'><em>Ξέρ-</em></span> 
     </span>
     <span class='ocr_line' id='line_1_26' title="bbox 204 976 1538 1037; baseline 0.002 -17"><span class='ocrx_word' id='word_1_98' title='bbox 204 979 279 1034; x_wconf 81' lang='grc' dir='ltr'><em>ξης</em></span> <span class='ocrx_word' id='word_1_99' title='bbox 308 977 382 1021; x_wconf 85' lang='grc' dir='ltr'><em>καὶ</em></span> <span class='ocrx_word' id='word_1_100' title='bbox 426 979 470 1021; x_wconf 83' lang='grc' dir='ltr'><em>οἱ</em></span> <span class='ocrx_word' id='word_1_101' title='bbox 511 976 800 1034; x_wconf 81' lang='grc' dir='ltr'><em>αἰχμοφόροι,</em></span> <span class='ocrx_word' id='word_1_102' title='bbox 847 978 922 1021; x_wconf 84' lang='grc' dir='ltr'><em>καὶ</em></span> <span class='ocrx_word' id='word_1_103' title='bbox 963 980 1007 1021; x_wconf 82' lang='grc' dir='ltr'><em>οἱ</em></span> <span class='ocrx_word' id='word_1_104' title='bbox 1045 978 1224 1023; x_wconf 82' lang='grc' dir='ltr'><em>ἱππόται</em></span> <span class='ocrx_word' id='word_1_105' title='bbox 1266 982 1310 1023; x_wconf 89' lang='grc' dir='ltr'><em>οἱ</em></span> <span class='ocrx_word' id='word_1_106' title='bbox 1337 984 1538 1037; x_wconf 75' lang='grc' dir='ltr'><em>χίλιοι.25</em></span> 
     </span>
     <span class='ocr_line' id='line_1_27' title="bbox 177 1045 1481 1106; baseline 0.005 -18"><span class='ocrx_word' id='word_1_107' title='bbox 177 1046 279 1091; x_wconf 82' lang='grc' dir='ltr'><em>4έπὶ</em></span> <span class='ocrx_word' id='word_1_108' title='bbox 311 1047 356 1090; x_wconf 82' lang='grc' dir='ltr'><em>δὲ</em></span> <span class='ocrx_word' id='word_1_109' title='bbox 385 1045 602 1099; x_wconf 80' lang='grc' dir='ltr'><em>τούτοισι,</em></span> <span class='ocrx_word' id='word_1_110' title='bbox 635 1045 658 1090; x_wconf 93' lang='grc' dir='ltr'>ὁ</span> <span class='ocrx_word' id='word_1_111' title='bbox 691 1045 820 1097; x_wconf 78' lang='grc' dir='ltr'><em>ἄλλος</em></span> <span class='ocrx_word' id='word_1_112' title='bbox 851 1046 1056 1100; x_wconf 59' lang='grc' dir='ltr'><em>στρατός*</em></span> <span class='ocrx_word' id='word_1_113' title='bbox 1088 1048 1162 1091; x_wconf 85' lang='grc' dir='ltr'><em>καὶ</em></span> <span class='ocrx_word' id='word_1_114' title='bbox 1194 1050 1240 1091; x_wconf 84' lang='grc' dir='ltr'><em>αἱ</em></span> <span class='ocrx_word' id='word_1_115' title='bbox 1261 1053 1362 1106; x_wconf 83' lang='grc' dir='ltr'><em>νῆες</em></span> <span class='ocrx_word' id='word_1_116' title='bbox 1392 1050 1481 1106; x_wconf 75' lang='grc' dir='ltr'><em>ἅμα</em></span> 
     </span>
     <span class='ocr_line' id='line_1_28' title="bbox 206 1113 1480 1172; baseline 0.004 -14"><span class='ocrx_word' id='word_1_117' title='bbox 206 1113 424 1172; x_wconf 72' lang='grc' dir='ltr'><em>ἀνήγοντο</em></span> <span class='ocrx_word' id='word_1_118' title='bbox 464 1116 507 1166; x_wconf 82' lang='grc' dir='ltr'><em>ές</em></span> <span class='ocrx_word' id='word_1_119' title='bbox 545 1115 624 1171; x_wconf 86' lang='grc' dir='ltr'><em>τὴν</em></span> <span class='ocrx_word' id='word_1_120' title='bbox 665 1113 940 1158; x_wconf 76' lang='grc' dir='ltr'><em>ἀπεναντίον.</em></span> <span class='ocrx_word' id='word_1_121' title='bbox 997 1113 1082 1171; x_wconf 81' lang='grc' dir='ltr'><em>ἤδη</em></span> <span class='ocrx_word' id='word_1_122' title='bbox 1124 1115 1171 1158; x_wconf 81' lang='grc' dir='ltr'><em>δὲ</em></span> <span class='ocrx_word' id='word_1_123' title='bbox 1199 1116 1374 1172; x_wconf 81' lang='grc' dir='ltr'><em>ἤκουσα</em></span> <span class='ocrx_word' id='word_1_124' title='bbox 1405 1120 1480 1162; x_wconf 84' lang='grc' dir='ltr'><em>καὶ</em></span> 
     </span>
    </p>
   </div>
   <div class='ocr_carea' id='block_1_10' title="bbox 5 1177 1818 1245">
    <p class='ocr_par' dir='ltr' id='par_1_10' title="bbox 5 1177 1818 1245">
     <span class='ocr_line' id='line_1_29' title="bbox 5 1177 1818 1245; baseline 0.003 -19"><span class='ocrx_word' id='word_1_125' title='bbox 5 1215 7 1217; x_wconf 94' lang='grc'>-</span> <span class='ocrx_word' id='word_1_126' title='bbox 73 1177 140 1226; x_wconf 82' lang='grc'><em>56</em></span> <span class='ocrx_word' id='word_1_127' title='bbox 204 1183 399 1228; x_wconf 80' lang='grc' dir='ltr'><em>ὕστατον</em></span> <span class='ocrx_word' id='word_1_128' title='bbox 429 1185 634 1240; x_wconf 83' lang='grc' dir='ltr'><em>διαβῆναι</em></span> <span class='ocrx_word' id='word_1_129' title='bbox 662 1183 843 1240; x_wconf 82' lang='grc' dir='ltr'><em>βασιλέα</em></span> <span class='ocrx_word' id='word_1_130' title='bbox 864 1180 1057 1226; x_wconf 73' lang='grc' dir='ltr'><em>πάντων.</em></span> <span class='ocrx_word' id='word_1_131' title='bbox 1117 1183 1278 1241; x_wconf 77' lang='grc' dir='ltr'><em>Ξέρξης</em></span> <span class='ocrx_word' id='word_1_132' title='bbox 1308 1185 1367 1236; x_wconf 77' lang='grc' dir='ltr'><em>δὲ,</em></span> <span class='ocrx_word' id='word_1_133' title='bbox 1389 1185 1480 1230; x_wconf 80' lang='grc' dir='ltr'><em>ἐπεί</em></span> <span class='ocrx_word' id='word_1_134' title='bbox 1538 1183 1818 1245; x_wconf 49' lang='grc' dir='ltr'><em>ξῗξξξίῗξςᾱξξῧὲῇ,</em></span> 
     </span>
    </p>
   </div>
   <div class='ocr_carea' id='block_1_11' title="bbox 204 1251 1802 1310">
    <p class='ocr_par' dir='ltr' id='par_1_11' title="bbox 204 1251 1802 1310">
     <span class='ocr_line' id='line_1_30' title="bbox 204 1251 1802 1310; baseline -0.003 -12"><span class='ocrx_word' id='word_1_135' title='bbox 204 1269 249 1298; x_wconf 85' lang='grc' dir='ltr'><em>τε</em></span> <span class='ocrx_word' id='word_1_136' title='bbox 278 1253 400 1310; x_wconf 82' lang='grc' dir='ltr'><em>διέβη</em></span> <span class='ocrx_word' id='word_1_137' title='bbox 430 1251 474 1302; x_wconf 79' lang='grc' dir='ltr'><em>ἐς</em></span> <span class='ocrx_word' id='word_1_138' title='bbox 503 1253 582 1308; x_wconf 85' lang='grc' dir='ltr'><em>τὴν</em></span> <span class='ocrx_word' id='word_1_139' title='bbox 602 1251 835 1308; x_wconf 78' lang='grc' dir='ltr'><em>Εὐρώπην,</em></span> <span class='ocrx_word' id='word_1_140' title='bbox 868 1251 1037 1308; x_wconf 79' lang='grc' dir='ltr'><em>ἐθηεῖτο</em></span> <span class='ocrx_word' id='word_1_141' title='bbox 1067 1251 1146 1296; x_wconf 81' lang='grc' dir='ltr'><em>τόν</em></span> <span class='ocrx_word' id='word_1_142' title='bbox 1175 1255 1364 1306; x_wconf 83' lang='grc' dir='ltr'><em>στρατὸν</em></span> <span class='ocrx_word' id='word_1_143' title='bbox 1391 1255 1478 1298; x_wconf 81' lang='grc' dir='ltr'><em>ὑπὸ</em></span> <span class='ocrx_word' id='word_1_144' title='bbox 1539 1259 1644 1290; x_wconf 63' lang='lat'><em>&#39;⁰⁹³⁰&#39;</em></span> <span class='ocrx_word' id='word_1_145' title='bbox 1668 1252 1749 1279; x_wconf 71' lang='lat'><em>¹¹³¹</em></span> <span class='ocrx_word' id='word_1_146' title='bbox 1753 1261 1802 1279; x_wconf 66' lang='lat' dir='ltr'><em>e·</em></span> 
     </span>
    </p>
   </div>
   <div class='ocr_carea' id='block_1_12' title="bbox 1538 1285 1818 1326">
    <p class='ocr_par' dir='ltr' id='par_1_12' title="bbox 1538 1285 1818 1326">
     <span class='ocr_line' id='line_1_31' title="bbox 1538 1285 1818 1326; baseline 0.011 -15"><span class='ocrx_word' id='word_1_147' title='bbox 1538 1285 1588 1312; x_wconf 86' lang='lat' dir='ltr'>rit.</span> <span class='ocrx_word' id='word_1_148' title='bbox 1628 1287 1649 1312; x_wconf 57' lang='grc' dir='ltr'><em>Ι</em></span> <span class='ocrx_word' id='word_1_149' title='bbox 1657 1295 1691 1312; x_wconf 78' lang='lat' dir='ltr'><em>nx</em></span> <span class='ocrx_word' id='word_1_150' title='bbox 1712 1287 1818 1326; x_wconf 65' lang='lat' dir='ltr'>l-lellc-</span> 
     </span>
    </p>
   </div>
   <div class='ocr_carea' id='block_1_13' title="bbox 203 1320 1774 1378">
    <p class='ocr_par' dir='ltr' id='par_1_13' title="bbox 203 1320 1774 1378">
     <span class='ocr_line' id='line_1_32' title="bbox 203 1320 1774 1378; baseline -0.001 -13"><span class='ocrx_word' id='word_1_151' title='bbox 203 1321 427 1378; x_wconf 52' lang='lat' dir='ltr'><em>fitfn&#39;ycov</em></span> <span class='ocrx_word' id='word_1_152' title='bbox 458 1322 759 1376; x_wconf 86' lang='grc' dir='ltr'><em>διαβαίνοντα.</em></span> <span class='ocrx_word' id='word_1_153' title='bbox 817 1320 938 1376; x_wconf 81' lang='grc' dir='ltr'><em>διέβη</em></span> <span class='ocrx_word' id='word_1_154' title='bbox 979 1321 1024 1364; x_wconf 80' lang='grc' dir='ltr'><em>δὲ</em></span> <span class='ocrx_word' id='word_1_155' title='bbox 1059 1320 1082 1364; x_wconf 88' lang='grc' dir='ltr'>ὁ</span> <span class='ocrx_word' id='word_1_156' title='bbox 1115 1322 1300 1376; x_wconf 85' lang='grc' dir='ltr'><em>στρατὸς</em></span> <span class='ocrx_word' id='word_1_157' title='bbox 1340 1322 1479 1367; x_wconf 78' lang='grc' dir='ltr'><em>αὐτοῦ</em></span> <span class='ocrx_word' id='word_1_158' title='bbox 1494 1321 1654 1371; x_wconf 68' lang='lat' dir='ltr'><em>30³P‘&gt;¹¹.t¹¹</em></span> <span class='ocrx_word' id='word_1_159' title='bbox 1675 1320 1774 1347; x_wconf 70' lang='lat'>‘¹0¹¹1·</span> 
     </span>
    </p>
   </div>
   <div class='ocr_carea' id='block_1_14' title="bbox 1538 1354 1817 1388">
    <p class='ocr_par' dir='ltr' id='par_1_14' title="bbox 1538 1354 1817 1388">
     <span class='ocr_line' id='line_1_33' title="bbox 1538 1354 1817 1388; baseline 0.011 -9"><span class='ocrx_word' id='word_1_160' title='bbox 1538 1362 1568 1388; x_wconf 73' lang='lat' dir='ltr'><em>gn</em></span> <span class='ocrx_word' id='word_1_161' title='bbox 1563 1359 1625 1380; x_wconf 78' lang='grc' dir='ltr'><em>νιιιι</em></span> <span class='ocrx_word' id='word_1_162' title='bbox 1651 1354 1817 1382; x_wconf 78' lang='lat' dir='ltr'>Persarum</span> 
     </span>
    </p>
   </div>
   <div class='ocr_carea' id='block_1_15' title="bbox 175 1387 1700 1719">
    <p class='ocr_par' dir='ltr' id='par_1_15' title="bbox 175 1387 1700 1654">
     <span class='ocr_line' id='line_1_34' title="bbox 202 1387 1700 1446; baseline 0.002 -14"><span class='ocrx_word' id='word_1_163' title='bbox 202 1390 250 1432; x_wconf 76' lang='grc' dir='ltr'><em>ἐν</em></span> <span class='ocrx_word' id='word_1_164' title='bbox 295 1387 400 1432; x_wconf 75' lang='grc' dir='ltr'><em>ἑπτὰ</em></span> <span class='ocrx_word' id='word_1_165' title='bbox 430 1387 616 1446; x_wconf 76' lang='grc' dir='ltr'><em>ἡμέρῃσι</em></span> <span class='ocrx_word' id='word_1_166' title='bbox 652 1389 726 1432; x_wconf 84' lang='grc' dir='ltr'><em>καὶ</em></span> <span class='ocrx_word' id='word_1_167' title='bbox 757 1389 802 1432; x_wconf 77' lang='grc' dir='ltr'><em>ἐν</em></span> <span class='ocrx_word' id='word_1_168' title='bbox 833 1388 938 1432; x_wconf 76' lang='grc' dir='ltr'><em>ἔπτὰ</em></span> <span class='ocrx_word' id='word_1_169' title='bbox 971 1387 1238 1446; x_wconf 79' lang='grc' dir='ltr'><em>εὐφρόνῃσι,</em></span> <span class='ocrx_word' id='word_1_170' title='bbox 1280 1390 1480 1442; x_wconf 77' lang='grc' dir='ltr'><em>ἐλινύσας</em></span> <span class='ocrx_word' id='word_1_171' title='bbox 1538 1391 1700 1423; x_wconf 81' lang='lat' dir='ltr'>apparatu.</span> 
     </span>
     <span class='ocr_line' id='line_1_35' title="bbox 175 1453 1483 1514; baseline 0.005 -17"><span class='ocrx_word' id='word_1_172' title='bbox 175 1453 376 1500; x_wconf 70' lang='grc' dir='ltr'><em>Ξοῦδένα</em></span> <span class='ocrx_word' id='word_1_173' title='bbox 396 1457 572 1512; x_wconf 86' lang='grc' dir='ltr'><em>χρόνον.</em></span> <span class='ocrx_word' id='word_1_174' title='bbox 628 1454 849 1500; x_wconf 80' lang='grc' dir='ltr'><em>Ἐνθαῦτα</em></span> <span class='ocrx_word' id='word_1_175' title='bbox 864 1457 1043 1512; x_wconf 83' lang='grc' dir='ltr'><em>λέγεται,</em></span> <span class='ocrx_word' id='word_1_176' title='bbox 1074 1458 1243 1514; x_wconf 80' lang='grc' dir='ltr'><em>Ξέρξεω</em></span> <span class='ocrx_word' id='word_1_177' title='bbox 1274 1457 1357 1514; x_wconf 78' lang='grc' dir='ltr'><em>ἤδη</em></span> <span class='ocrx_word' id='word_1_178' title='bbox 1381 1462 1483 1504; x_wconf 85' lang='grc' dir='ltr'><em>δια-</em></span> 
     </span>
     <span class='ocr_line' id='line_1_36' title="bbox 210 1523 1483 1585; baseline 0.003 -18"><span class='ocrx_word' id='word_1_179' title='bbox 210 1523 450 1580; x_wconf 79' lang='grc' dir='ltr'><em>βεβηκότος</em></span> <span class='ocrx_word' id='word_1_180' title='bbox 492 1525 571 1568; x_wconf 86' lang='grc' dir='ltr'><em>τὸν</em></span> <span class='ocrx_word' id='word_1_181' title='bbox 607 1523 948 1582; x_wconf 85' lang='grc' dir='ltr'><em>Ἑλλήσποντον,</em></span> <span class='ocrx_word' id='word_1_182' title='bbox 991 1526 1133 1580; x_wconf 78' lang='grc' dir='ltr'><em>ἄνδρα</em></span> <span class='ocrx_word' id='word_1_183' title='bbox 1171 1528 1307 1570; x_wconf 87' lang='grc' dir='ltr'><em>εἰπεῖν</em></span> <span class='ocrx_word' id='word_1_184' title='bbox 1331 1527 1483 1585; x_wconf 88' lang='grc' dir='ltr'><em>Ἑλλη-</em></span> 
     </span>
     <span class='ocr_line' id='line_1_37' title="bbox 205 1589 1480 1654; baseline 0.004 -19"><span class='ocrx_word' id='word_1_185' title='bbox 205 1590 441 1636; x_wconf 88' lang='grc' dir='ltr'><em>σπόντιον·</em></span> <span class='ocrx_word' id='word_1_186' title='bbox 472 1589 562 1646; x_wconf 48' lang='grc' dir='ltr'><em>,ῘΩ</em></span> <span class='ocrx_word' id='word_1_187' title='bbox 592 1598 701 1647; x_wconf 85' lang='grc' dir='ltr'><em>Ζεῦ,</em></span> <span class='ocrx_word' id='word_1_188' title='bbox 733 1595 775 1636; x_wconf 91' lang='grc' dir='ltr'><em>τί</em></span> <span class='ocrx_word' id='word_1_189' title='bbox 805 1593 857 1649; x_wconf 79' lang='grc' dir='ltr'><em>δὴ</em></span> <span class='ocrx_word' id='word_1_190' title='bbox 890 1592 1019 1648; x_wconf 79' lang='grc' dir='ltr'><em>ἀνδρὶ</em></span> <span class='ocrx_word' id='word_1_191' title='bbox 1059 1593 1285 1651; x_wconf 80' lang='grc' dir='ltr'><em>εἰδόμενος</em></span> <span class='ocrx_word' id='word_1_192' title='bbox 1316 1597 1480 1654; x_wconf 82' lang='grc' dir='ltr'><em>Πέρσῃ,</em></span> 
     </span>
    </p>

    <p class='ocr_par' dir='ltr' id='par_1_16' title="bbox 205 1659 1539 1719">
     <span class='ocr_line' id='line_1_38' title="bbox 205 1659 1539 1719; baseline 0.003 -15"><span class='ocrx_word' id='word_1_193' title='bbox 205 1661 310 1713; x_wconf 87' lang='grc' dir='ltr'><em>,,καὶ</em></span> <span class='ocrx_word' id='word_1_194' title='bbox 340 1659 515 1718; x_wconf 81' lang='grc' dir='ltr'><em>οὕνομα</em></span> <span class='ocrx_word' id='word_1_195' title='bbox 545 1661 642 1706; x_wconf 76' lang='grc' dir='ltr'><em>ἀντὶ</em></span> <span class='ocrx_word' id='word_1_196' title='bbox 673 1661 782 1714; x_wconf 85' lang='grc' dir='ltr'><em>Διὸς</em></span> <span class='ocrx_word' id='word_1_197' title='bbox 811 1662 976 1717; x_wconf 79' lang='grc' dir='ltr'><em>Ξέρξεα</em></span> <span class='ocrx_word' id='word_1_198' title='bbox 995 1662 1202 1719; x_wconf 82' lang='grc' dir='ltr'><em>θέμενος,</em></span> <span class='ocrx_word' id='word_1_199' title='bbox 1233 1663 1539 1710; x_wconf 75' lang='grc' dir='ltr'><em>ἀνάστατον35</em></span> 
     </span>
    </p>
   </div>
   <div class='ocr_carea' id='block_1_16' title="bbox 150 1855 822 2025">
    <p class='ocr_par' dir='ltr' id='par_1_17' title="bbox 150 1855 822 2025">
     <span class='ocr_line' id='line_1_39' title="bbox 158 1855 822 1909; baseline -0.002 -10"><span class='ocrx_word' id='word_1_200' title='bbox 158 1855 335 1907; x_wconf 88' lang='grc' dir='ltr'><em>Πόντου,</em></span> <span class='ocrx_word' id='word_1_201' title='bbox 355 1861 421 1896; x_wconf 85' lang='lat' dir='ltr'><em>ubi</em></span> <span class='ocrx_word' id='word_1_202' title='bbox 442 1872 537 1896; x_wconf 88' lang='lat' dir='ltr'><em>mox</em></span> <span class='ocrx_word' id='word_1_203' title='bbox 557 1855 659 1909; x_wconf 82' lang='grc' dir='ltr'><em>πρός</em></span> <span class='ocrx_word' id='word_1_204' title='bbox 679 1855 722 1898; x_wconf 78' lang='grc' dir='ltr'><em>τὰ</em></span> <span class='ocrx_word' id='word_1_205' title='bbox 744 1859 822 1898; x_wconf 84' lang='grc' dir='ltr'><em>Αἶ-</em></span> 
     </span>
     <span class='ocr_line' id='line_1_40' title="bbox 150 1915 820 1970; baseline -0.003 -14"><span class='ocrx_word' id='word_1_206' title='bbox 150 1920 280 1970; x_wconf 74' lang='grc' dir='ltr'><em>γαῖον,</em></span> <span class='ocrx_word' id='word_1_207' title='bbox 300 1917 402 1958; x_wconf 84' lang='lat' dir='ltr'>conf,</span> <span class='ocrx_word' id='word_1_208' title='bbox 430 1915 565 1955; x_wconf 79' lang='lat' dir='ltr'>Matth.</span> <span class='ocrx_word' id='word_1_209' title='bbox 597 1917 663 1953; x_wconf 86' lang='lat' dir='ltr'><em>Gr.</em></span> <span class='ocrx_word' id='word_1_210' title='bbox 694 1917 759 1954; x_wconf 87' lang='lat' dir='ltr'><em>Gr.</em></span> <span class='ocrx_word' id='word_1_211' title='bbox 781 1917 820 1962; x_wconf 73' lang='lat'><em>§-</em></span> 
     </span>
     <span class='ocr_line' id='line_1_41' title="bbox 151 1973 820 2025; baseline -0.006 -12"><span class='ocrx_word' id='word_1_212' title='bbox 151 1973 252 2017; x_wconf 82' lang='lat'><strong>591,</strong></span> <span class='ocrx_word' id='word_1_213' title='bbox 286 1988 319 2012; x_wconf 87' lang='lat' dir='ltr'><em>c.</em></span> <span class='ocrx_word' id='word_1_214' title='bbox 351 1989 388 2013; x_wconf 84' lang='grc' dir='ltr'><em>α.</em></span> <span class='ocrx_word' id='word_1_215' title='bbox 418 1986 507 2025; x_wconf 83' lang='lat' dir='ltr'>pag.</span> <span class='ocrx_word' id='word_1_216' title='bbox 531 1975 638 2014; x_wconf 85' lang='lat'>1180</span> <span class='ocrx_word' id='word_1_217' title='bbox 667 1980 704 2010; x_wconf 88' lang='lat' dir='ltr'>et</span> <span class='ocrx_word' id='word_1_218' title='bbox 723 1980 820 2013; x_wconf 88' lang='lat' dir='ltr'>nott.</span> 
     </span>
    </p>
   </div>
   <div class='ocr_carea' id='block_1_17' title="bbox 147 2028 408 2078">
    <p class='ocr_par' dir='ltr' id='par_1_18' title="bbox 147 2028 408 2078">
     <span class='ocr_line' id='line_1_42' title="bbox 147 2028 408 2078; baseline 0.004 -11"><span class='ocrx_word' id='word_1_219' title='bbox 147 2028 200 2067; x_wconf 69' lang='lat' dir='ltr'><em>ad</em></span> <span class='ocrx_word' id='word_1_220' title='bbox 228 2031 292 2078; x_wconf 80' lang='lat' dir='ltr'><em>w,</em></span> <span class='ocrx_word' id='word_1_221' title='bbox 317 2033 408 2071; x_wconf 83' lang='lat'><strong>122.</strong></span> 
     </span>
    </p>
   </div>
   <div class='ocr_carea' id='block_1_18' title="bbox 151 2083 824 2860">
    <p class='ocr_par' dir='ltr' id='par_1_19' title="bbox 151 2083 824 2860">
     <span class='ocr_line' id='line_1_43' title="bbox 206 2083 824 2139; baseline -0.003 -12"><span class='ocrx_word' id='word_1_222' title='bbox 206 2085 374 2139; x_wconf 71' lang='grc' dir='ltr'><em>’ἡγέοντο</em></span> <span class='ocrx_word' id='word_1_223' title='bbox 415 2084 458 2126; x_wconf 81' lang='grc' dir='ltr'><em>δὲ</em></span> <span class='ocrx_word' id='word_1_224' title='bbox 496 2087 634 2138; x_wconf 77' lang='grc' dir='ltr'><em>πρῶτα</em></span> <span class='ocrx_word' id='word_1_225' title='bbox 673 2083 746 2137; x_wconf 75' lang='grc' dir='ltr'><em>μὲν</em></span> <span class='ocrx_word' id='word_1_226' title='bbox 782 2085 824 2125; x_wconf 85' lang='grc' dir='ltr'><em>οἱ</em></span> 
     </span>
     <span class='ocr_line' id='line_1_44' title="bbox 152 2139 818 2197; baseline -0.006 -15"><span class='ocrx_word' id='word_1_227' title='bbox 152 2139 291 2196; x_wconf 75' lang='grc' dir='ltr'><em>μύριοι</em></span> <span class='ocrx_word' id='word_1_228' title='bbox 313 2142 494 2197; x_wconf 85' lang='grc' dir='ltr'><em>Πέρσαι]</em></span> <span class='ocrx_word' id='word_1_229' title='bbox 527 2142 641 2179; x_wconf 85' lang='lat' dir='ltr'>Haud</span> <span class='ocrx_word' id='word_1_230' title='bbox 660 2144 738 2180; x_wconf 87' lang='lat' dir='ltr'>scio</span> <span class='ocrx_word' id='word_1_231' title='bbox 769 2156 818 2179; x_wconf 82' lang='lat' dir='ltr'><em>au</em></span> 
     </span>
     <span class='ocr_line' id='line_1_45' title="bbox 151 2198 818 2253; baseline -0.003 -16"><span class='ocrx_word' id='word_1_232' title='bbox 151 2198 384 2248; x_wconf 80' lang='lat' dir='ltr'><em>Immortales,</em></span> <span class='ocrx_word' id='word_1_233' title='bbox 417 2202 483 2253; x_wconf 88' lang='lat' dir='ltr'><em>qui</em></span> <span class='ocrx_word' id='word_1_234' title='bbox 503 2207 700 2248; x_wconf 77' lang='lat' dir='ltr'>vocantur,</span> <span class='ocrx_word' id='word_1_235' title='bbox 730 2198 769 2236; x_wconf 92' lang='lat' dir='ltr'><em>h.</em></span> <span class='ocrx_word' id='word_1_236' title='bbox 791 2199 818 2237; x_wconf 91' lang='lat' dir='ltr'><em>l.</em></span> 
     </span>
     <span class='ocr_line' id='line_1_46' title="bbox 151 2256 818 2307; baseline 0.001 -14"><span class='ocrx_word' id='word_1_237' title='bbox 151 2257 313 2307; x_wconf 81' lang='lat' dir='ltr'>intelligi</span> <span class='ocrx_word' id='word_1_238' title='bbox 341 2256 524 2306; x_wconf 79' lang='lat' dir='ltr'>debeant,</span> <span class='ocrx_word' id='word_1_239' title='bbox 556 2257 692 2295; x_wconf 80' lang='lat' dir='ltr'>decem</span> <span class='ocrx_word' id='word_1_240' title='bbox 710 2257 818 2294; x_wconf 83' lang='lat' dir='ltr'>mille</span> 
     </span>
     <span class='ocr_line' id='line_1_47' title="bbox 152 2313 817 2367; baseline 0.002 -18"><span class='ocrx_word' id='word_1_241' title='bbox 152 2325 340 2360; x_wconf 88' lang='lat' dir='ltr'>numero,</span> <span class='ocrx_word' id='word_1_242' title='bbox 378 2313 548 2367; x_wconf 84' lang='lat' dir='ltr'>indeque</span> <span class='ocrx_word' id='word_1_243' title='bbox 593 2315 709 2351; x_wconf 84' lang='lat' dir='ltr'>etiam</span> <span class='ocrx_word' id='word_1_244' title='bbox 745 2327 817 2365; x_wconf 82' lang='lat' dir='ltr'><strong>ap·-</strong></span> 
     </span>
     <span class='ocr_line' id='line_1_48' title="bbox 153 2367 820 2420; baseline 0.009 -17"><span class='ocrx_word' id='word_1_245' title='bbox 153 2369 283 2419; x_wconf 80' lang='lat' dir='ltr'>pellati</span> <span class='ocrx_word' id='word_1_246' title='bbox 304 2368 345 2408; x_wconf 86' lang='grc' dir='ltr'><em>οἱ</em></span> <span class='ocrx_word' id='word_1_247' title='bbox 376 2367 512 2419; x_wconf 77' lang='grc' dir='ltr'><em>μύριοι</em></span> <span class='ocrx_word' id='word_1_248' title='bbox 541 2369 645 2420; x_wconf 86' lang='lat' dir='ltr'>(VII,</span> <span class='ocrx_word' id='word_1_249' title='bbox 669 2373 719 2411; x_wconf 80' lang='lat'><em>31</em></span> <span class='ocrx_word' id='word_1_250' title='bbox 750 2371 820 2409; x_wconf 85' lang='lat' dir='ltr'><em>fin.</em></span> 
     </span>
     <span class='ocr_line' id='line_1_49' title="bbox 153 2424 818 2478; baseline 0.005 -17"><span class='ocrx_word' id='word_1_251' title='bbox 153 2425 248 2476; x_wconf 83' lang='lat' dir='ltr'>ibiq.</span> <span class='ocrx_word' id='word_1_252' title='bbox 288 2424 391 2463; x_wconf 83' lang='lat' dir='ltr'>laud.</span> <span class='ocrx_word' id='word_1_253' title='bbox 429 2427 596 2464; x_wconf 82' lang='lat' dir='ltr'>Brissou.</span> <span class='ocrx_word' id='word_1_254' title='bbox 637 2429 695 2463; x_wconf 91' lang='lat' dir='ltr'>De</span> <span class='ocrx_word' id='word_1_255' title='bbox 734 2441 818 2478; x_wconf 82' lang='lat' dir='ltr'>reg.</span> 
     </span>
     <span class='ocr_line' id='line_1_50' title="bbox 157 2481 819 2534; baseline 0.006 -18"><span class='ocrx_word' id='word_1_256' title='bbox 157 2481 304 2517; x_wconf 80' lang='lat' dir='ltr'>Persar.</span> <span class='ocrx_word' id='word_1_257' title='bbox 331 2482 492 2532; x_wconf 82' lang='lat' dir='ltr'><strong>princip.</strong></span> <span class='ocrx_word' id='word_1_258' title='bbox 520 2484 550 2529; x_wconf 92' lang='grc' dir='ltr'><em>Ι,</em></span> <span class='ocrx_word' id='word_1_259' title='bbox 583 2481 708 2534; x_wconf 71' lang='grc'><em>191),</em></span> <span class='ocrx_word' id='word_1_260' title='bbox 747 2485 819 2521; x_wconf 82' lang='lat' dir='ltr'>uisi</span> 
     </span>
     <span class='ocr_line' id='line_1_51' title="bbox 158 2535 819 2590; baseline 0.005 -17"><span class='ocrx_word' id='word_1_261' title='bbox 158 2537 242 2589; x_wconf 89' lang='lat' dir='ltr'>quis</span> <span class='ocrx_word' id='word_1_262' title='bbox 272 2535 321 2574; x_wconf 92' lang='lat' dir='ltr'>de</span> <span class='ocrx_word' id='word_1_263' title='bbox 340 2539 383 2573; x_wconf 86' lang='lat' dir='ltr'><em>iis</em></span> <span class='ocrx_word' id='word_1_264' title='bbox 405 2537 539 2574; x_wconf 82' lang='lat' dir='ltr'>decem</span> <span class='ocrx_word' id='word_1_265' title='bbox 558 2539 662 2574; x_wconf 82' lang='lat' dir='ltr'>mille</span> <span class='ocrx_word' id='word_1_266' title='bbox 679 2541 819 2590; x_wconf 82' lang='lat' dir='ltr'>equiti-</span> 
     </span>
     <span class='ocr_line' id='line_1_52' title="bbox 159 2592 818 2645; baseline 0.003 -15"><span class='ocrx_word' id='word_1_267' title='bbox 159 2593 228 2630; x_wconf 91' lang='lat' dir='ltr'><em>bus</em></span> <span class='ocrx_word' id='word_1_268' title='bbox 258 2592 321 2631; x_wconf 81' lang='lat' dir='ltr'><em>hio</em></span> <span class='ocrx_word' id='word_1_269' title='bbox 352 2596 413 2644; x_wconf 81' lang='lat' dir='ltr'><em>agi</em></span> <span class='ocrx_word' id='word_1_270' title='bbox 433 2602 564 2645; x_wconf 81' lang='lat' dir='ltr'>putet,</span> <span class='ocrx_word' id='word_1_271' title='bbox 614 2596 679 2645; x_wconf 86' lang='lat' dir='ltr'><em>qui</em></span> <span class='ocrx_word' id='word_1_272' title='bbox 703 2608 818 2645; x_wconf 88' lang='lat' dir='ltr'>pom-</span> 
     </span>
     <span class='ocr_line' id='line_1_53' title="bbox 157 2650 821 2701; baseline 0.003 -14"><span class='ocrx_word' id='word_1_273' title='bbox 157 2662 248 2701; x_wconf 84' lang='lat' dir='ltr'><em>pam</em></span> <span class='ocrx_word' id='word_1_274' title='bbox 275 2651 488 2688; x_wconf 84' lang='lat' dir='ltr'>solemnem</span> <span class='ocrx_word' id='word_1_275' title='bbox 527 2650 745 2688; x_wconf 81' lang='lat' dir='ltr'>claudentes</span> <span class='ocrx_word' id='word_1_276' title='bbox 783 2659 821 2689; x_wconf 86' lang='lat' dir='ltr'>et</span> 
     </span>
     <span class='ocr_line' id='line_1_54' title="bbox 158 2707 822 2759; baseline 0.003 -17"><span class='ocrx_word' id='word_1_277' title='bbox 158 2707 325 2759; x_wconf 80' lang='lat' dir='ltr'>reliquae</span> <span class='ocrx_word' id='word_1_278' title='bbox 345 2709 478 2745; x_wconf 79' lang='lat' dir='ltr'>turbae</span> <span class='ocrx_word' id='word_1_279' title='bbox 503 2709 645 2744; x_wconf 80' lang='lat' dir='ltr'>mixtae</span> <span class='ocrx_word' id='word_1_280' title='bbox 666 2714 822 2745; x_wconf 79' lang='lat' dir='ltr'>antece-</span> 
     </span>
     <span class='ocr_line' id='line_1_55' title="bbox 156 2761 823 2811; baseline 0.002 -12"><span class='ocrx_word' id='word_1_281' title='bbox 156 2761 287 2801; x_wconf 84' lang='lat' dir='ltr'>dentes</span> <span class='ocrx_word' id='word_1_282' title='bbox 301 2771 652 2802; x_wconf 79' lang='lat' dir='ltr'>commemorantur</span> <span class='ocrx_word' id='word_1_283' title='bbox 662 2765 742 2811; x_wconf 83' lang='lat' dir='ltr'>Vll,</span> <span class='ocrx_word' id='word_1_284' title='bbox 753 2764 823 2805; x_wconf 83' lang='lat'><em>41.</em></span> 
     </span>
     <span class='ocr_line' id='line_1_56' title="bbox 157 2820 822 2860; baseline 0.003 -4"><span class='ocrx_word' id='word_1_285' title='bbox 157 2839 214 2846; x_wconf 78' lang='lat'><em>-—</em></span> <span class='ocrx_word' id='word_1_286' title='bbox 232 2820 291 2856; x_wconf 88' lang='lat' dir='ltr'>De</span> <span class='ocrx_word' id='word_1_287' title='bbox 306 2834 412 2860; x_wconf 82' lang='lat' dir='ltr'><em>curru</em></span> <span class='ocrx_word' id='word_1_288' title='bbox 428 2836 531 2860; x_wconf 80' lang='lat' dir='ltr'>sacro</span> <span class='ocrx_word' id='word_1_289' title='bbox 553 2821 653 2859; x_wconf 86' lang='lat' dir='ltr'>conf.</span> <span class='ocrx_word' id='word_1_290' title='bbox 666 2828 760 2858; x_wconf 86' lang='lat' dir='ltr'>nott.</span> <span class='ocrx_word' id='word_1_291' title='bbox 773 2820 822 2858; x_wconf 82' lang='lat' dir='ltr'><em>ad</em></span> 
     </span>
    </p>
   </div>
   <div class='ocr_carea' id='block_1_19' title="bbox 156 2875 327 2925">
    <p class='ocr_par' dir='ltr' id='par_1_20' title="bbox 156 2875 327 2925">
     <span class='ocr_line' id='line_1_57' title="bbox 156 2875 327 2925; baseline 0.006 -12"><span class='ocrx_word' id='word_1_292' title='bbox 156 2875 238 2925; x_wconf 86' lang='lat' dir='ltr'><em>VH,</em></span> <span class='ocrx_word' id='word_1_293' title='bbox 257 2875 327 2918; x_wconf 84' lang='lat'><em>40.</em></span> 
     </span>
    </p>
   </div>
   <div class='ocr_carea' id='block_1_20' title="bbox 876 1857 1544 2140">
    <p class='ocr_par' dir='ltr' id='par_1_21' title="bbox 876 1857 1543 2128">
     <span class='ocr_line' id='line_1_58' title="bbox 936 1857 1541 1916; baseline 0.005 -16"><span class='ocrx_word' id='word_1_294' title='bbox 936 1875 974 1900; x_wconf 93' lang='grc' dir='ltr'><em>οι</em></span> <span class='ocrx_word' id='word_1_295' title='bbox 984 1874 1024 1898; x_wconf 83' lang='grc' dir='ltr'><em>τε</em></span> <span class='ocrx_word' id='word_1_296' title='bbox 1042 1857 1207 1900; x_wconf 82' lang='grc' dir='ltr'><em>ἱππόται</em></span> <span class='ocrx_word' id='word_1_297' title='bbox 1219 1860 1287 1900; x_wconf 83' lang='grc' dir='ltr'><em>καὶ</em></span> <span class='ocrx_word' id='word_1_298' title='bbox 1300 1862 1342 1901; x_wconf 88' lang='grc' dir='ltr'><em>οἱ</em></span> <span class='ocrx_word' id='word_1_299' title='bbox 1356 1877 1427 1909; x_wconf 84' lang='grc' dir='ltr'><em>τας</em></span> <span class='ocrx_word' id='word_1_300' title='bbox 1448 1861 1541 1916; x_wconf 83' lang='grc' dir='ltr'><em>λόγ-</em></span> 
     </span>
     <span class='ocr_line' id='line_1_59' title="bbox 878 1913 1543 1968; baseline 0.005 -13.005"><span class='ocrx_word' id='word_1_301' title='bbox 878 1931 949 1967; x_wconf 78' lang='grc' dir='ltr'><em>χας</em></span> <span class='ocrx_word' id='word_1_302' title='bbox 968 1913 1074 1955; x_wconf 79' lang='grc' dir='ltr'><em>κοῖτω</em></span> <span class='ocrx_word' id='word_1_303' title='bbox 1098 1915 1324 1968; x_wconf 82' lang='grc' dir='ltr'><em>τρέποντες]</em></span> <span class='ocrx_word' id='word_1_304' title='bbox 1357 1919 1454 1956; x_wconf 87' lang='lat' dir='ltr'>Vide</span> <span class='ocrx_word' id='word_1_305' title='bbox 1476 1934 1543 1958; x_wconf 90' lang='lat' dir='ltr'><em>su-</em></span> 
     </span>
     <span class='ocr_line' id='line_1_60' title="bbox 876 1972 1543 2028; baseline 0.009 -19"><span class='ocrx_word' id='word_1_306' title='bbox 876 1987 945 2024; x_wconf 68' lang='lat' dir='ltr'><em>pta</em></span> <span class='ocrx_word' id='word_1_307' title='bbox 973 1975 1055 2020; x_wconf 84' lang='lat' dir='ltr'><em>Vll,</em></span> <span class='ocrx_word' id='word_1_308' title='bbox 1087 1972 1154 2013; x_wconf 85' lang='lat'><em>40.</em></span> <span class='ocrx_word' id='word_1_309' title='bbox 1176 1996 1230 2002; x_wconf 91' lang='lat'>—</span> <span class='ocrx_word' id='word_1_310' title='bbox 1278 1977 1322 2011; x_wconf 89' lang='lat' dir='ltr'><em>In</em></span> <span class='ocrx_word' id='word_1_311' title='bbox 1352 1976 1429 2013; x_wconf 87' lang='lat' dir='ltr'>fine</span> <span class='ocrx_word' id='word_1_312' title='bbox 1457 1990 1543 2028; x_wconf 79' lang='lat' dir='ltr'>cap.</span> 
     </span>
     <span class='ocr_line' id='line_1_61' title="bbox 879 2026 1544 2082; baseline 0.003 -12"><span class='ocrx_word' id='word_1_313' title='bbox 879 2026 1076 2082; x_wconf 77' lang='grc' dir='ltr'><em>οἷνήγοντο</em></span> <span class='ocrx_word' id='word_1_314' title='bbox 1116 2031 1217 2068; x_wconf 81' lang='lat' dir='ltr'>valet</span> <span class='ocrx_word' id='word_1_315' title='bbox 1260 2032 1462 2082; x_wconf 81' lang='lat' dir='ltr'>solverunt,</span> <span class='ocrx_word' id='word_1_316' title='bbox 1511 2048 1544 2073; x_wconf 87' lang='lat' dir='ltr'><em>s.</em></span> 
     </span>
     <span class='ocr_line' id='line_1_62' title="bbox 876 2086 1542 2140; baseline 0.006 -16"><span class='ocrx_word' id='word_1_317' title='bbox 876 2100 1009 2125; x_wconf 78' lang='lat' dir='ltr'><em>ancora</em></span> <span class='ocrx_word' id='word_1_318' title='bbox 1018 2086 1161 2124; x_wconf 66' lang='lat' dir='ltr'><em>soluta·</em></span> <span class='ocrx_word' id='word_1_319' title='bbox 1147 2100 1184 2124; x_wconf 81' lang='lat' dir='ltr'>m</span> <span class='ocrx_word' id='word_1_320' title='bbox 1198 2088 1311 2126; x_wconf 79' lang='lat' dir='ltr'>altum</span> <span class='ocrx_word' id='word_1_321' title='bbox 1328 2093 1438 2128; x_wconf 55' lang='lat' dir='ltr'>enecti</span> <span class='ocrx_word' id='word_1_322' title='bbox 1446 2095 1542 2140; x_wconf 74' lang='lat' dir='ltr'>sunt,</span> 
     </span>
    </p>
   </div>
   <div class='ocr_carea' id='block_1_21' title="bbox 874 2145 1543 2254">
    <p class='ocr_par' dir='ltr' id='par_1_22' title="bbox 874 2145 1543 2254">
     <span class='ocr_line' id='line_1_63' title="bbox 874 2145 1543 2200; baseline 0.007 -20"><span class='ocrx_word' id='word_1_323' title='bbox 874 2151 916 2181; x_wconf 84' lang='lat' dir='ltr'><em>ut</em></span> <span class='ocrx_word' id='word_1_324' title='bbox 936 2145 1097 2195; x_wconf 78' lang='lat' dir='ltr'>saepius.</span> <span class='ocrx_word' id='word_1_325' title='bbox 1112 2166 1163 2171; x_wconf 94' lang='lat'><strong>—</strong></span> <span class='ocrx_word' id='word_1_326' title='bbox 1185 2146 1261 2183; x_wconf 87' lang='lat' dir='ltr'><em>Pro</em></span> <span class='ocrx_word' id='word_1_327' title='bbox 1275 2147 1450 2200; x_wconf 79' lang='grc' dir='ltr'><em>βασιλῆα</em></span> <span class='ocrx_word' id='word_1_328' title='bbox 1471 2161 1543 2185; x_wconf 86' lang='lat' dir='ltr'>ex-</span> 
     </span>
     <span class='ocr_line' id='line_1_64' title="bbox 874 2199 1178 2254; baseline 0.007 -16"><span class='ocrx_word' id='word_1_329' title='bbox 874 2199 982 2238; x_wconf 81' lang='lat' dir='ltr'>hibui</span> <span class='ocrx_word' id='word_1_330' title='bbox 1002 2199 1178 2254; x_wconf 84' lang='grc' dir='ltr'><em>βασιλέα.</em></span> 
     </span>
    </p>
   </div>
   <div class='ocr_carea' id='block_1_22' title="bbox 1095 2325 1317 2377">
    <p class='ocr_par' dir='ltr' id='par_1_23' title="bbox 1095 2325 1317 2377">
     <span class='ocr_line' id='line_1_65' title="bbox 1095 2325 1317 2377; baseline 0.009 -15"><span class='ocrx_word' id='word_1_331' title='bbox 1095 2325 1188 2377; x_wconf 84' lang='lat' dir='ltr'>Cap.</span> <span class='ocrx_word' id='word_1_332' title='bbox 1219 2327 1317 2364; x_wconf 86' lang='lat' dir='ltr'>LVI.</span> 
     </span>
    </p>
   </div>
   <div class='ocr_carea' id='block_1_23' title="bbox 873 2423 1544 2818">
    <p class='ocr_par' dir='ltr' id='par_1_24' title="bbox 873 2423 1544 2818">
     <span class='ocr_line' id='line_1_66' title="bbox 930 2423 1544 2480; baseline 0.005 -14"><span class='ocrx_word' id='word_1_333' title='bbox 930 2423 1014 2466; x_wconf 69' lang='grc' dir='ltr'><em>’ὑπό</em></span> <span class='ocrx_word' id='word_1_334' title='bbox 1037 2428 1266 2480; x_wconf 80' lang='grc' dir='ltr'><em>μαστίγων]</em></span> <span class='ocrx_word' id='word_1_335' title='bbox 1299 2428 1386 2468; x_wconf 83' lang='lat' dir='ltr'><em>vid.</em></span> <span class='ocrx_word' id='word_1_336' title='bbox 1405 2429 1544 2469; x_wconf 78' lang='lat' dir='ltr'>Matth.</span> 
     </span>
     <span class='ocr_line' id='line_1_67' title="bbox 876 2484 1544 2537; baseline 0.016 -18"><span class='ocrx_word' id='word_1_337' title='bbox 876 2484 942 2520; x_wconf 84' lang='lat' dir='ltr'><em>Gr.</em></span> <span class='ocrx_word' id='word_1_338' title='bbox 973 2485 1040 2522; x_wconf 86' lang='lat' dir='ltr'><em>Gr.</em></span> <span class='ocrx_word' id='word_1_339' title='bbox 1072 2486 1107 2530; x_wconf 63' lang='grc' dir='ltr'><em>ξ.</em></span> <span class='ocrx_word' id='word_1_340' title='bbox 1149 2486 1232 2526; x_wconf 80' lang='lat'><em>592</em></span> <span class='ocrx_word' id='word_1_341' title='bbox 1259 2499 1350 2537; x_wconf 84' lang='lat' dir='ltr'>pag.</span> <span class='ocrx_word' id='word_1_342' title='bbox 1374 2488 1483 2529; x_wconf 88' lang='grc'>1185</span> <span class='ocrx_word' id='word_1_343' title='bbox 1506 2495 1544 2525; x_wconf 85' lang='lat' dir='ltr'><em>et</em></span> 
     </span>
     <span class='ocr_line' id='line_1_68' title="bbox 873 2540 1543 2589; baseline 0.012 -13"><span class='ocrx_word' id='word_1_344' title='bbox 873 2541 970 2577; x_wconf 83' lang='lat' dir='ltr'>nott.</span> <span class='ocrx_word' id='word_1_345' title='bbox 991 2540 1040 2578; x_wconf 84' lang='lat' dir='ltr'><em>ad</em></span> <span class='ocrx_word' id='word_1_346' title='bbox 1059 2542 1141 2589; x_wconf 87' lang='lat' dir='ltr'>VII,</span> <span class='ocrx_word' id='word_1_347' title='bbox 1163 2545 1230 2582; x_wconf 80' lang='lat'><em>22.</em></span> <span class='ocrx_word' id='word_1_348' title='bbox 1277 2545 1335 2580; x_wconf 91' lang='lat' dir='ltr'>De</span> <span class='ocrx_word' id='word_1_349' title='bbox 1355 2557 1452 2582; x_wconf 87' lang='lat' dir='ltr'>voce</span> <span class='ocrx_word' id='word_1_350' title='bbox 1475 2540 1543 2584; x_wconf 73' lang='lat' dir='ltr'><em>sv&#39;-</em></span> 
     </span>
     <span class='ocr_line' id='line_1_69' title="bbox 877 2592 1542 2648; baseline 0.002 -12"><span class='ocrx_word' id='word_1_351' title='bbox 877 2592 1011 2647; x_wconf 78' lang='grc' dir='ltr'><em>φρόνη</em></span> <span class='ocrx_word' id='word_1_352' title='bbox 1042 2598 1121 2636; x_wconf 75' lang='lat' dir='ltr'>dixi</span> <span class='ocrx_word' id='word_1_353' title='bbox 1151 2598 1199 2636; x_wconf 80' lang='lat' dir='ltr'><em>ad</em></span> <span class='ocrx_word' id='word_1_354' title='bbox 1227 2599 1309 2648; x_wconf 79' lang='lat' dir='ltr'>VII,</span> <span class='ocrx_word' id='word_1_355' title='bbox 1349 2603 1400 2641; x_wconf 77' lang='lat'><em>12</em></span> <span class='ocrx_word' id='word_1_356' title='bbox 1435 2608 1472 2637; x_wconf 84' lang='lat' dir='ltr'>et</span> <span class='ocrx_word' id='word_1_357' title='bbox 1493 2600 1542 2637; x_wconf 88' lang='lat' dir='ltr'>de</span> 
     </span>
     <span class='ocr_line' id='line_1_70' title="bbox 877 2649 1543 2707; baseline 0.003 -16"><span class='ocrx_word' id='word_1_358' title='bbox 877 2649 1061 2701; x_wconf 74' lang='grc' dir='ltr'><em>ἐλινύσας</em></span> <span class='ocrx_word' id='word_1_359' title='bbox 1081 2655 1129 2692; x_wconf 86' lang='lat' dir='ltr'><em>ad</em></span> <span class='ocrx_word' id='word_1_360' title='bbox 1154 2657 1185 2703; x_wconf 94' lang='grc' dir='ltr'><em>Ι,</em></span> <span class='ocrx_word' id='word_1_361' title='bbox 1207 2657 1274 2697; x_wconf 83' lang='grc'><em>67,</em></span> <span class='ocrx_word' id='word_1_362' title='bbox 1332 2656 1395 2693; x_wconf 89' lang='lat' dir='ltr'><em>Ad</em></span> <span class='ocrx_word' id='word_1_363' title='bbox 1426 2659 1543 2707; x_wconf 84' lang='lat' dir='ltr'>parti-</span> 
     </span>
     <span class='ocr_line' id='line_1_71' title="bbox 878 2707 1539 2761; baseline 0.008 -17"><span class='ocrx_word' id='word_1_364' title='bbox 878 2710 1021 2759; x_wconf 86' lang='lat' dir='ltr'>cipium</span> <span class='ocrx_word' id='word_1_365' title='bbox 1051 2707 1256 2761; x_wconf 79' lang='grc' dir='ltr'><em>εἰδόμενος</em></span> <span class='ocrx_word' id='word_1_366' title='bbox 1296 2714 1459 2760; x_wconf 69' lang='lat' dir='ltr'><em>(semilis)</em></span> <span class='ocrx_word' id='word_1_367' title='bbox 1499 2714 1539 2749; x_wconf 89' lang='lat' dir='ltr'><em>in</em></span> 
     </span>
     <span class='ocr_line' id='line_1_72' title="bbox 877 2769 1285 2818; baseline 0.023 -17"><span class='ocrx_word' id='word_1_368' title='bbox 877 2778 984 2818; x_wconf 85' lang='lat' dir='ltr'>seqq.</span> <span class='ocrx_word' id='word_1_369' title='bbox 1009 2769 1109 2806; x_wconf 83' lang='lat' dir='ltr'>conf.</span> <span class='ocrx_word' id='word_1_370' title='bbox 1130 2769 1194 2817; x_wconf 90' lang='lat' dir='ltr'><em>VI,</em></span> <span class='ocrx_word' id='word_1_371' title='bbox 1218 2771 1285 2809; x_wconf 84' lang='lat'><em>69.</em></span> 
     </span>
    </p>
   </div>
   <div class='ocr_carea' id='block_1_24' title="bbox 878 2823 1542 2929">
    <p class='ocr_par' dir='ltr' id='par_1_25' title="bbox 878 2823 1540 2918">
     <span class='ocr_line' id='line_1_73' title="bbox 935 2823 1540 2873; baseline 0 -13"><span class='ocrx_word' id='word_1_372' title='bbox 935 2836 1158 2864; x_wconf 87' lang='grc' dir='ltr'><em>αναστατον</em></span> <span class='ocrx_word' id='word_1_373' title='bbox 1177 2847 1231 2851; x_wconf 91' lang='lat'><em>——</em></span> <span class='ocrx_word' id='word_1_374' title='bbox 1251 2823 1450 2873; x_wconf 81' lang='grc' dir='ltr'><em>ποιῆσαι]</em></span> <span class='ocrx_word' id='word_1_375' title='bbox 1480 2825 1540 2860; x_wconf 91' lang='lat' dir='ltr'>De</span> 
     </span>
     <span class='ocr_line' id='line_1_74' title="bbox 878 2875 1542 2929; baseline 0.006 -16"><span class='ocrx_word' id='word_1_376' title='bbox 878 2875 950 2916; x_wconf 83' lang='lat' dir='ltr'><em>hac</em></span> <span class='ocrx_word' id='word_1_377' title='bbox 971 2880 1163 2918; x_wconf 78' lang='lat' dir='ltr'>locutione</span> <span class='ocrx_word' id='word_1_378' title='bbox 1183 2880 1271 2917; x_wconf 76' lang='lat' dir='ltr'>vide</span> <span class='ocrx_word' id='word_1_379' title='bbox 1293 2881 1404 2916; x_wconf 83' lang='lat' dir='ltr'>allata</span> <span class='ocrx_word' id='word_1_380' title='bbox 1426 2878 1474 2916; x_wconf 84' lang='lat' dir='ltr'><em>ad</em></span> <span class='ocrx_word' id='word_1_381' title='bbox 1494 2881 1542 2929; x_wconf 88' lang='lat' dir='ltr'><em>V,</em></span> 
     </span>
    </p>
   </div>
   <div class='ocr_carea' id='block_1_25' title="bbox 1162 2933 1264 2976">
    <p class='ocr_par' dir='ltr' id='par_1_26' title="bbox 1162 2933 1264 2976">
     <span class='ocr_line' id='line_1_75' title="bbox 1162 2933 1264 2976; baseline 0 0"><span class='ocrx_word' id='word_1_382' title='bbox 1162 2933 1264 2976; x_wconf 60' lang='lat'><em>34*</em></span> 
     </span>
    </p>
   </div>
  </div>
 </body>
</html>
