1897 3340
442 303 527 344 548

441 409 602 468 γμὲνας
630 408 773 466 ὀρθὰς
803 409 919 468 εἶχον
941 410 1197 465 πεπηγυίας,
1229 408 1492 466 ἀναξυρίδας
1522 410 1568 454 δὲ
1597 410 1709 454 ἐνδε-

718 478 821 530 τόξα
862 479 908 522 δὲ
950 477 1180 532 ἐπιχώρια,
1213 478 1286 520 καὶ
1318 478 1573 534 ἐγχειρίδια,
1602 478 1768 533 πρό935

446 479 636 523 δυ’κεσαν
648 495 659 506 ·

842 301 1312 339 HERODOTI

416 547 499 590 ὅδὲ
538 547 613 589 καὶ
654 545 803 599 οἷξίνας
837 542 1020 601 σαγάρις
1061 541 1188 599 εἶχον.
1248 544 1433 596 τούτους
1473 545 1521 589 δὲ
1563 544 1713 597 ἐόντας

444 613 637 664 Σκύθας
660 612 936 669 Ἀμυργίους,
966 609 1118 664 Σάκας
1147 611 1336 657 ἐκάλεον·
1367 613 1411 657 οἱ
1438 612 1522 671 γάρ
1546 613 1713 669 Πέρσαι

444 802 684 858 ἀναξυρίδας
703 804 745 846 δὲ
765 804 1048 856 ἐνδεδύκεσαν]

386 862 581 900 Mediceus
630 877 720 900 cum
769 862 917 901 duobus
968 865 1049 901 aliis

385 918 498 957 codd.
537 917 833 960 ἐνεδεδύκεσαν.
888 919 951 957 Ad
976 933 1049 959 vo-

384 988 471 1013 cem
495 971 738 1029 ἆναξυρίδας
758 977 859 1014 conf.
880 984 976 1015 nott.
998 976 1047 1014 ad

382 1033 449 1080 ΠΙ,
484 1035 552 1074 87·

440 1095 579 1147 αξίνας
610 1111 774 1151 σαγαρις
807 1096 940 1151 εἶχον]
973 1112 1044 1139 σα-

382 1171 498 1208 γαρις
518 1169 588 1207 pro
617 1157 710 1193 olim
729 1157 833 1207 vulg.
861 1152 1045 1210 σαγάρεις

381 1213 621 1249 Florentinus
644 1212 919 1264 suppeditabat.
969 1214 1043 1250 Vo-

382 1282 468 1306 cem
508 1265 657 1317 οἷξίνας,
698 1282 815 1321 quam
850 1268 1044 1308 Mediceus

343 1319 345 1322 ⁴
381 1326 523 1377 aliique
550 1326 634 1362 libri
653 1327 841 1374 retinent,
879 1339 900 1362 e
928 1325 1044 1364 scho-

380 1382 431 1419 lio
458 1383 498 1418 in
526 1388 676 1419 textum
703 1383 891 1434 irrepsisse
920 1384 1043 1434 suspi-

380 1445 485 1476 catus
507 1440 825 1490 eratWesseling.
839 1440 1043 1477 continuo-

380 1508 455 1547 que
472 1496 577 1532 illam
590 1496 698 1533 eiecit
708 1495 946 1535 Schaeferus.
963 1498 1044 1533 Ne—

379 1555 455 1604 que
469 1565 560 1589 vero
580 1553 699 1589 ullam
719 1565 872 1590 causam
893 1566 932 1590 se
951 1567 1042 1604 per-

377 1609 523 1658 spicere
538 1621 647 1659 posse
666 1610 717 1646 ait
738 1608 1042 1659 Schweighaeu-

377 1677 493 1712 serus‚
516 1678 582 1702 cur
603 1665 797 1702 Herodoto
819 1679 898 1702 non
917 1667 1040 1703 licue-

377 1721 425 1757 rit
443 1722 644 1772 peregrino
671 1722 832 1769 nomini,
854 1723 966 1773 quale
985 1729 1039 1759 est

377 1774 562 1830 σάγαρις,
595 1776 734 1814 addere
754 1779 946 1815 Graecum
965 1792 1038 1816 no-

375 1846 480 1880 men,
510 1840 552 1870 ut
571 1834 636 1882 III,
664 1836 713 1874 12
733 1832 1038 1887 πίλουςτιοῖρας.

374 1891 606 1940 Intelligitur
635 1897 766 1927 autem
812 1893 942 1928 securis
972 1904 1036 1928 ea·-

374 1959 450 1998 que
474 1948 652 1997 bipennis,
684 1948 839 1998 qualem
867 1949 1036 1985 Amazo-

372 2016 441 2040 nes
472 2002 648 2040 habuisse
678 2003 874 2052 feruntur,
905 2005 1036 2042 obser-

372 2066 487 2098 vante
520 2061 699 2110 Mongez.
735 2061 760 2099 Ι.
791 2061 816 2099 l.
849 2073 935 2111 pag.
968 2064 1035 2102 67.

370 2118 441 2156 68.
498 2117 581 2152 Alia
613 2117 692 2166 ipse
714 2115 802 2153 dedi
823 2116 871 2154 ad
889 2119 919 2164 I,
951 2118 1033 2160 215

370 2184 421 2208 ex
458 2179 564 2222 parte
594 2185 709 2221 nunc,
740 2175 892 2239 opinor,
913 2181 1035 2210 retra-

370 2227 522 2265 ctanda.
580 2228 692 2273 Quod
712 2231 827 2276 enim,
849 2243 965 2280 quem
980 2231 1033 2266 1b1

371 2284 496 2331 citavi,
513 2285 645 2322 Ritter.
667 2259 881 2321 Erdkulide
893 2287 927 2321 11
941 2298 1030 2336 pag.

369 2341 451 2379 789
472 2338 545 2376 hoc
565 2341 684 2376 telum
707 2340 811 2377 idem
831 2354 909 2377 esse
930 2343 1032 2377 arbi-

369 2401 499 2443 tratur,
522 2396 583 2432 cui
604 2395 705 2446 apud
735 2398 866 2433 Persas
885 2410 1028 2435 nomen

369 2453 531 2488 acinaces
552 2458 588 2488 et
619 2451 721 2502 apud
751 2454 924 2490 Saxones
954 2467 1028 2490 no-

367 2520 459 2544 men
481 2507 584 2556 Sax,
605 2509 769 2545 cultrum
789 2511 867 2549 scil.
889 2512 1030 2561 pugio-

368 2564 426 2601 nis
447 2563 494 2601 ad
506 2565 669 2601 formam
689 2567 936 2613 elaboratum,
958 2581 1027 2604 ve-

366 2633 452 2658 reor
472 2628 525 2669 ut,
547 2634 643 2673 quae
664 2623 761 2659 bene
781 2624 854 2660 sint
885 2623 1028 2660 discer-

366 2676 507 2726 nenda,
527 2678 667 2715 suerint
687 2680 855 2720 confusa.
896 2682 1027 2718 Istius-

366 2733 474 2771 modi
503 2735 606 2771 enim
636 2736 762 2772 cultris
782 2737 901 2786 magis
931 2750 1025 2773 con-

366 2792 521 2829 venient
540 2791 724 2828 Herodoti
745 2791 967 2843 ἐγχειρίδια.

420 2843 687 2901 Ἀμυργίους]
709 2850 763 2885 Ita
784 2850 1023 2887 Florentinus

364 2901 518 2942 exhibet
558 2905 653 2942 liber
682 2912 797 2958 atque
834 2904 1021 2957 Stephan.

1105 809 1200 858 Byz.
1221 821 1249 845 s.
1277 821 1314 845 v.
1334 820 1424 859 pag.
1454 810 1548 849 122.
1605 810 1650 845 In
1679 809 1766 845 Me-

1106 863 1215 901 diceo
1244 864 1341 902 libro
1362 866 1512 916 alioque
1533 871 1588 902 est
1607 865 1765 917 Αίμυρ-

1103 921 1215 971 γίους
1229 950 1238 967 ,
1282 922 1321 957 in
1352 922 1545 959 Sancrosti
1582 922 1677 958 libro
1719 933 1764 958 ac

1101 976 1216 1015 Vind.
1230 973 1498 1029 Εὕμυργίους.
1555 977 1654 1014 Cum
1675 978 1765 1029 qui-

1098 1034 1168 1070 bus
1191 1034 1375 1070 Gatterer.
1395 1035 1435 1069 iu
1447 1035 1677 1071 Commentt.
1699 1047 1764 1071 so-

1099 1090 1184 1128 ciet.
1206 1091 1312 1127 Gott.
1332 1091 1382 1127 T.
1393 1091 1482 1128 XIV
1503 1103 1577 1141 pag
1600 1094 1651 1131 12
1667 1103 1763 1127 cou-

1099 1146 1188 1183 ferri
1207 1147 1312 1183 iubet
1341 1147 1441 1184 Pliu.
1473 1149 1522 1184 H.
1551 1148 1596 1186 N.
1626 1147 1686 1184 VI.
1710 1148 1763 1186 19

1101 1203 1192 1252 (17)
1224 1204 1261 1248 ξ.
1297 1202 1350 1243 50
1372 1202 1420 1239 de
1447 1202 1599 1255 Scythis
1619 1204 1671 1240 ita
1700 1203 1763 1240 lo—

1101 1266 1309 1311 quentem:
1343 1261 1506 1307 „Persae
1532 1261 1615 1297 illos
1644 1260 1760 1297 Sacas

1098 1316 1138 1352 in
1155 1317 1373 1354 universum
1388 1317 1624 1367 appellavere
1637 1329 1658 1352 a
1668 1329 1762 1367 pro-

1097 1373 1203 1409 xima
1215 1379 1341 1423 gente,
1355 1375 1501 1425 antiqui
1512 1373 1760 1410 Aramaeos.“

1097 1430 1273 1481 Namque
1300 1430 1538 1481 Arymphaeos
1563 1431 1603 1466 in
1623 1428 1681 1467 his
1701 1430 1762 1466 la-

1096 1492 1176 1523 tere
1202 1487 1434 1536 suspicatur,
1464 1489 1530 1538 qui
1548 1486 1666 1523 iidem
1685 1487 1761 1523 sint

1098 1549 1211 1594 atque
1241 1542 1426 1580 Herodoti
1454 1543 1669 1594 Argippaei,
1710 1541 1759 1579 de

1100 1599 1236 1650 quibus
1257 1598 1337 1635 dixi
1363 1599 1411 1636 ad
1431 1601 1493 1648 IV,
1522 1602 1588 1649 23,
1609 1599 1658 1636 ad
1668 1599 1759 1636 Cal-

1096 1668 1322 1691 muccorum
1335 1663 1490 1705 gentem
1513 1657 1758 1706 pertinentes.

1094 1712 1125 1748 Ι,
1143 1711 1189 1747 de
1210 1713 1417 1749 Hammero
1435 1713 1607 1761 (Annall.
1620 1714 1756 1750 Vienn.

1093 1769 1150 1804 IX
1169 1780 1257 1818 pag.
1277 1767 1330 1808 43
1363 1770 1546 1806 Osmam..
1577 1770 1715 1808 Histor.
1737 1769 1756 1804 Ι

1093 1836 1182 1874 pag.
1208 1828 1224 1863 1
1251 1831 1286 1860 et
1303 1825 1404 1875 564)
1434 1826 1473 1861 in
1493 1825 1572 1862 Am
1559 1838 1675 1875 Jrgns
1701 1825 1757 1861 la-

1092 1887 1172 1917 tere
1204 1880 1379 1917 videntur
1410 1881 1522 1919 Turci
1546 1883 1576 1918 si
1597 1880 1755 1933 quidem

1092 1950 1161 1988 pro
1185 1932 1430 1990 Ἀμυργίους
1451 1939 1543 1974 ol'nn
1568 1938 1754 1975 exstitisse

1092 2000 1300 2031 statuamus
1333 1995 1571 2047 Τουργίους;
1602 1995 1642 2030 ἱιι
1674 2007 1751 2046 quo

1092 2051 1310 2103 obloquitur
1340 2050 1504 2088 Bohlen.
1538 2051 1565 2087 l.
1596 2051 1623 2088 l.
1659 2063 1751 2101 pag.

1092 2106 1157 2146 56·
1215 2106 1407 2158 Equidem
1434 2106 1473 2144 id
1502 2119 1623 2142 unum
1651 2106 1752 2143 adii-

1091 2164 1201 2210 ciam,
1223 2164 1496 2214 Amyrgiorum
1517 2161 1750 2213 Scytharum

1088 2218 1195 2255 sedes
1215 2232 1305 2255 sane
1350 2221 1390 2255 in
1427 2221 1471 2256 iis
1517 2220 1747 2272 regionibus,

1089 2287 1187 2326 quae
1208 2276 1427 2312 Tui-corum
1457 2276 1669 2326 primitivae
1690 2277 1749 2313 fe—

1088 2338 1222 2367 runtur
1250 2330 1370 2380 sedes,
1400 2334 1574 2380 (interra
1599 2331 1698 2370 Uzen
1716 2346 1749 2371 s.

1094 2386 1382 2436 Usbelcen)‚'olim
1401 2390 1513 2426 fuisse
1534 2387 1666 2426 videri.
1687 2389 1748 2431 Cf.

1084 2444 1217 2481 Ritter.
1247 2444 1460 2482 Erdkunde
1484 2446 1520 2482 11
1540 2458 1628 2496 pag.
1649 2447 1748 2487 597.

1085 2501 1292 2538 Creuzerns
1308 2509 1501 2552 praeterea
1516 2504 1655 2539 excitat
1665 2504 1747 2538 Ha-

1083 2556 1252 2594 macker.
1283 2559 1322 2595 in
1346 2559 1447 2596 Bibl.
1472 2560 1554 2600 crit.
1575 2571 1666 2598 nov.
1693 2559 1746 2596 lv

1081 2626 1170 2664 pag·
1190 2617 1285 2655 321

1139 2681 1181 2720 οἷ
1200 2697 1275 2734 γαρ
1299 2680 1452 2733 Πέρσαι
1476 2677 1628 2728 πάντας
1650 2696 1746 2730 τους

1082 2733 1252 2785 Σκύθας
1273 2737 1455 2777 καλέουσι
1480 2735 1645 2786 Σάκας]
1679 2739 1739 2777 Cf.

1079 2794 1254 2834 Eustath.
1268 2793 1482 2844 adDionys.
1496 2795 1630 2844 Perieg
1636 2794 1739 2835 .749

1079 2857 1114 2887 et
1125 2850 1201 2888 vid.
1215 2849 1370 2890 nott.ad
1390 2852 1455 2896 111,
1479 2852 1546 2891 93.
1577 2853 1739 2889 Rennel.

1077 2919 1163 2958 pag.
1186 2906 1267 2949 474
1288 2906 1387 2945 hanc
1417 2905 1650 2959 Scytharum
1670 2909 1739 2946 tri-

1767 417 1847 461 540
1896 449 1897 454 ,

1854 1522 1865 1565 ς
