1897 3340
272 543 338 588 85

72 607 279 643 Sagartiorum
291 621 298 637 :

401 225 486 265 566

401 332 622 388 παρείχετο
653 333 800 382 ἵππον,
830 330 940 376 ἀλλὰ
967 331 1123 375 τοσάδε
1153 334 1308 387 μοῦνα.

797 224 1258 261 HERODOTI

1371 331 1537 385 Πέρσαι
1570 333 1664 387 μὲν,

402 400 482 456 τὴν
509 399 646 455 αὐτὴν
676 399 984 455 ἐσκευασμένοι
1023 401 1097 443 καὶ
1127 398 1149 442 ὁ
1180 399 1302 452 πεζὸς
1343 399 1510 442 αὐτῶν·
1553 399 1666 455 πλὴν

399 467 468 511 ἐπὶ
496 471 594 523 τῇσι
623 471 838 523 κεφαλῇσι
864 465 980 523 εἶχον
1008 466 1269 523 μετεξέτεροι
1301 465 1446 520 αὐτῶν
1466 467 1538 509 καὶ
1567 467 1663 522 χάλ-

397 551 475 578 κεα
504 535 577 578 καὶ
607 533 786 590 σιδήρεα
817 535 1095 591 ἐξεληλαμένα
1123 534 1354 590 ποιήματα.
1404 535 1504 578 Εἰσὶ
1535 535 1580 578 δέ
1610 544 1698 579 ἰι-1

401 618 474 652 νες
503 599 690 656 νομάδες
719 602 951 656 ἅνθρωποι
981 602 1223 658 Σαγάρτιοι
1253 602 1520 657 καλεόμενοι,
1535 603 1665 655 ἔθνος

398 670 477 725 μὲν
514 668 740 723 Περσικόν
779 670 851 712 καὶ
885 674 1032 726 φωνῇ,
1065 670 1223 725 σκευήν
1257 670 1302 712 δὲ
1331 672 1488 724 μεταξὺ
1519 671 1666 727 ἔχουσι

398 737 695 791 πεποιημένην
734 740 809 791 τῆς
847 752 892 781 τε
926 741 1141 793 Περσικῆς
1178 738 1251 780 καὶ
1279 741 1356 791 τῆς
1389 741 1663 796 Πακτυϊκῆς·

401 806 443 848 οἳ
471 805 729 860 παρείχοντο
757 805 837 859 μὲν
867 806 1001 847 ἵππον
1030 802 1374 861 ὀκτακισχιλίην,
1403 806 1515 850 ὅπλα
1545 808 1590 850 δὲ
1609 807 1704 850 0135-

400 872 627 926 νομίζουσι
657 873 766 928 ἔχειν
796 872 896 916 οὔτε
925 871 1084 928 χάλκεα
1115 869 1217 914 οὔτε
1247 871 1448 927 σιδήρεα,
1489 874 1566 926 ἔξω
1601 875 1669 930 ἐγ-

380 946 402 978 2
414 941 644 995 χειριδίων.

353 1132 416 1183 ζὸς
446 1137 546 1174 conf.
577 1143 672 1176 nott.
711 1136 757 1173 ad
788 1138 870 1184 Vn,
891 1136 942 1177 41
978 1144 1014 1173 et

352 1191 399 1229 de
425 1194 628 1230 Persarum
647 1193 821 1244 peditum
843 1200 1015 1230 armatu-

351 1262 391 1285 ra
411 1250 492 1297 vn,
512 1252 578 1290 61.

341 1330 344 1335 -
390 1303 647 1356 ἐξεληλαμένα
659 1302 879 1356 ποιήματα]
894 1301 1014 1355 ποιή-

353 1377 455 1413 ματα
480 1375 584 1412 opera
620 1363 806 1399 intellexit
838 1362 1014 1399 Herodo—

351 1426 422 1466 tus,
445 1421 592 1470 opinor,
614 1419 740 1468 galeas
760 1420 820 1455 vel
841 1426 942 1456 certe
962 1420 1015 1455 si-

352 1476 444 1512 mile
464 1476 595 1526 capitis
607 1482 887 1526 tegumentum,
911 1474 1014 1525 quod

351 1532 490 1582 galeae.
513 1539 578 1568 aut
609 1531 740 1569 cassidi
771 1534 944 1584 quamvis
963 1533 1016 1568 si—

354 1588 456 1635 mile,
484 1589 644 1625 minime
676 1595 806 1625 tamen
836 1601 903 1640 pro
935 1590 1016 1638 ipsa

355 1645 464 1694 galea
484 1642 615 1681 haberi
635 1652 795 1695 poterat.
853 1647 1016 1683 wesse-

355 1701 492 1751 lingius
533 1702 680 1738 confert
708 1701 903 1739 Heliodor.
937 1702 1016 1737 Ae—

356 1755 474 1807 thiop.
496 1758 554 1793 IX
575 1758 683 1806 [15]
717 1770 806 1808 pag.
826 1757 904 1798 431
929 1770 1015 1808 pag.

357 1815 436 1853 369
464 1814 550 1850 Cor.
587 1813 847 1865 ἐξεληλαμένα
873 1827 1018 1851 vocan-

358 1877 442 1916 tur,
473 1882 571 1922 quae
601 1870 724 1907 malleo
754 1875 837 1907 sunt
865 1883 882 1907 e
916 1869 1018 1920 ferro

357 1925 480 1964 ducta.
560 1926 671 1964 Conf.
722 1928 760 1975 1,
801 1927 855 1968 50
891 1927 1019 1980 ibique

356 1989 452 2019 nott.

541 2072 633 2123 Cap.
653 2072 851 2109 Lxxxv.

416 2144 660 2200 Σαγάρτιοι]
682 2151 740 2186 De
751 2150 940 2199 Sagartiis
961 2158 1021 2188 at-

362 2206 430 2241 tuli
449 2206 639 2257 quaedam
651 2205 699 2243 ad
716 2207 745 2253 Ι,
760 2206 852 2246 125.
872 2208 938 2253 ΙΙΙ,
952 2208 1018 2245 93.

361 2263 466 2297 Bene
501 2269 629 2298 autem
667 2261 706 2298 h.
746 2275 793 2297 ex
822 2263 848 2299 l.
878 2263 1020 2310 colligit

362 2320 525 2353 nem-en.
550 2318 679 2355 ldeeu.
702 2324 773 2353 etc.
793 2318 822 2363 Ι,
848 2321 865 2357 1
892 2317 1020 2368 ρ.473

363 2374 554 2423 Sagartios
574 2386 649 2410 non
662 2374 892 2424 pastoritiam
905 2373 1021 2411 modo

361 2431 524 2478 tribum,
565 2429 630 2467 sed
651 2431 767 2466 etiam
788 2432 1022 2467 venatoriam

362 2487 498 2532 fuisse,
531 2499 625 2537 quae
649 2487 792 2522 bellum
813 2488 1022 2523 venationis

365 2542 409 2579 ad
432 2544 547 2578 instar
560 2556 690 2592 gerere
706 2545 953 2583 consueverit.
970 2567 1020 2572 —

368 2599 427 2635 Ad
441 2612 550 2636 usum
560 2600 663 2635 verbi
675 2599 847 2648 νομίζειν
867 2602 904 2636 in
917 2614 1024 2652 seqq.

367 2656 469 2693 conf.
489 2657 518 2703 1,
552 2658 642 2696 130.
664 2656 757 2696 215.
779 2657 840 2699 lv,
866 2659 957 2697 183.

425 2713 579 2766 σειρῇσι
605 2711 918 2766 πεπλεγμένῃσι]
947 2714 1025 2749 Ga-

369 2766 455 2805 leus‘
486 2768 586 2804 male
619 2770 812 2819 proposuit
865 2771 1024 2823 ζειρῇσι,

369 2838 458 2862 oum
478 2822 599 2876 ζειραὶ
620 2826 692 2862 siut
713 2827 882 2872 anu‘ctus,
905 2832 943 2861 ut
966 2827 1024 2862 vi-

705 941 916 997 χρέωνται
964 942 1010 984 δὲ
1051 942 1216 995 σειρῇσι
1259 940 1570 997 πεπλεγμένῃσι
1630 942 1671 993 ἐξ

1073 1134 1198 1172 dimus
1219 1133 1267 1171 ad
1287 1135 1368 1183 Vll,
1391 1136 1459 1176 75.
1520 1136 1620 1174 Sunt
1640 1150 1729 1174 vero

1072 1190 1197 1241 σειραὶ
1217 1194 1321 1228 restes
1337 1220 1347 1238 ‚
1373 1191 1484 1241 funes
1506 1205 1524 1230 e
1553 1193 1635 1230 loris
1651 1194 1731 1243 ple-

1069 1250 1127 1285 xis
1147 1247 1304 1298 consecti.
1345 1249 1490 1296 Exstat,
1512 1250 1732 1286 observante

1070 1305 1350 1354 VVesseiingio,
1413 1309 1585 1355 σειραῖος
1640 1303 1732 1357 ἱμὰς

1072 1360 1173 1411 apud
1197 1362 1341 1398 Polluc.
1360 1362 1391 1405 J,
1407 1361 1498 1409 148,
1529 1369 1565 1398 et
1587 1366 1733 1413 σειραῖ-

1073 1433 1114 1456 αι
1143 1416 1245 1468 apud
1265 1416 1418 1458 Philon.
1439 1417 1523 1455 Iud.
1544 1419 1734 1456 Vit.C0u-

1072 1475 1203 1525 templ.
1226 1488 1263 1524 p.
1275 1476 1355 1514 897
1376 1475 1424 1514 A.
1447 1476 1533 1512 coll.
1549 1476 1734 1514 Proverb.

1073 1531 1151 1568 Sal.
1173 1532 1216 1578 V,
1238 1534 1304 1571 22.
1361 1530 1423 1567 Ad
1441 1544 1575 1568 vocem
1591 1535 1735 1571 πεπλε-

1073 1585 1234 1640 γμένῃσι
1276 1587 1376 1623 conf.
1407 1588 1486 1636 vll,
1519 1591 1572 1629 63
1606 1590 1735 1640 ibique

1072 1650 1167 1680 nott.
1206 1644 1335 1692 ipsum
1354 1644 1552 1694 pugnandi
1574 1658 1735 1693 morem,

1076 1712 1192 1750 quem
1225 1700 1406 1749 Sagartiis
1439 1702 1574 1738 Noster
1593 1702 1734 1749 tribuit,

1076 1757 1310 1793 Sauromatis
1355 1755 1532 1794 adscribit
1573 1759 1736 1797 Pausau.

1074 1814 1103 1860 Ι,
1116 1815 1165 1852 21
1191 1813 1227 1857 §.
1242 1815 1280 1859 8,
1302 1811 1438 1849 eodem
1453 1820 1609 1850 notante
1618 1815 1737 1852 Wes-

1075 1869 1256 1919 selingio,
1297 1870 1362 1920 qui
1400 1871 1514 1906 etiam
1554 1870 1738 1909 Retiario-

1075 1939 1164 1972 rum,
1187 1927 1251 1976 qui
1273 1927 1402 1962 seriori
1412 1929 1643 1964 aetateinter
1657 1929 1737 1965 Ro-

1075 1995 1210 2018 manos
1230 1981 1456 2032 gladiatores
1465 1991 1737 2031 memorantur,

1077 2039 1313 2075 mentionem
1334 2040 1473 2077 iniecit.
1519 2041 1576 2075 De
1597 2041 1734 2091 quibus

1077 2094 1153 2131 vid.
1184 2096 1286 2144 Lips.
1316 2096 1470 2149 Saturn.
1500 2097 1547 2140 ΙΙ,
1568 2098 1593 2136 8
1614 2103 1650 2132 et
1670 2098 1736 2132 Iu-

1075 2151 1218 2188 venalis
1248 2151 1421 2200 interprr.
1451 2149 1499 2187 ad
1531 2153 1627 2200 vlu,
1656 2155 1736 2193 200

1075 2220 1181 2257 seqq.
1214 2207 1371 2256 Propius
1394 2206 1467 2243 huc
1488 2208 1596 2255 facit,
1633 2208 1736 2259 quod

1078 2263 1124 2298 ab
1153 2263 1180 2298 Ι.
1211 2262 1257 2297 de
1293 2265 1500 2300 Hammero
1522 2266 1559 2300 in
1582 2266 1736 2302 Annali,

1078 2319 1300 2355 Viennenss.
1320 2321 1367 2355 LI
1391 2333 1477 2370 pag.
1509 2320 1576 2361 34.
1599 2323 1650 2363 35
1681 2323 1738 2358 al-

1079 2376 1197 2410 latum
1219 2375 1341 2421 video,
1374 2377 1409 2412 in
1441 2378 1608 2413 carmine
1644 2380 1738 2415 Per-

1079 2433 1168 2477 sico,
1191 2433 1250 2467 cui
1272 2432 1737 2482 nomenSohahnahmeh,

1080 2489 1281 2524 Persarum
1311 2488 1445 2526 heroes
1472 2497 1655 2527 certantes
1684 2493 1739 2528 uti

1079 2545 1143 2581 tuli
1167 2546 1312 2595 laqueo,
1334 2560 1410 2598 quo
1423 2545 1652 2583 adversarios
1673 2560 1737 2584 ca-

1080 2603 1185 2651 piant
1200 2603 1401 2649 (vocantur
1412 2602 1603 2651 Kememl),·
1626 2605 1738 2640 item-

1081 2671 1155 2708 que
1178 2657 1279 2708 apud
1303 2658 1416 2695 ludos
1436 2660 1655 2696 sicariorum
1672 2662 1740 2696 tri-

1081 2715 1173 2750 bum
1212 2714 1405 2764 qufflidam
1436 2718 1637 2752 memorari
1666 2730 1739 2753 no-

1080 2772 1184 2806 mine
1206 2770 1424 2819 I’luansz'gar,
1446 2784 1466 2807 a
1486 2785 1579 2808 voce
1591 2772 1738 2819 Ploansi,

1080 2840 1178 2878 quae
1218 2828 1397 2880 laqueum
1437 2830 1558 2876 (uos:
1611 2828 1739 2878 Fung-
