1897 3340
433 182 518 223 894

827 183 1286 221 HERODOTI

397 298 401 301 '
433 292 536 341 τοῦ,
577 293 638 347 τῷ
668 288 837 345 οὔνομά
866 291 956 335 ἐστι
980 291 1248 345 Ἀρδέρικκα·
1278 290 1365 336 ἀπὸ
1395 291 1473 348 μὲν
1502 292 1690 337 Σούσων

433 356 539 401 δέκα
564 358 636 402 καὶ
660 360 911 414 διηκοσίους
928 361 1129 410 σταδίους
1158 360 1382 415 ἀπέχοντι,
1411 357 1691 414 τεσσεράκον-

430 441 486 468 τα
521 425 567 468 δὲ
607 423 692 469 ἀπὸ
733 431 811 469 τοῦ
849 427 1056 481 φρέατος,
1105 427 1154 470 τό
1194 428 1421 483 παρέχεται
1461 429 1694 483 τριφασίας

406 499 430 534 8
445 492 575 543 ἰδέας.
616 493 690 536 καὶ
709 494 791 548 γάρ
815 492 1042 548 ἄσφαλτον
1061 496 1133 538 καὶ
1163 495 1268 547 ἅλας
1285 496 1357 538 καὶ
1387 495 1533 538 ἔλαιον
1555 494 1691 550 ἀρύσ-

433 571 585 604 σονται
616 560 658 612 ἐξ
688 558 845 608 αὐτοῦ,
878 561 1025 618 τρόπῳ
1054 566 1218 622 τοιῷδε.
1267 563 1486 607 ἀντλέεται
1513 562 1592 618 μὲν
1619 579 1691 619 κη-
1703 566 1747 604 45

429 630 614 684 λονηΐῳ,
647 626 742 670 ἀντὶ
771 628 816 670 δὲ
836 633 1027 684 γαυλοῦ,
1059 630 1194 687 ἥμισυ
1225 631 1363 676 ἀσκοῦ
1393 634 1436 675 οἱ
1464 630 1693 684 προσδέδε-

431 712 524 739 ται·
555 693 787 745 ὑποτύψας
817 695 863 738 ὁὲ
891 697 1053 755 τούτῳ,

432 763 475 812 ές
514 760 748 816 δεξαμενήν
760 777 769 786 ·

1093 697 1259 743 ἀντλέει
1286 701 1356 743 καὶ
1389 700 1534 744 ἔπειτα
1561 696 1691 753 ἐγχέει

817 762 865 806 έκ
907 763 952 807 δὲ
989 764 1148 822 ταύτης
1176 767 1219 818 ἐς
1258 766 1363 810 ἄλλο
1398 765 1690 821 διαχεόμενον,

403 829 635 883 4τρέπεται
667 833 899 885 τριφασίας
929 831 1071 884 ὁδούς.
1109 833 1226 890 καὶὴ
1257 835 1335 888 μὲν
1364 832 1587 889 ἄσφαλτος
1616 833 1705 876 καὶ·

432 898 477 940 οἱ
506 895 604 947 ἅλες
633 896 877 952 πήγνυνται
904 902 1175 954 παραυτίκα,
1862 958 1863 963 ¹

428 975 557 1019 γουσι
586 965 632 1007 ἐν
654 962 863 1021 ἀγγείοις,
905 967 955 1011 τὸ
997 970 1042 1011 οἱ
1072 969 1240 1022 Πέρσαι
1278 969 1483 1012 καλέουσι
1512 967 1692 1022 ῥαδινά-
1748 966 1828 1009 494
1860 988 1865 1032 2

590 1032 677 1076 ἔστι
706 1034 752 1077 δὲ
795 1036 949 1090 μέλαν,
987 1036 1060 1079 καὶ
1103 1034 1245 1093 ὀδμὴν
1275 1036 1573 1091 παρεχόμενον
1613 1039 1692 1091 βα-

600 1097 821 1146 Ἐνθαῦτα
846 1102 951 1155 τούς
974 1102 1215 1161 Ἐρετριέας
1242 1105 1461 1148 κατοίκισε
1489 1104 1693 1160 βασιλεὺς

401 1038 423 1071 5
433 1045 534 1088 κην·

429 1115 548 1155 ρεαν.

372 1279 452 1304 των
483 1260 642 1316 ἀδικίης
677 1263 880 1318 προτέρων
927 1268 1029 1304 conf.

340 1329 343 1334 '
370 1323 434 1371 IV,
458 1324 479 1362 1
503 1329 539 1358 et
560 1321 606 1358 de
627 1321 797 1359 stathmis
826 1324 865 1359 in
893 1325 1032 1360 Persa-

370 1392 459 1415 rum
488 1391 607 1428 regno
635 1379 890 1426 v,52.1u
924 1393 1030 1432 seqq.

370 1433 537 1474 Bekker.
577 1449 645 1486 pro
675 1431 927 1484 ἀπαχθέντας
945 1450 1033 1473 ma-

369 1504 395 1529 v
399 1492 452 1528 ult
471 1492 616 1528 restitui
638 1487 899 1541 ἀναχθέντας.

426 1543 679 1598 Ἀρδέρικκα]
712 1549 915 1585 Fluctuant
933 1550 1033 1586 libri.

370 1604 448 1641 Nos
468 1606 660 1654 potiorum
681 1604 793 1643 codd.
825 1607 1032 1642 auctorita-

370 1667 450 1698 tem
471 1662 590 1697 secuti
608 1674 751 1698 sumus.
783 1661 934 1698 Eodem
957 1676 1032 1698 no-

370 1718 476 1753 mine
492 1718 598 1754 locus
620 1718 791 1769 quamvis
813 1717 979 1755 diversus
999 1720 1028 1765 Ι,

373 1774 466 1814 185.
500 1773 752 1811 Philostratus
772 1775 817 1811 V.
849 1775 975 1824 Apoll.
998 1777 1027 1822 I,

370 1828 425 1870 24
466 1831 698 1868 Eretrienses
749 1831 789 1866 in
827 1830 1032 1868 Medorum

370 1887 528 1936 regione
549 1889 709 1924 collocat
732 1888 844 1924 unius
866 1887 941 1925 diei
965 1889 1031 1925 iti-

370 1955 462 1979 nere
479 1944 569 1982 satis
588 1945 704 1994 longo
716 1957 737 1980 a
756 1945 954 1997 Babylone
967 1958 1030 1981 re-

369 2006 509 2036 motos.
548 2002 593 2036 In
621 2000 853 2051 Gordyenen
884 2002 1031 2038 Eretri-

371 2069 478 2092 enses
496 2058 692 2094 translatos
714 2071 792 2094 esse
801 2058 936 2095 Strabo
950 2065 1030 2094 tra-

371 2111 426 2149 dit
446 2113 536 2149 XVI
554 2127 591 2163 p.
616 2116 720 2153 1083
734 2115 780 2150 D.
802 2115 934 2154 s.747.
955 2115 1030 2151 Vix

372 2175 487 2205 recte.
509 2170 773 2219 Inscriptiones
787 2169 1029 2220 quaedam-in

367 2225 600 2262 Eretrienses
649 2227 846 2262 translatos
880 2227 1030 2262 Platoni

371 2293 471 2332 quae
481 2281 708 2327 tribuuntur,
727 2283 808 2326 lege
820 2283 866 2318 sis
883 2283 1031 2318 inAna-

369 2337 473 2374 lectt.
493 2344 584 2373 vett.
613 2344 731 2388 poett.
760 2341 916 2375 Graece.
945 2340 963 2374 1
991 2353 1029 2389 p.

373 2396 466 2433 173.
485 2395 616 2429 XXIII
637 2401 672 2430 et
706 2395 835 2430 XXlV
864 2395 915 2432 T.
945 2397 961 2431 1
990 2409 1029 2446 p.

373 2451 453 2490 107
483 2451 560 2486 Iac.
588 2471 645 2480 —
698 2452 758 2488 De
781 2451 899 2489 Cissz‘a
933 2459 1031 2488 terra

371 2506 474 2544 cons.
497 2508 561 2553 111,
584 2508 650 2546 91.

427 2563 639 2613 τριφασίας
670 2561 805 2612 ἰδέας]
845 2565 869 2603 i.
893 2578 927 2601 e.
959 2568 1027 2601 tres

373 2618 532 2657 diversas
565 2632 680 2658 rerum
711 2623 854 2671 species,
895 2628 936 2657 ut
964 2622 1027 2669 w,

374 2677 466 2715 108.
523 2677 616 2712 Mox
644 2690 664 2713 e
686 2678 851 2714 Florem.
873 2684 910 2714 et
932 2678 1027 2714 San-

370 2732 483 2769 crosti
509 2733 605 2770 libro
635 2732 877 2770 exhibuimus
907 2729 1028 2782 ἀρύσ-

369 2798 507 2829 σονται
528 2802 597 2842 pro
618 2785 849 2843 ἀρύσονται,
870 2804 947 2844 quo
967 2791 1027 2828 su-

1219 901 1268 945 τὸ
1306 901 1351 944 δὲ
1381 902 1528 945 ἔλαιον
1558 899 1748 944 συνά-50

1086 1274 1172 1305 turo
1191 1266 1378 1305 mendoso
1395 1296 1405 1314 ,
1433 1274 1476 1305 ut
1495 1268 1665 1319 putabat,
1685 1268 1747 1305 of-

1087 1324 1318 1361 fendebatur
1338 1324 1484 1373 Iacobs,
1515 1326 1659 1362 restitui
1688 1325 1750 1361 iu-

1088 1382 1180 1418 bens
1203 1375 1429 1430 ἀρύτονται.
1477 1380 1660 1418 Matthiae
1678 1379 1748 1418 de-

1089 1436 1143 1475 dit
1171 1433 1377 1488 ἀρύονται.
1442 1436 1506 1474 Ad
1545 1438 1748 1491 κηλονηΐῳ

1089 1494 1191 1531 conf.
1222 1501 1318 1531 nott.
1348 1492 1397 1530 ad
1416 1494 1446 1541 Ι,
1481 1496 1572 1543 193,
1601 1491 1749 1546 γαυλός

1089 1557 1144 1587 est
1173 1551 1302 1598 situla,
1332 1550 1528 1588 liaustrum.
1575 1550 1747 1602 φρέατος

1088 1602 1298 1658 ἀντλητήρ,
1332 1613 1374 1642 ut
1407 1607 1458 1643 ait
1477 1607 1600 1655 glossa
1619 1608 1746 1643 Hero-

1087 1662 1213 1702 dotea.
1273 1663 1359 1698 Alia
1395 1664 1551 1699 notione
1591 1664 1744 1700 inveni—

1085 1732 1170 1757 mus
1188 1720 1254 1766 111,
1277 1721 1369 1759 137.
1398 1717 1461 1755 Ad
1484 1731 1622 1756 vocem
1640 1717 1745 1758 ὕπο-

1085 1772 1218 1825 τύψας
1248 1774 1350 1812 conf.
1379 1782 1475 1811 nott.
1508 1774 1556 1812 ad
1575 1776 1640 1823 III,
1665 1777 1745 1816 130

1086 1839 1125 1868 et
1149 1831 1197 1868 ad
1219 1827 1439 1880 δεξαμενήν
1459 1832 1524 1878 ΙΙΙ,
1546 1832 1585 1871 9.
1643 1829 1748 1876 Add.

1085 1889 1235 1925 Aelian.
1247 1889 1293 1924 N.
1307 1888 1354 1927 A,
1368 1888 1518 1934 X11‚30
1530 1894 1567 1924 et
1579 1887 1628 1925 cf.
1641 1886 1749 1925 Bek-

1085 1944 1168 1981 ker.
1181 1943 1353 1982 Anecdd.
1364 1945 1427 1994 lp.
1433 1946 1498 1991 89,
1520 1944 1585 1980 ub1
1596 1956 1664 1994 pro
1687 1944 1750 1983 δε-

1085 1999 1280 2051 δεξαμένη
1300 1999 1509 2050 legendum
1539 1999 1748 2051 δεξαμένη.

1144 2053 1271 2108 συνά)
1277 2069 1365 2095 ουσι
1383 2056 1424 2095 ἐν
1452 2051 1648 2109 ἀγγείοις,
1679 2054 1746 2105 το]

1085 2114 1236 2151 Absunt
1266 2111 1338 2149 hae
1359 2125 1471 2149 voces
1502 2125 1524 2148 a
1555 2113 1747 2164 plerisque

1086 2169 1212 2217 codd„
1242 2182 1311 2219 pro
1331 2170 1464 2219 spuriis
1484 2167 1573 2205 inde
1594 2167 1747 2206 habitae

1087 2238 1108 2262 a
1130 2227 1337 2262 Gronovio.
1380 2223 1573 2277 Equidem
1595 2237 1655 2262 eas
1676 2224 1746 2262 de-

1086 2283 1164 2319 lere
1185 2283 1318 2319 nolim.
1339 2282 1405 2318 Est
1423 2294 1512 2319 vero
1530 2280 1604 2318 hoc
1617 2282 1747 2319 oleum

1087 2340 1119 2375 si
1151 2352 1240 2375 vela
1274 2337 1427 2375 tiadidit
1456 2340 1575 2386 mint,
1615 2339 1747 2376 Gallus

1085 2395 1281 2445 inteipres,
1312 2396 1484 2432 bitumen
1499 2424 1509 2443 ‚
1541 2393 1645 2446 quod
1664 2395 1748 2432 vul-

1085 2464 1136 2502 go
1167 2452 1312 2501 petrolei
1350 2451 1554 2500 (Steinoel)
1587 2452 1746 2488 nomine

1087 2510 1285 2557 cognitum
1315 2515 1352 2545 et
1382 2509 1428 2545 ab
1457 2506 1628 2558 asphalto
1648 2508 1746 2544 bene

1087 2564 1382 2602 discernendum
1419 2566 1459 2601 in
1489 2565 1600 2601 variis
1633 2564 1746 2601 Asiae.

1085 2623 1303 2671 regionibus
1323 2622 1508 2672 reperitur
1521 2649 1531 2668 ,
1573 2621 1746 2670 inprimis

1083 2679 1124 2715 in
1145 2677 1299 2715 Perside
1318 2691 1437 2729 prope
1464 2684 1604 2714 terram
1621 2675 1745 2724 Baku,

1084 2734 1133 2772 nd
1159 2736 1283 2786 Caspii
1310 2736 1425 2772 maris
1446 2746 1556 2770 oram
1589 2739 1626 2769 et
1645 2733 1743 2770 occi-

1085 2790 1279 2830 dentalem
1319 2798 1358 2830 et
1394 2790 1741 2843 septentrionalem,

1856 444 1861 504 l

1858 512 1862 555 l

1860 556 1861 588 l
