1897 3340
72 820 180 847 Audita
199 820 340 847 barbaro-

71 863 135 881 rum
147 854 341 888 strage,clas-

71 888 113 914 sis
132 888 318 915 Graecorum

70 922 264 948 Artemisium
281 930 328 947 rc-

94 955 345 1016 gtrixfatffivtfflfflfl
402 968 476 1002 τος
505 951 687 1006 ἐγένετο,
715 950 951 1007 ἐσήμαινον
979 951 1120 994 πάντα
1149 952 1201 995 τὰ
1228 951 1437 1008 γενόμενα
1460 953 1555 1007 περὶ
1574 951 1653 1008 τὴν

402 242 486 282 74⁰
807 239 1254 278 HERODOTI

399 365 443 392 τε
473 346 688 400 τούτοισι,
725 348 798 391 καὶ
835 351 891 405 τῇ
927 348 1025 392 Θέτι
1054 347 1125 391 καὶ
1154 350 1252 404 τῇσι
1280 349 1473 404 Νηρηΐσι
1508 346 1650 392 θύον-

398 431 485 468 τες,
521 415 715 459 ἔπαυσαν
749 414 929 471 τετάρτῃ
966 414 1132 471 ἡμέρῃ,
1173 415 1203 471 ἢ
1233 415 1371 466 ἄλλως
1401 431 1486 466 κως
1515 415 1706 468 αὐτὸςόο

370 481 564 526 3ἐθέλων
593 482 787 525 ἐκόπασε.
844 486 897 538 τῇ
918 482 963 525 δὲ
994 483 1091 526 Θέτι
1117 482 1264 535 ἔθυον,
1294 481 1536 538 πυθόμενοι
1564 497 1651 525 πα·-

398 550 456 604 ροὶ
493 553 580 592 τῶν
604 548 767 591 Ἰώνων
794 548 873 591 τόν
902 548 1058 603 λόγον,
1088 547 1147 601 ὥς
1177 551 1222 594 ἐκ
1251 554 1331 594 τοῦ
1368 549 1514 606 χώρου
1554 548 1658 593 τού·

398 633 478 659 του
521 615 761 670 ἁρπασθείη
800 614 889 658 ὑπό
922 615 1101 672 Πηλέος,
1141 619 1205 674 εἴη
1236 633 1278 661 τε
1311 617 1457 661 ἅπασα
1485 616 1512 673 ἡ
1543 615 1652 671 ἀκτὴ

401 682 425 739 ἡ
457 682 627 738 Σηπιοὶς
666 682 831 737 ἐκείνης
870 698 913 726 τε
947 683 1022 726 καὶ
1049 686 1136 725 τῶν
1170 682 1310 728 ἄλλων
1341 686 1595 740 Νηρηΐδων.
1626 682 1650 727 ὁ
1682 732 1687 734 ⁷

243 756 337 800 192
397 749 476 805 μὲν
507 749 558 804 δὴ
592 748 770 806 τετάρτῃ
799 748 936 806 ἡμέρῃ
965 749 1193 792 ἐπέπαυτο.

398 819 441 860 οἱ
469 816 762 872 ἡμεροσκόποι
792 814 877 860 ἀπὸ
905 819 992 860 τῶν
1021 815 1170 870 ἄκρων
1195 820 1282 860 τῶν
1307 818 1540 874 Εὐβοϊκῶν
1568 834 1652 860 κα-

1257 755 1379 794 Τοῖσι
1410 754 1454 794 δὲ
1472 750 1649 807 ’Έλλησι
1663 754 1707 790 55

401 883 693 939 ταδραμόντες
732 884 908 940 δευτέρῃ
937 883 1088 940 ἡμέρῃ,
1120 882 1187 927 ἀπ’
1218 879 1268 941 ἧς
1295 884 1319 928 ὁ
1350 885 1505 942 χειμών
1533 888 1652 939 πρῶ-

373 1020 630 1075 Ξναυηγίην.
689 1020 731 1063 οἱ
760 1019 818 1072 ὁὲ,
849 1017 906 1071 ὥς
928 1018 1158 1072 ἐπύθοντο,
1185 1019 1452 1064 Ποσειδέωνι
1480 1023 1655 1076 Σωτῆρι

345 1203 434 1258 μῳ]
475 1203 670 1252 „adhibitis
694 1205 843 1253 magicis
879 1205 1001 1241 incan-

344 1262 575 1298 tzztz'onz’bmf‘
618 1262 674 1297 lta
699 1259 1001 1310 Schweighaeu-

343 1330 447 1354 serus
494 1318 590 1354 bene
630 1329 792 1354 monens
830 1316 1001 1354 dativum

343 1375 399 1427 τῷ
433 1368 565 1427 οἷνέμῳ
608 1385 687 1410 non
721 1371 1001 1411 sollicitandum

345 1442 450 1478 esse3
471 1442 637 1481 namque
659 1427 707 1465 ad
727 1426 1001 1476 καταειδόντες

346 1498 390 1521 ea
409 1488 614 1533 structura,
645 1498 761 1537 quam
793 1484 841 1522 ad
870 1487 996 1533 V11,9

345 1543 463 1592 attigi,
492 1543 555 1578 ille
575 1543 750 1592 pertinet.
806 1544 886 1579 Nec
914 1554 997 1578 ma-

344 1599 400 1648 gis
431 1597 710 1634 sollicitandum
743 1605 835 1648 puto
875 1593 998 1649 γόησι,

345 1653 448 1705 quod
473 1667 561 1690 cum
583 1652 801 1704 Schweigh.
831 1655 996 1704 accipio:

339 1723 403 1760 per
436 1712 746 1760 praestigiatores,
781 1712 846 1762 qui
874 1710 1000 1746 forsan

346 1765 395 1803 ad
417 1767 574 1803 classem
587 1765 779 1818 quandam
799 1768 1001 1816 Magorum

348 1822 612 1874 pertinuerint.
634 1821 806 1860 Reiskius
817 1823 1004 1859 maluerat

343 1881 471 1932 χοῇσι,
519 1886 563 1915 ut
592 1879 638 1916 sit
672 1877 786 1929 factis
823 1879 1003 1916 libamini-

347 1935 410 1971 bus
443 1936 661 1972 incantantes
687 1939 844 1983 ventum3
882 1936 1003 1973 Wes-

347 1991 507 2041 selingio
528 2003 570 2028 ac
592 1990 825 2028 Schneidero
847 1992 886 2027 in
904 1993 1001 2029 Lex.

348 2048 482 2084 Graec.
521 2048 713 2097 placuerat
750 2043 881 2099 γόοισι
899 2049 936 2093 'j-
967 2061 1002 2085 e.

347 2116 448 2139 sacro
466 2103 622 2140 ululatu.
652 2103 843 2155 Equidem
862 2105 903 2140 in
914 2105 1002 2141 vul-

347 2165 433 2207 gata
455 2161 638 2210 acquievi,
669 2162 887 2210 praesertim
911 2173 1000 2196 cum

347 2215 549 2265 antiquitas
606 2216 732 2265 plures
790 2215 1000 2252 istiusmodi

345 2271 643 2319 praestigiatores
668 2272 780 2318 norit,
812 2272 876 2321 qui
905 2283 1001 2307 ven-

346 2331 403 2361 tos
460 2327 732 2375 compescuisse
788 2333 999 2371 narrantur,

346 2381 621 2430 Empedoclem
649 2395 686 2421 v.
723 2396 769 2427 ‹:.,
799 2382 903 2418 alios.
941 2382 999 2418 Cf.

349 2436 472 2473 Sturz.
513 2436 561 2473 ad
599 2437 821 2487 Empe-(loch
863 2437 999 2487 fragm.

346 2506 385 2543 p.
416 2492 485 2534 53.
555 2492 615 2529 Ad
651 2494 809 2530 verbum
843 2492 1000 2533 καταεί-

347 2549 430 2588 δειν
449 2550 650 2596 incantare,
686 2552 832 2586 occinere
864 2549 997 2589 valck.

344 2605 505 2642 conferri
536 2606 638 2642 iubet
669 2605 843 2656 Euripid.
872 2605 995 2656 lphig.

343 2662 463 2700 Taur.
506 2663 610 2702 1337
653 2669 766 2713 atque
817 2661 994 2714 Aeschyl.

349 2718 578 2766 Agamemn.
610 2717 726 2765 1427,
757 2719 918 2755 Pausan.
950 2720 996 2765 Π,

350 2775 401 2812 12
423 2774 459 2818 ξ.
485 2777 529 2821 1,
562 2774 627 2825 qui
653 2773 785 2810 eadem
816 2775 854 2810 in
888 2788 927 2811 re
958 2774 997 2814 ἐ-

348 2827 485 2881 πῳδὰς
517 2826 676 2884 ἐπᾴδειν
696 2830 803 2869 dixit.
832 2852 887 2857 —
936 2829 998 2867 Ad

1058 1204 1228 1244 dativum
1277 1201 1368 1244 Θέτι
1426 1203 1527 1241 conf.
1574 1201 1707 1243 Matth.

1057 1264 1121 1300 Gr.
1144 1263 1211 1299 Gr.
1232 1262 1269 1307 ξ.
1290 1263 1342 1302 80
1362 1267 1442 1297 not.
1463 1263 1490 1300 2
1509 1274 1546 1312 p.
1570 1262 1664 1301 179.

1112 1314 1142 1369 ἦ
1164 1315 1289 1363 ἄλλως
1307 1331 1386 1363 κως
1409 1312 1530 1363 αὐτὸς
1560 1314 1709 1355 ἐθέλων

1057 1371 1245 1422 ἐκόπασε]
1266 1374 1292 1409 i.
1309 1385 1342 1409 e.
1368 1373 1440 1410 alio
1452 1385 1518 1423 quo
1538 1372 1637 1410 modo
1649 1385 1711 1410 ac-

1057 1431 1165 1479 cidit,
1193 1433 1234 1467 ut
1258 1432 1374 1480 sponte
1393 1442 1459 1466 sua
1476 1428 1574 1466 velut
1595 1429 1711 1466 lassus

1054 1489 1299 1538 conquiesceret
1356 1488 1491 1523 ventus.
1566 1485 1711 1535 Tangit

1053 1543 1148 1581 haec
1175 1543 1371 1592 Longinus
1398 1543 1456 1578 De
1487 1542 1638 1579 sublim.
1670 1542 1710 1586 §.

1053 1598 1120 1647 42,
1140 1599 1190 1650 [Q
1220 1599 1286 1634 ubi
1307 1605 1361 1634 est
1380 1596 1577 1637 ἐκοπίασε.
1614 1597 1711 1635 Vul-

1054 1663 1186 1706 gatum
1207 1655 1303 1691 bene
1333 1661 1460 1691 tuetur
1479 1654 1712 1691 Grammati-

1056 1726 1121 1750 cus
1141 1713 1181 1748 in
1201 1708 1328 1748 Bekk.
1347 1708 1521 1747 Anecdd.
1542 1724 1579 1762 p.
1619 1708 1710 1758 104,

1056 1770 1109 1808 29
1132 1768 1301 1819 itemque
1335 1765 1543 1818 Abydenus
1571 1768 1610 1804 in
1630 1767 1711 1802 Eu-

1056 1825 1134 1861 seb.
1175 1825 1313 1874 Praep.
1354 1824 1426 1860 Ev.
1453 1823 1499 1869 V,
1541 1826 1593 1865 12
1623 1822 1710 1860 coll.

1056 1882 1206 1931 Evang.
1243 1877 1378 1916 Matth.
1407 1878 1512 1926 XIV,
1540 1882 1606 1927 32,
1645 1878 1711 1916 ubi

1055 1936 1134 1975 vid.
1153 1938 1346 1975 wetsten.
1376 1958 1426 1963 —-
1465 1936 1524 1972 De
1557 1934 1710 1987 Sepiade

1056 1993 1134 2033 vid.
1155 2000 1250 2031 nott.
1272 1991 1320 2029 ad
1334 1992 1415 2040 WI,
1440 1993 1532 2032 173.

1253 2083 1346 2132 Cap.
1365 2081 1514 2118 CXCII.

1113 2159 1154 2199 οἷ
1176 2153 1470 2210 ἡμεροσκόποι]
1510 2155 1594 2196 vid.
1627 2157 1708 2206 VII,

1061 2217 1138 2255 182
1169 2222 1205 2251 et
1237 2213 1283 2250 de
1305 2227 1397 2252 voce
1419 2210 1598 2261 οἷντίξοος
1612 2220 1709 2251 nott.

1058 2269 1106 2306 ad
1148 2271 1177 2317 I,
1223 2268 1312 2310 174.
1369 2270 1537 2307 Verbum
1565 2273 1710 2309 ναυλο-

1056 2324 1158 2376 χέειν
1178 2327 1283 2375 attigi
1309 2324 1357 2362 ad
1379 2325 1460 2374 VH,
1486 2328 1574 2367 189.
1619 2324 1711 2373 νέας

1058 2381 1118 2418 hic
1140 2381 1225 2418 dedi
1246 2383 1507 2419 Florentinum
1546 2389 1583 2419 et
1611 2395 1710 2435 qua-

1057 2445 1142 2475 tuor
1172 2439 1262 2475 alios
1293 2439 1405 2476 libros
1437 2446 1604 2483 secutus,
1640 2451 1708 2490 pro

1057 2496 1159 2545 vulg.
1181 2497 1292 2544 νῆας,
1314 2507 1410 2546 quae
1429 2495 1564 2544 forma,
1584 2501 1627 2531 ut
1637 2508 1710 2532 no-

1057 2558 1111 2588 tat
1141 2552 1290 2602 Apetz.,
1311 2563 1389 2588 non
1417 2553 1488 2588 nisi
1517 2565 1594 2589 uno
1623 2552 1708 2589 loco

1052 2608 1097 2654 V,
1121 2610 1171 2648 83
1194 2609 1231 2643 in
1264 2608 1440 2644 omnibus
1461 2606 1571 2646 codd.
1599 2608 1711 2645 inve-

1053 2664 1168 2701 uitur.
1226 2663 1304 2700 Sed
1325 2663 1401 2702 vid.
1430 2663 1528 2711 VIII,
1550 2666 1616 2704 23.
1639 2664 1709 2705 57.

1054 2722 1106 2759 60
1129 2721 1165 2765 ἓ.
1191 2723 1226 2759 1.
1248 2721 1313 2760 79.
1334 2723 1399 2760 70.
1421 2721 1487 2760 83.
1507 2741 1561 2746 -
1582 2720 1625 2755 In
1640 2719 1706 2759 fin.

1054 2788 1136 2826 cap.
1170 2775 1346 2825 νομίζειν
1368 2782 1442 2813 est:
1483 2777 1520 2813 in
1538 2788 1605 2813 usu
1623 2788 1707 2825 esse,

1054 2838 1094 2869 ut
1114 2832 1159 2879 V,
1181 2833 1248 2873 97.
1277 2831 1339 2880 IV,
1363 2833 1441 2873 183
1461 2845 1510 2869 ne
1531 2832 1652 2884 plura.

1874 708 1897 752 19
