<?xml version="1.0" encoding="UTF-8"?>
<!DOCTYPE html PUBLIC "-//W3C//DTD XHTML 1.0 Transitional//EN"
    "http://www.w3.org/TR/xhtml1/DTD/xhtml1-transitional.dtd">
<html xmlns="http://www.w3.org/1999/xhtml" xml:lang="en" lang="en">
 <head>
  <title>
</title>
<meta http-equiv="Content-Type" content="text/html;charset=utf-8" />
  <meta name='ocr-system' content='tesseract 3.04.00' />
  <meta name='ocr-capabilities' content='ocr_page ocr_carea ocr_par ocr_line ocrx_word'/>
</head>
<body>
  <div class='ocr_page' id='page_1' title='image "./musaeher03hero/musaeher03hero_0608.png"; bbox 0 0 1897 3340; ppageno 0'>
   <div class='ocr_carea' id='block_1_1' title="bbox 100 1140 320 1178">
    <p class='ocr_par' dir='ltr' id='par_1_1' title="bbox 100 1140 320 1178">
     <span class='ocr_line' id='line_1_1' title="bbox 100 1140 320 1178; baseline -0.014 -9"><span class='ocrx_word' id='word_1_1' title='bbox 100 1147 192 1178; x_wconf 69' lang='lat' dir='ltr'>atque</span> <span class='ocrx_word' id='word_1_2' title='bbox 208 1140 320 1176; x_wconf 78' lang='lat' dir='ltr'>Boges,</span> 
     </span>
    </p>
   </div>
   <div class='ocr_carea' id='block_1_2' title="bbox 99 1174 517 1270">
    <p class='ocr_par' dir='ltr' id='par_1_2' title="bbox 99 1174 517 1270">
     <span class='ocr_line' id='line_1_2' title="bbox 101 1174 515 1211; baseline -0.012 -8"><span class='ocrx_word' id='word_1_3' title='bbox 101 1175 274 1211; x_wconf 70' lang='lat' dir='ltr'><em>praefectus</em></span> <span class='ocrx_word' id='word_1_4' title='bbox 301 1174 373 1200; x_wconf 74' lang='lat' dir='ltr'>Eio-</span> <span class='ocrx_word' id='word_1_5' title='bbox 502 1201 515 1208; x_wconf 55' lang='grc'>,</span> 
     </span>
     <span class='ocr_line' id='line_1_3' title="bbox 99 1207 517 1253; baseline -0.007 -17"><span class='ocrx_word' id='word_1_6' title='bbox 99 1209 155 1248; x_wconf 72' lang='lat' dir='ltr'><em>nis.</em></span> <span class='ocrx_word' id='word_1_7' title='bbox 183 1210 249 1248; x_wconf 72' lang='lat' dir='ltr'>qu</span> <span class='ocrx_word' id='word_1_8' title='bbox 267 1207 313 1234; x_wconf 86' lang='lat' dir='ltr'><em>hic</em></span> <span class='ocrx_word' id='word_1_9' title='bbox 328 1207 373 1234; x_wconf 77' lang='lat' dir='ltr'><em>fa-</em></span> <span class='ocrx_word' id='word_1_10' title='bbox 430 1214 517 1253; x_wconf 85' lang='grc' dir='ltr'><em>μου</em></span> 
     </span>
     <span class='ocr_line' id='line_1_4' title="bbox 99 1242 371 1270; baseline -0.011 0"><span class='ocrx_word' id='word_1_11' title='bbox 99 1251 202 1270; x_wconf 84' lang='lat' dir='ltr'>cmore</span> <span class='ocrx_word' id='word_1_12' title='bbox 222 1242 371 1268; x_wconf 77' lang='lat' dir='ltr'>inclarue—</span> 
     </span>
    </p>
   </div>
   <div class='ocr_carea' id='block_1_3' title="bbox 431 213 514 252">
    <p class='ocr_par' dir='ltr' id='par_1_3' title="bbox 431 213 514 252">
     <span class='ocr_line' id='line_1_5' title="bbox 431 213 514 252; baseline 0.012 -1"><span class='ocrx_word' id='word_1_13' title='bbox 431 213 514 252; x_wconf 68' lang='lat'><em>594</em></span> 
     </span>
    </p>
   </div>
   <div class='ocr_carea' id='block_1_4' title="bbox 843 208 1296 246">
    <p class='ocr_par' dir='ltr' id='par_1_4' title="bbox 843 208 1296 246">
     <span class='ocr_line' id='line_1_6' title="bbox 843 208 1296 246; baseline -0.004 0"><span class='ocrx_word' id='word_1_14' title='bbox 843 208 1296 246; x_wconf 78' lang='lat' dir='ltr'>IIERODOTI</span> 
     </span>
    </p>
   </div>
   <div class='ocr_carea' id='block_1_5' title="bbox 430 314 1690 374">
    <p class='ocr_par' dir='ltr' id='par_1_5' title="bbox 430 314 1690 374">
     <span class='ocr_line' id='line_1_7' title="bbox 430 314 1690 374; baseline -0.003 -11"><span class='ocrx_word' id='word_1_15' title='bbox 430 335 519 363; x_wconf 83' lang='grc' dir='ltr'><em>των</em></span> <span class='ocrx_word' id='word_1_16' title='bbox 556 318 688 369; x_wconf 81' lang='grc' dir='ltr'><strong><em>ὅσους</em></strong></span> <span class='ocrx_word' id='word_1_17' title='bbox 723 317 950 374; x_wconf 87' lang='grc' dir='ltr'><em>κατέστησε</em></span> <span class='ocrx_word' id='word_1_18' title='bbox 991 317 1122 369; x_wconf 83' lang='grc' dir='ltr'><em>αὐτὸς</em></span> <span class='ocrx_word' id='word_1_19' title='bbox 1161 316 1190 373; x_wconf 81' lang='grc' dir='ltr'><em>ἢ</em></span> <span class='ocrx_word' id='word_1_20' title='bbox 1230 321 1416 371; x_wconf 87' lang='grc' dir='ltr'><em>Δαρεῖος</em></span> <span class='ocrx_word' id='word_1_21' title='bbox 1445 314 1690 372; x_wconf 80' lang='grc' dir='ltr'><em>ὑπάρχους·</em></span> 
     </span>
    </p>
   </div>
   <div class='ocr_carea' id='block_1_6' title="bbox 404 385 1410 508">
    <p class='ocr_par' dir='ltr' id='par_1_6' title="bbox 404 385 1410 508">
     <span class='ocr_line' id='line_1_8' title="bbox 429 385 1111 442; baseline -0.001 -11"><span class='ocrx_word' id='word_1_22' title='bbox 429 387 642 442; x_wconf 83' lang='grc' dir='ltr'><strong><em>πέμπεσκε</em></strong></span> <span class='ocrx_word' id='word_1_23' title='bbox 681 386 727 429; x_wconf 79' lang='grc' dir='ltr'><em>δὲ</em></span> <span class='ocrx_word' id='word_1_24' title='bbox 759 385 846 429; x_wconf 78' lang='grc' dir='ltr'><em>ἀνὰ</em></span> <span class='ocrx_word' id='word_1_25' title='bbox 874 391 962 429; x_wconf 87' lang='grc' dir='ltr'><em>πᾶν</em></span> <span class='ocrx_word' id='word_1_26' title='bbox 993 387 1111 437; x_wconf 81' lang='grc' dir='ltr'><em>ἔτος·</em></span> 
     </span>
     <span class='ocr_line' id='line_1_9' title="bbox 404 452 1410 508; baseline -0.003 -12"><span class='ocrx_word' id='word_1_27' title='bbox 404 452 462 498; x_wconf 79' lang='grc'><strong>26</strong></span> <span class='ocrx_word' id='word_1_28' title='bbox 495 454 658 507; x_wconf 82' lang='grc' dir='ltr'><em>Ξέρξεω</em></span> <span class='ocrx_word' id='word_1_29' title='bbox 687 459 798 496; x_wconf 89' lang='grc' dir='ltr'><em>τοῖσι</em></span> <span class='ocrx_word' id='word_1_30' title='bbox 829 455 1150 508; x_wconf 82' lang='grc' dir='ltr'><em>,Μασκαμείοισι</em></span> <span class='ocrx_word' id='word_1_31' title='bbox 1181 452 1410 507; x_wconf 82' lang='grc' dir='ltr'><em>ἐκγόνοισι.</em></span> 
     </span>
    </p>
   </div>
   <div class='ocr_carea' id='block_1_7' title="bbox 1147 382 1747 493">
    <p class='ocr_par' dir='ltr' id='par_1_7' title="bbox 1147 382 1747 493">
     <span class='ocr_line' id='line_1_10' title="bbox 1147 382 1692 439; baseline -0.006 -11"><span class='ocrx_word' id='word_1_32' title='bbox 1147 384 1204 435; x_wconf 75' lang='grc' dir='ltr'><em>ὥς</em></span> <span class='ocrx_word' id='word_1_33' title='bbox 1235 384 1280 427; x_wconf 80' lang='grc' dir='ltr'><em>δὲ</em></span> <span class='ocrx_word' id='word_1_34' title='bbox 1311 384 1383 426; x_wconf 88' lang='grc' dir='ltr'><em>καὶ</em></span> <span class='ocrx_word' id='word_1_35' title='bbox 1415 382 1692 439; x_wconf 76' lang='grc' dir='ltr'><strong><em>Ἀρταξέρξης</em></strong></span> 
     </span>
     <span class='ocr_line' id='line_1_11' title="bbox 1478 451 1747 493; baseline -0.007 0"><span class='ocrx_word' id='word_1_36' title='bbox 1478 451 1747 493; x_wconf 82' lang='grc' dir='ltr'><em>Κατέστα-ὃο</em></span> 
     </span>
    </p>
   </div>
   <div class='ocr_carea' id='block_1_8' title="bbox 400 517 1744 916">
    <p class='ocr_par' dir='ltr' id='par_1_8' title="bbox 400 517 1744 916">
     <span class='ocr_line' id='line_1_12' title="bbox 433 517 1691 576; baseline -0.005 -10"><span class='ocrx_word' id='word_1_37' title='bbox 433 535 514 566; x_wconf 89' lang='grc' dir='ltr'><em>σαν</em></span> <span class='ocrx_word' id='word_1_38' title='bbox 544 521 627 576; x_wconf 75' lang='grc' dir='ltr'><em>γὰρ</em></span> <span class='ocrx_word' id='word_1_39' title='bbox 659 520 718 563; x_wconf 77' lang='grc' dir='ltr'><em>ἔτι</em></span> <span class='ocrx_word' id='word_1_40' title='bbox 747 520 960 575; x_wconf 87' lang='grc' dir='ltr'><em>πρότερον</em></span> <span class='ocrx_word' id='word_1_41' title='bbox 990 520 1148 576; x_wconf 81' lang='grc' dir='ltr'><strong><em>ταύτης</em></strong></span> <span class='ocrx_word' id='word_1_42' title='bbox 1187 524 1262 574; x_wconf 77' lang='grc' dir='ltr'><em>της</em></span> <span class='ocrx_word' id='word_1_43' title='bbox 1293 519 1462 569; x_wconf 84' lang='grc' dir='ltr'><em>ἐλάσιος</em></span> <span class='ocrx_word' id='word_1_44' title='bbox 1501 517 1691 572; x_wconf 82' lang='grc' dir='ltr'><em>ὕπαρχοι</em></span> 
     </span>
     <span class='ocr_line' id='line_1_13' title="bbox 400 580 1691 645; baseline -0.002 -14"><span class='ocrx_word' id='word_1_45' title='bbox 400 590 476 633; x_wconf 85' lang='grc' dir='ltr'><em>3ἐν</em></span> <span class='ocrx_word' id='word_1_46' title='bbox 505 593 557 645; x_wconf 83' lang='grc' dir='ltr'><em>τῇ</em></span> <span class='ocrx_word' id='word_1_47' title='bbox 593 591 757 643; x_wconf 72' lang='grc' dir='ltr'><em>Θρηίκῃ</em></span> <span class='ocrx_word' id='word_1_48' title='bbox 789 589 862 630; x_wconf 86' lang='grc' dir='ltr'><em>καὶ</em></span> <span class='ocrx_word' id='word_1_49' title='bbox 890 592 969 631; x_wconf 86' lang='grc' dir='ltr'><em>τοῦ</em></span> <span class='ocrx_word' id='word_1_50' title='bbox 993 587 1314 644; x_wconf 77' lang='grc' dir='ltr'><em>Ἑλλησπόντου</em></span> <span class='ocrx_word' id='word_1_51' title='bbox 1331 590 1535 641; x_wconf 77' lang='grc' dir='ltr'><em>πανταχῆ.</em></span> <span class='ocrx_word' id='word_1_52' title='bbox 1567 580 1691 630; x_wconf 79' lang='grc' dir='ltr'><em>οὗτοι</em></span> 
     </span>
     <span class='ocr_line' id='line_1_14' title="bbox 431 652 1690 711; baseline -0.003 -11"><span class='ocrx_word' id='word_1_53' title='bbox 431 653 493 701; x_wconf 70' lang='grc' dir='ltr'><em>ὧν</em></span> <span class='ocrx_word' id='word_1_54' title='bbox 522 655 690 706; x_wconf 79' lang='grc' dir='ltr'><em>πάντες,</em></span> <span class='ocrx_word' id='word_1_55' title='bbox 719 656 766 698; x_wconf 86' lang='grc' dir='ltr'><em>οἴ</em></span> <span class='ocrx_word' id='word_1_56' title='bbox 791 671 834 698; x_wconf 87' lang='grc' dir='ltr'><em>τε</em></span> <span class='ocrx_word' id='word_1_57' title='bbox 865 655 910 698; x_wconf 85' lang='grc' dir='ltr'><em>ἐκ</em></span> <span class='ocrx_word' id='word_1_58' title='bbox 945 658 1130 711; x_wconf 67' lang='grc' dir='ltr'><em>Θρηίκης</em></span> <span class='ocrx_word' id='word_1_59' title='bbox 1158 657 1227 697; x_wconf 84' lang='grc' dir='ltr'><em>καὶ</em></span> <span class='ocrx_word' id='word_1_60' title='bbox 1259 659 1338 697; x_wconf 89' lang='grc' dir='ltr'><em>τοῦ</em></span> <span class='ocrx_word' id='word_1_61' title='bbox 1359 652 1690 709; x_wconf 77' lang='grc' dir='ltr'><em>Ἑλλησπόντου,</em></span> 
     </span>
     <span class='ocr_line' id='line_1_15' title="bbox 430 719 1690 779; baseline -0.004 -11"><span class='ocrx_word' id='word_1_62' title='bbox 430 724 542 779; x_wconf 80' lang='grc' dir='ltr'><em>πλην</em></span> <span class='ocrx_word' id='word_1_63' title='bbox 569 727 651 766; x_wconf 89' lang='grc' dir='ltr'><em>τοῦ</em></span> <span class='ocrx_word' id='word_1_64' title='bbox 682 723 728 765; x_wconf 88' lang='grc' dir='ltr'><em>έν</em></span> <span class='ocrx_word' id='word_1_65' title='bbox 755 725 976 779; x_wconf 76' lang='grc' dir='ltr'><em>Δορίσκῳ,</em></span> <span class='ocrx_word' id='word_1_66' title='bbox 1005 721 1093 766; x_wconf 81' lang='grc' dir='ltr'><em>ὑπὸ</em></span> <span class='ocrx_word' id='word_1_67' title='bbox 1119 722 1334 778; x_wconf 79' lang='grc' dir='ltr'><em>Ἑλλήνων</em></span> <span class='ocrx_word' id='word_1_68' title='bbox 1376 721 1561 774; x_wconf 80' lang='grc' dir='ltr'><em>ὕστερον</em></span> <span class='ocrx_word' id='word_1_69' title='bbox 1590 719 1690 763; x_wconf 83' lang='grc' dir='ltr'><em>ταύ-</em></span> 
     </span>
     <span class='ocr_line' id='line_1_16' title="bbox 430 790 1744 847; baseline -0.005 -13"><span class='ocrx_word' id='word_1_70' title='bbox 430 809 506 847; x_wconf 89' lang='grc' dir='ltr'><em>της</em></span> <span class='ocrx_word' id='word_1_71' title='bbox 535 795 611 845; x_wconf 80' lang='grc' dir='ltr'><em>τῆς</em></span> <span class='ocrx_word' id='word_1_72' title='bbox 642 792 952 846; x_wconf 76' lang='grc' dir='ltr'><em>στρατηλασίης</em></span> <span class='ocrx_word' id='word_1_73' title='bbox 984 790 1271 846; x_wconf 72' lang='grc' dir='ltr'><em>έξῃρέὶ)ησαν’</em></span> <span class='ocrx_word' id='word_1_74' title='bbox 1304 790 1382 832; x_wconf 86' lang='grc' dir='ltr'><em>τὸν</em></span> <span class='ocrx_word' id='word_1_75' title='bbox 1404 790 1448 832; x_wconf 75' lang='grc' dir='ltr'><em>δὲ</em></span> <span class='ocrx_word' id='word_1_76' title='bbox 1480 792 1526 833; x_wconf 80' lang='grc' dir='ltr'><em>ἐν</em></span> <span class='ocrx_word' id='word_1_77' title='bbox 1556 790 1686 842; x_wconf 89' lang='grc' dir='ltr'><em>Δορί-</em></span> <span class='ocrx_word' id='word_1_78' title='bbox 1701 795 1744 829; x_wconf 84' lang='grc'><em>85</em></span> 
     </span>
     <span class='ocr_line' id='line_1_17' title="bbox 430 850 1709 916; baseline -0.004 -13"><span class='ocrx_word' id='word_1_79' title='bbox 430 871 519 916; x_wconf 85' lang='grc' dir='ltr'><em>σκῳ</em></span> <span class='ocrx_word' id='word_1_80' title='bbox 559 856 812 913; x_wconf 80' lang='grc' dir='ltr'><em>Μασκάμην</em></span> <span class='ocrx_word' id='word_1_81' title='bbox 853 857 1042 914; x_wconf 84' lang='grc' dir='ltr'><em>ου’δαμοί</em></span> <span class='ocrx_word' id='word_1_82' title='bbox 1081 874 1140 900; x_wconf 86' lang='grc' dir='ltr'><em>κω</em></span> <span class='ocrx_word' id='word_1_83' title='bbox 1180 856 1486 912; x_wconf 77' lang='grc' dir='ltr'><em>ἐδυνάσθησαν</em></span> <span class='ocrx_word' id='word_1_84' title='bbox 1514 850 1709 908; x_wconf 56' lang='grc' dir='ltr'><em>ἐξελεῖν.</em></span> 
     </span>
    </p>
   </div>
   <div class='ocr_carea' id='block_1_9' title="bbox 429 924 978 980">
    <p class='ocr_par' dir='ltr' id='par_1_9' title="bbox 429 924 978 980">
     <span class='ocr_line' id='line_1_18' title="bbox 429 924 978 980; baseline -0.009 -10"><span class='ocrx_word' id='word_1_85' title='bbox 429 929 603 970; x_wconf 75' lang='grc' dir='ltr'><em>πολλῶν</em></span> <span class='ocrx_word' id='word_1_86' title='bbox 639 924 978 980; x_wconf 82' lang='grc' dir='ltr'><em>πειρησαμένων.</em></span> 
     </span>
    </p>
   </div>
   <div class='ocr_carea' id='block_1_10' title="bbox 1049 923 1688 977">
    <p class='ocr_par' dir='ltr' id='par_1_10' title="bbox 1049 923 1688 977">
     <span class='ocr_line' id='line_1_19' title="bbox 1049 923 1688 977; baseline -0.003 -9"><span class='ocrx_word' id='word_1_87' title='bbox 1049 924 1121 968; x_wconf 83' lang='grc' dir='ltr'><em>διὰ</em></span> <span class='ocrx_word' id='word_1_88' title='bbox 1157 927 1286 966; x_wconf 81' lang='grc' dir='ltr'><em>τοῦτο</em></span> <span class='ocrx_word' id='word_1_89' title='bbox 1329 923 1374 966; x_wconf 89' lang='grc' dir='ltr'><em>δέ</em></span> <span class='ocrx_word' id='word_1_90' title='bbox 1412 925 1455 966; x_wconf 81' lang='grc' dir='ltr'><em>οἱ</em></span> <span class='ocrx_word' id='word_1_91' title='bbox 1483 923 1534 967; x_wconf 80' lang='grc' dir='ltr'><em>τοὶ</em></span> <span class='ocrx_word' id='word_1_92' title='bbox 1566 925 1688 977; x_wconf 76' lang='grc' dir='ltr'><em>δῶρα</em></span> 
     </span>
    </p>
   </div>
   <div class='ocr_carea' id='block_1_11' title="bbox 268 990 1744 1184">
    <p class='ocr_par' dir='ltr' id='par_1_11' title="bbox 268 990 1744 1184">
     <span class='ocr_line' id='line_1_20' title="bbox 428 990 1685 1049; baseline -0.006 -11"><span class='ocrx_word' id='word_1_93' title='bbox 428 993 634 1049; x_wconf 77' lang='grc' dir='ltr'><em>πέμπεται</em></span> <span class='ocrx_word' id='word_1_94' title='bbox 674 992 793 1045; x_wconf 81' lang='grc' dir='ltr'><em>παροὶ</em></span> <span class='ocrx_word' id='word_1_95' title='bbox 831 996 911 1036; x_wconf 89' lang='grc' dir='ltr'><em>τοῦ</em></span> <span class='ocrx_word' id='word_1_96' title='bbox 952 991 1257 1047; x_wconf 71' lang='grc' dir='ltr'><em>βασιλεύοντος</em></span> <span class='ocrx_word' id='word_1_97' title='bbox 1287 992 1368 1033; x_wconf 88' lang='grc' dir='ltr'><em>αἰεὶ</em></span> <span class='ocrx_word' id='word_1_98' title='bbox 1399 991 1445 1033; x_wconf 85' lang='grc' dir='ltr'><em>ἐν</em></span> <span class='ocrx_word' id='word_1_99' title='bbox 1482 990 1685 1047; x_wconf 65' lang='grc' dir='ltr'><em>Πέρσῃσι.</em></span> 
     </span>
     <span class='ocr_line' id='line_1_21' title="bbox 268 1056 1687 1114; baseline -0.007 -5"><span class='ocrx_word' id='word_1_100' title='bbox 268 1065 366 1110; x_wconf 80' lang='grc' dir='ltr'><em>1οἹ</em></span> <span class='ocrx_word' id='word_1_101' title='bbox 431 1066 528 1105; x_wconf 81' lang='grc' dir='ltr'><em>Τῶν</em></span> <span class='ocrx_word' id='word_1_102' title='bbox 552 1062 596 1104; x_wconf 78' lang='grc' dir='ltr'><em>δὲ</em></span> <span class='ocrx_word' id='word_1_103' title='bbox 619 1060 926 1114; x_wconf 80' lang='grc' dir='ltr'><em>ἐξαιρεθέντων</em></span> <span class='ocrx_word' id='word_1_104' title='bbox 956 1058 1042 1103; x_wconf 80' lang='grc' dir='ltr'><em>ὑπὸ</em></span> <span class='ocrx_word' id='word_1_105' title='bbox 1069 1059 1286 1114; x_wconf 82' lang='grc' dir='ltr'><em>Ἑλλήνων</em></span> <span class='ocrx_word' id='word_1_106' title='bbox 1309 1056 1468 1100; x_wconf 79' lang='grc' dir='ltr'><em>οὐδένα</em></span> <span class='ocrx_word' id='word_1_107' title='bbox 1487 1056 1687 1112; x_wconf 77' lang='grc' dir='ltr'><em>βασιλεὺς</em></span> 
     </span>
     <span class='ocr_line' id='line_1_22' title="bbox 431 1124 1744 1184; baseline -0.005 -13"><span class='ocrx_word' id='word_1_108' title='bbox 431 1130 595 1184; x_wconf 76' lang='grc' dir='ltr'><em>Ξέρξης</em></span> <span class='ocrx_word' id='word_1_109' title='bbox 627 1129 795 1183; x_wconf 74' lang='grc' dir='ltr'><em>ἐνόμισε</em></span> <span class='ocrx_word' id='word_1_110' title='bbox 827 1126 939 1171; x_wconf 80' lang='grc' dir='ltr'><em>εἶναι</em></span> <span class='ocrx_word' id='word_1_111' title='bbox 970 1126 1111 1180; x_wconf 79' lang='grc' dir='ltr'><em>ἄνδρα</em></span> <span class='ocrx_word' id='word_1_112' title='bbox 1141 1124 1335 1181; x_wconf 71' lang='grc' dir='ltr'><em>ἀγαθόν,</em></span> <span class='ocrx_word' id='word_1_113' title='bbox 1385 1127 1420 1168; x_wconf 82' lang='grc' dir='ltr'><em>εἰ</em></span> <span class='ocrx_word' id='word_1_114' title='bbox 1450 1124 1508 1180; x_wconf 69' lang='grc' dir='ltr'><em>μὴ</em></span> <span class='ocrx_word' id='word_1_115' title='bbox 1540 1124 1744 1181; x_wconf 80' lang='grc' dir='ltr'><em>Βόγην90</em></span> 
     </span>
    </p>
   </div>
   <div class='ocr_carea' id='block_1_12' title="bbox 520 1191 1689 1248">
    <p class='ocr_par' dir='ltr' id='par_1_12' title="bbox 520 1191 1689 1248">
     <span class='ocr_line' id='line_1_23' title="bbox 520 1191 1689 1248; baseline -0.003 -9"><span class='ocrx_word' id='word_1_116' title='bbox 520 1213 622 1247; x_wconf 90' lang='grc' dir='ltr'><em>νον,</em></span> <span class='ocrx_word' id='word_1_117' title='bbox 662 1196 741 1239; x_wconf 82' lang='grc' dir='ltr'><em>τὸν</em></span> <span class='ocrx_word' id='word_1_118' title='bbox 772 1196 813 1248; x_wconf 81' lang='grc' dir='ltr'><em>ἐξ</em></span> <span class='ocrx_word' id='word_1_119' title='bbox 838 1196 1022 1245; x_wconf 86' lang='grc' dir='ltr'><em>Ἡϊόνος.</em></span> <span class='ocrx_word' id='word_1_120' title='bbox 1081 1199 1239 1237; x_wconf 88' lang='grc' dir='ltr'><em>τοῦτον</em></span> <span class='ocrx_word' id='word_1_121' title='bbox 1270 1194 1315 1237; x_wconf 77' lang='grc' dir='ltr'><em>δὲ</em></span> <span class='ocrx_word' id='word_1_122' title='bbox 1346 1192 1502 1236; x_wconf 83' lang='grc' dir='ltr'><em>αἰνέων</em></span> <span class='ocrx_word' id='word_1_123' title='bbox 1531 1191 1616 1236; x_wconf 76' lang='grc' dir='ltr'><strong>οὐκ.</strong></span> <span class='ocrx_word' id='word_1_124' title='bbox 1651 1191 1689 1235; x_wconf 80' lang='grc' dir='ltr'><em>ἐ·</em></span> 
     </span>
    </p>
   </div>
   <div class='ocr_carea' id='block_1_13' title="bbox 98 1260 1689 1318">
    <p class='ocr_par' dir='ltr' id='par_1_13' title="bbox 98 1260 1689 1318">
     <span class='ocr_line' id='line_1_24' title="bbox 98 1260 1689 1318; baseline -0.004 -9"><span class='ocrx_word' id='word_1_125' title='bbox 98 1276 149 1309; x_wconf 77' lang='lat' dir='ltr'><em>rit,</em></span> <span class='ocrx_word' id='word_1_126' title='bbox 169 1275 321 1303; x_wconf 76' lang='grc' dir='ltr'><em>ευιιιΕῖοιι</em></span> <span class='ocrx_word' id='word_1_127' title='bbox 333 1275 370 1301; x_wconf 83' lang='lat' dir='ltr'><em>ab</em></span> <span class='ocrx_word' id='word_1_128' title='bbox 428 1264 604 1315; x_wconf 84' lang='grc' dir='ltr'><em>παύετο,</em></span> <span class='ocrx_word' id='word_1_129' title='bbox 631 1264 704 1307; x_wconf 88' lang='grc' dir='ltr'><em>καὶ</em></span> <span class='ocrx_word' id='word_1_130' title='bbox 732 1263 837 1316; x_wconf 82' lang='grc' dir='ltr'><em>τοὺς</em></span> <span class='ocrx_word' id='word_1_131' title='bbox 866 1262 1117 1318; x_wconf 82' lang='grc' dir='ltr'><em>περιεόντας</em></span> <span class='ocrx_word' id='word_1_132' title='bbox 1140 1262 1277 1306; x_wconf 83' lang='grc' dir='ltr'><em>αὐτοῦ</em></span> <span class='ocrx_word' id='word_1_133' title='bbox 1307 1262 1352 1304; x_wconf 86' lang='grc' dir='ltr'><em>ἐν</em></span> <span class='ocrx_word' id='word_1_134' title='bbox 1381 1260 1575 1317; x_wconf 80' lang='grc' dir='ltr'><em>Πέρσῃσι</em></span> <span class='ocrx_word' id='word_1_135' title='bbox 1595 1264 1689 1303; x_wconf 88' lang='grc' dir='ltr'><em>παῖ-</em></span> 
     </span>
    </p>
   </div>
   <div class='ocr_carea' id='block_1_14' title="bbox 97 1309 345 1343">
    <p class='ocr_par' dir='ltr' id='par_1_14' title="bbox 97 1309 345 1343">
     <span class='ocr_line' id='line_1_25' title="bbox 97 1309 345 1343; baseline -0.012 -6"><span class='ocrx_word' id='word_1_136' title='bbox 97 1309 345 1343; x_wconf 67' lang='lat' dir='ltr'>Atheniensibus,</span> 
     </span>
    </p>
   </div>
   <div class='ocr_carea' id='block_1_15' title="bbox 99 1327 1742 1524">
    <p class='ocr_par' dir='ltr' id='par_1_15' title="bbox 99 1327 1742 1524">
     <span class='ocr_line' id='line_1_26' title="bbox 99 1327 1686 1388; baseline -0.005 -9"><span class='ocrx_word' id='word_1_137' title='bbox 99 1344 189 1383; x_wconf 51' lang='lat' dir='ltr'>ppulo</span> <span class='ocrx_word' id='word_1_138' title='bbox 209 1347 278 1378; x_wconf 78' lang='lat' dir='ltr'><em>post</em></span> <span class='ocrx_word' id='word_1_139' title='bbox 296 1342 372 1369; x_wconf 73' lang='lat' dir='ltr'><em>xer·</em></span> <span class='ocrx_word' id='word_1_140' title='bbox 400 1335 515 1383; x_wconf 70' lang='grc' dir='ltr'><em>Ξδας</em></span> <span class='ocrx_word' id='word_1_141' title='bbox 553 1332 674 1386; x_wconf 82' lang='grc' dir='ltr'><em>ἐτίμα</em></span> <span class='ocrx_word' id='word_1_142' title='bbox 713 1330 907 1388; x_wconf 80' lang='grc' dir='ltr'><em>μάλιστα.</em></span> <span class='ocrx_word' id='word_1_143' title='bbox 965 1331 1055 1375; x_wconf 82' lang='grc' dir='ltr'><em>ἐπεὶ</em></span> <span class='ocrx_word' id='word_1_144' title='bbox 1092 1331 1164 1375; x_wconf 86' lang='grc' dir='ltr'><em>καὶ</em></span> <span class='ocrx_word' id='word_1_145' title='bbox 1193 1329 1310 1382; x_wconf 78' lang='grc' dir='ltr'><em>ἄξιος</em></span> <span class='ocrx_word' id='word_1_146' title='bbox 1340 1331 1466 1372; x_wconf 79' lang='grc' dir='ltr'><em>αἴνου</em></span> <span class='ocrx_word' id='word_1_147' title='bbox 1495 1327 1686 1384; x_wconf 77' lang='grc' dir='ltr'><em>μεγάλου</em></span> 
     </span>
     <span class='ocr_line' id='line_1_27' title="bbox 428 1395 1687 1455; baseline -0.003 -12"><span class='ocrx_word' id='word_1_148' title='bbox 428 1399 592 1455; x_wconf 82' lang='grc' dir='ltr'><em>ἐγένετο</em></span> <span class='ocrx_word' id='word_1_149' title='bbox 606 1397 759 1455; x_wconf 80' lang='grc' dir='ltr'><em>Βόγης·</em></span> <span class='ocrx_word' id='word_1_150' title='bbox 791 1399 838 1450; x_wconf 84' lang='grc' dir='ltr'><em>ὃς</em></span> <span class='ocrx_word' id='word_1_151' title='bbox 868 1398 1012 1454; x_wconf 65' lang='grc' dir='ltr'><em>ἐπειδὴ</em></span> <span class='ocrx_word' id='word_1_152' title='bbox 1044 1397 1344 1452; x_wconf 84' lang='grc' dir='ltr'><em>ἐπολιορκέετο</em></span> <span class='ocrx_word' id='word_1_153' title='bbox 1375 1396 1460 1440; x_wconf 82' lang='grc' dir='ltr'><em>ὑπὸ</em></span> <span class='ocrx_word' id='word_1_154' title='bbox 1485 1395 1687 1453; x_wconf 77' lang='grc' dir='ltr'><em>Ἀθηναί-</em></span> 
     </span>
     <span class='ocr_line' id='line_1_28' title="bbox 428 1463 1742 1524; baseline -0.004 -14"><span class='ocrx_word' id='word_1_155' title='bbox 428 1483 491 1510; x_wconf 90' lang='grc' dir='ltr'><em>ων</em></span> <span class='ocrx_word' id='word_1_156' title='bbox 519 1467 595 1510; x_wconf 62' lang='lat' dir='ltr'><em>aaz.</em></span> <span class='ocrx_word' id='word_1_157' title='bbox 623 1469 826 1524; x_wconf 85' lang='grc' dir='ltr'><em>Κίμωνος</em></span> <span class='ocrx_word' id='word_1_158' title='bbox 855 1472 934 1512; x_wconf 86' lang='grc' dir='ltr'><em>τοῦ</em></span> <span class='ocrx_word' id='word_1_159' title='bbox 951 1465 1221 1518; x_wconf 82' lang='grc' dir='ltr'><em>Μιλτιάδεω,</em></span> <span class='ocrx_word' id='word_1_160' title='bbox 1253 1465 1417 1521; x_wconf 88' lang='grc' dir='ltr'><em>παρεὸν</em></span> <span class='ocrx_word' id='word_1_161' title='bbox 1437 1463 1554 1523; x_wconf 75' lang='grc' dir='ltr'><em>αὐτῷ</em></span> <span class='ocrx_word' id='word_1_162' title='bbox 1585 1463 1687 1508; x_wconf 77' lang='grc' dir='ltr'><em>ὑπό·</em></span> <span class='ocrx_word' id='word_1_163' title='bbox 1699 1470 1742 1504; x_wconf 83' lang='grc'><em>95</em></span> 
     </span>
    </p>
   </div>
   <div class='ocr_carea' id='block_1_16' title="bbox 98 1376 322 1445">
    <p class='ocr_par' dir='ltr' id='par_1_16' title="bbox 98 1376 322 1445">
     <span class='ocr_line' id='line_1_29' title="bbox 99 1376 321 1404; baseline -0.009 0"><span class='ocrx_word' id='word_1_164' title='bbox 99 1385 144 1404; x_wconf 72' lang='lat' dir='ltr'><em>xis</em></span> <span class='ocrx_word' id='word_1_165' title='bbox 169 1376 321 1402; x_wconf 82' lang='lat' dir='ltr'>Graecam</span> 
     </span>
     <span class='ocr_line' id='line_1_30' title="bbox 98 1409 322 1445; baseline 0.004 -8"><span class='ocrx_word' id='word_1_166' title='bbox 98 1409 322 1445; x_wconf 79' lang='lat' dir='ltr'>expeditionem</span> 
     </span>
    </p>
   </div>
   <div class='ocr_carea' id='block_1_17' title="bbox 98 1443 300 1472">
    <p class='ocr_par' dir='ltr' id='par_1_17' title="bbox 98 1443 300 1472">
     <span class='ocr_line' id='line_1_31' title="bbox 98 1443 300 1472; baseline 0 -2"><span class='ocrx_word' id='word_1_167' title='bbox 98 1443 300 1472; x_wconf 82' lang='lat' dir='ltr'>obsideretur.</span> 
     </span>
    </p>
   </div>
   <div class='ocr_carea' id='block_1_18' title="bbox 371 1588 609 1595">
    <p class='ocr_par' dir='ltr' id='par_1_18' title="bbox 371 1588 609 1595">
     <span class='ocr_line' id='line_1_32' title="bbox 371 1588 609 1595; baseline 0 0"><span class='ocrx_word' id='word_1_168' title='bbox 371 1588 609 1595; x_wconf 95' lang='lat' dir='ltr'><em> </em></span> 
     </span>
    </p>
   </div>
   <div class='ocr_carea' id='block_1_19' title="bbox 370 1673 1027 1772">
    <p class='ocr_par' dir='ltr' id='par_1_19' title="bbox 370 1673 1027 1772">
     <span class='ocr_line' id='line_1_33' title="bbox 370 1673 1027 1726; baseline -0.003 -14"><span class='ocrx_word' id='word_1_169' title='bbox 370 1673 479 1725; x_wconf 86' lang='lat' dir='ltr'>ripid.</span> <span class='ocrx_word' id='word_1_170' title='bbox 501 1675 700 1726; x_wconf 61' lang='lat' dir='ltr'>Hippolyt.</span> <span class='ocrx_word' id='word_1_171' title='bbox 729 1686 784 1712; x_wconf 73' lang='lat' dir='ltr'><em>VS.</em></span> <span class='ocrx_word' id='word_1_172' title='bbox 814 1676 921 1714; x_wconf 83' lang='lat'>1012</span> <span class='ocrx_word' id='word_1_173' title='bbox 939 1685 1027 1724; x_wconf 77' lang='lat' dir='ltr'>pag.</span> 
     </span>
     <span class='ocr_line' id='line_1_34' title="bbox 371 1734 467 1772; baseline -0.031 -1"><span class='ocrx_word' id='word_1_174' title='bbox 371 1734 467 1772; x_wconf 83' lang='lat'><em>272.</em></span> 
     </span>
    </p>
   </div>
   <div class='ocr_carea' id='block_1_20' title="bbox 367 1816 1028 2431">
    <p class='ocr_par' dir='ltr' id='par_1_20' title="bbox 367 1816 1028 2431">
     <span class='ocr_line' id='line_1_35' title="bbox 427 1816 1028 1869; baseline 0.003 -14"><span class='ocrx_word' id='word_1_175' title='bbox 427 1818 471 1858; x_wconf 82' lang='grc' dir='ltr'><em>οἵ</em></span> <span class='ocrx_word' id='word_1_176' title='bbox 502 1834 541 1858; x_wconf 91' lang='grc' dir='ltr'><em>τε</em></span> <span class='ocrx_word' id='word_1_177' title='bbox 573 1817 616 1858; x_wconf 73' lang='grc' dir='ltr'><em>ἐκ</em></span> <span class='ocrx_word' id='word_1_178' title='bbox 653 1818 828 1869; x_wconf 78' lang='grc' dir='ltr'><em>Θρηίκης</em></span> <span class='ocrx_word' id='word_1_179' title='bbox 861 1816 929 1857; x_wconf 85' lang='grc' dir='ltr'><em>καὶ</em></span> <span class='ocrx_word' id='word_1_180' title='bbox 956 1819 1028 1857; x_wconf 81' lang='grc' dir='ltr'><em>τοῦ</em></span> 
     </span>
     <span class='ocr_line' id='line_1_36' title="bbox 369 1871 1027 1926; baseline -0.009 -10"><span class='ocrx_word' id='word_1_181' title='bbox 369 1871 696 1926; x_wconf 65' lang='grc' dir='ltr'><em>“Ελλησπὸντου]</em></span> <span class='ocrx_word' id='word_1_182' title='bbox 748 1873 896 1911; x_wconf 81' lang='lat' dir='ltr'>Eadem</span> <span class='ocrx_word' id='word_1_183' title='bbox 933 1876 1027 1911; x_wconf 74' lang='lat' dir='ltr'>ratio</span> 
     </span>
     <span class='ocr_line' id='line_1_37' title="bbox 372 1929 1025 1984; baseline -0.005 -15"><span class='ocrx_word' id='word_1_184' title='bbox 372 1932 656 1984; x_wconf 80' lang='lat' dir='ltr'>praepositionis</span> <span class='ocrx_word' id='word_1_185' title='bbox 673 1930 714 1971; x_wconf 77' lang='grc' dir='ltr'><em>ἐκ</em></span> <span class='ocrx_word' id='word_1_186' title='bbox 734 1939 846 1981; x_wconf 84' lang='lat' dir='ltr'>atque</span> <span class='ocrx_word' id='word_1_187' title='bbox 856 1931 918 1978; x_wconf 61' lang='lat' dir='ltr'><em>IV,</em></span> <span class='ocrx_word' id='word_1_188' title='bbox 935 1929 1025 1972; x_wconf 82' lang='grc'>145.</span> 
     </span>
     <span class='ocr_line' id='line_1_38' title="bbox 369 1987 1026 2037; baseline -0.002 -11"><span class='ocrx_word' id='word_1_189' title='bbox 369 1990 449 2037; x_wconf 90' lang='lat' dir='ltr'>VII,</span> <span class='ocrx_word' id='word_1_190' title='bbox 472 1991 539 2030; x_wconf 83' lang='lat'><em>93.</em></span> <span class='ocrx_word' id='word_1_191' title='bbox 565 1991 656 2029; x_wconf 85' lang='lat'><em>107.</em></span> <span class='ocrx_word' id='word_1_192' title='bbox 698 1989 755 2024; x_wconf 86' lang='lat' dir='ltr'><em>De</em></span> <span class='ocrx_word' id='word_1_193' title='bbox 776 1988 923 2025; x_wconf 69' lang='lat' dir='ltr'><em>Dorisco</em></span> <span class='ocrx_word' id='word_1_194' title='bbox 948 1987 1026 2025; x_wconf 87' lang='lat' dir='ltr'><em>vid.</em></span> 
     </span>
     <span class='ocr_line' id='line_1_39' title="bbox 370 2044 1023 2092; baseline -0.005 -10"><span class='ocrx_word' id='word_1_195' title='bbox 370 2053 466 2082; x_wconf 88' lang='lat' dir='ltr'>nott.</span> <span class='ocrx_word' id='word_1_196' title='bbox 498 2044 545 2082; x_wconf 81' lang='lat' dir='ltr'><em>ad</em></span> <span class='ocrx_word' id='word_1_197' title='bbox 574 2045 618 2091; x_wconf 74' lang='lat' dir='ltr'><em>V,</em></span> <span class='ocrx_word' id='word_1_198' title='bbox 661 2045 727 2084; x_wconf 78' lang='lat'><em>98.</em></span> <span class='ocrx_word' id='word_1_199' title='bbox 762 2046 842 2092; x_wconf 84' lang='lat' dir='ltr'>Vll,</span> <span class='ocrx_word' id='word_1_200' title='bbox 872 2044 940 2085; x_wconf 79' lang='grc'><em>25.</em></span> <span class='ocrx_word' id='word_1_201' title='bbox 972 2066 1023 2070; x_wconf 94' lang='grc'>-</span> 
     </span>
     <span class='ocr_line' id='line_1_40' title="bbox 368 2097 1026 2151; baseline -0.003 -13"><span class='ocrx_word' id='word_1_202' title='bbox 368 2100 508 2138; x_wconf 48' lang='lat' dir='ltr'>Forma</span> <span class='ocrx_word' id='word_1_203' title='bbox 561 2097 843 2151; x_wconf 73' lang='grc' dir='ltr'><em>ἐδυνάσθησαν</em></span> <span class='ocrx_word' id='word_1_204' title='bbox 891 2101 1026 2137; x_wconf 78' lang='lat' dir='ltr'>Noster</span> 
     </span>
     <span class='ocr_line' id='line_1_41' title="bbox 368 2158 1025 2209; baseline 0 -16"><span class='ocrx_word' id='word_1_205' title='bbox 368 2170 523 2209; x_wconf 79' lang='lat' dir='ltr'>quoque</span> <span class='ocrx_word' id='word_1_206' title='bbox 545 2170 631 2193; x_wconf 86' lang='lat' dir='ltr'>usus</span> <span class='ocrx_word' id='word_1_207' title='bbox 652 2164 705 2193; x_wconf 85' lang='lat' dir='ltr'><em>est</em></span> <span class='ocrx_word' id='word_1_208' title='bbox 727 2163 781 2202; x_wconf 75' lang='lat' dir='ltr'><em>(ut</em></span> <span class='ocrx_word' id='word_1_209' title='bbox 795 2163 897 2192; x_wconf 81' lang='lat' dir='ltr'>notat</span> <span class='ocrx_word' id='word_1_210' title='bbox 907 2158 1025 2193; x_wconf 60' lang='grc' dir='ltr'><em>Νεε-</em></span> 
     </span>
     <span class='ocr_line' id='line_1_42' title="bbox 367 2210 1022 2263; baseline -0.003 -13"><span class='ocrx_word' id='word_1_211' title='bbox 367 2212 526 2263; x_wconf 84' lang='lat' dir='ltr'><em>seling.)</em></span> <span class='ocrx_word' id='word_1_212' title='bbox 567 2215 612 2259; x_wconf 84' lang='lat'><em>11,</em></span> <span class='ocrx_word' id='word_1_213' title='bbox 642 2215 704 2252; x_wconf 85' lang='lat'><em>19.</em></span> <span class='ocrx_word' id='word_1_214' title='bbox 742 2212 807 2252; x_wconf 78' lang='lat'><em>43.</em></span> <span class='ocrx_word' id='word_1_215' title='bbox 842 2210 1022 2261; x_wconf 77' lang='lat' dir='ltr'><em>Sophocl.</em></span> 
     </span>
     <span class='ocr_line' id='line_1_43' title="bbox 368 2267 1024 2318; baseline -0.006 -13"><span class='ocrx_word' id='word_1_216' title='bbox 368 2269 461 2306; x_wconf 80' lang='lat' dir='ltr'><em>Oed.</em></span> <span class='ocrx_word' id='word_1_217' title='bbox 494 2269 589 2318; x_wconf 77' lang='lat' dir='ltr'><em>Tyr.</em></span> <span class='ocrx_word' id='word_1_218' title='bbox 623 2267 740 2308; x_wconf 74' lang='lat'>1235.</span> <span class='ocrx_word' id='word_1_219' title='bbox 808 2268 922 2302; x_wconf 71' lang='lat' dir='ltr'>Plura</span> <span class='ocrx_word' id='word_1_220' title='bbox 961 2268 1024 2303; x_wconf 79' lang='lat' dir='ltr'><em>Fi·-</em></span> 
     </span>
     <span class='ocr_line' id='line_1_44' title="bbox 367 2323 1022 2373; baseline -0.006 -12"><span class='ocrx_word' id='word_1_221' title='bbox 367 2323 547 2362; x_wconf 81' lang='lat' dir='ltr'><em>scher.ad</em></span> <span class='ocrx_word' id='word_1_222' title='bbox 560 2324 718 2360; x_wconf 60' lang='lat' dir='ltr'><em>wellen</em></span> <span class='ocrx_word' id='word_1_223' title='bbox 730 2324 794 2369; x_wconf 84' lang='lat'>111,</span> <span class='ocrx_word' id='word_1_224' title='bbox 809 2335 829 2358; x_wconf 87' lang='lat' dir='ltr'>a</span> <span class='ocrx_word' id='word_1_225' title='bbox 846 2335 933 2373; x_wconf 77' lang='lat' dir='ltr'>pag.</span> <span class='ocrx_word' id='word_1_226' title='bbox 956 2323 1022 2362; x_wconf 86' lang='lat'><em>75.</em></span> 
     </span>
     <span class='ocr_line' id='line_1_45' title="bbox 367 2377 1022 2431; baseline -0.005 -13"><span class='ocrx_word' id='word_1_227' title='bbox 367 2380 429 2417; x_wconf 89' lang='lat' dir='ltr'><em>Ad</em></span> <span class='ocrx_word' id='word_1_228' title='bbox 459 2377 758 2431; x_wconf 79' lang='grc' dir='ltr'><em>πειρησαμένων</em></span> <span class='ocrx_word' id='word_1_229' title='bbox 780 2379 828 2415; x_wconf 83' lang='lat' dir='ltr'><em>cf.</em></span> <span class='ocrx_word' id='word_1_230' title='bbox 858 2385 953 2416; x_wconf 84' lang='lat' dir='ltr'>nott.</span> <span class='ocrx_word' id='word_1_231' title='bbox 974 2378 1022 2415; x_wconf 86' lang='lat' dir='ltr'><em>ad</em></span> 
     </span>
    </p>
   </div>
   <div class='ocr_carea' id='block_1_21' title="bbox 370 2436 803 2585">
    <p class='ocr_par' dir='ltr' id='par_1_21' title="bbox 370 2436 803 2585">
     <span class='ocr_line' id='line_1_46' title="bbox 370 2436 550 2485; baseline -0.011 -11"><span class='ocrx_word' id='word_1_232' title='bbox 370 2437 437 2485; x_wconf 88' lang='lat'>111,</span> <span class='ocrx_word' id='word_1_233' title='bbox 458 2436 550 2477; x_wconf 83' lang='lat'>152.</span> 
     </span>
     <span class='ocr_line' id='line_1_47' title="bbox 587 2535 803 2585; baseline 0.009 -15"><span class='ocrx_word' id='word_1_234' title='bbox 587 2535 803 2585; x_wconf 68' lang='lat' dir='ltr'>cap.cv11.</span> 
     </span>
    </p>
   </div>
   <div class='ocr_carea' id='block_1_22' title="bbox 366 2619 1024 2848">
    <p class='ocr_par' dir='ltr' id='par_1_22' title="bbox 366 2619 1024 2848">
     <span class='ocr_line' id='line_1_48' title="bbox 426 2619 1024 2675; baseline 0.003 -11"><span class='ocrx_word' id='word_1_235' title='bbox 426 2623 460 2664; x_wconf 76' lang='grc' dir='ltr'><em>εἶ</em></span> <span class='ocrx_word' id='word_1_236' title='bbox 478 2619 531 2675; x_wconf 79' lang='grc' dir='ltr'><em>μὴ</em></span> <span class='ocrx_word' id='word_1_237' title='bbox 552 2620 683 2674; x_wconf 79' lang='grc' dir='ltr'><em>Βόγην</em></span> <span class='ocrx_word' id='word_1_238' title='bbox 714 2626 866 2672; x_wconf 82' lang='grc' dir='ltr'><em>μοῦνον</em></span> <span class='ocrx_word' id='word_1_239' title='bbox 888 2622 954 2665; x_wconf 75' lang='grc' dir='ltr'><em>τόν</em></span> <span class='ocrx_word' id='word_1_240' title='bbox 983 2625 1024 2675; x_wconf 78' lang='grc' dir='ltr'><em>ἕξ</em></span> 
     </span>
     <span class='ocr_line' id='line_1_49' title="bbox 366 2675 1021 2729; baseline 0.003 -9"><span class='ocrx_word' id='word_1_241' title='bbox 366 2675 553 2729; x_wconf 87' lang='grc' dir='ltr'><em>Ἠϊόνος]</em></span> <span class='ocrx_word' id='word_1_242' title='bbox 600 2681 655 2716; x_wconf 91' lang='lat' dir='ltr'><em>De</em></span> <span class='ocrx_word' id='word_1_243' title='bbox 681 2680 795 2718; x_wconf 77' lang='lat' dir='ltr'>Eione</span> <span class='ocrx_word' id='word_1_244' title='bbox 823 2681 898 2720; x_wconf 78' lang='lat' dir='ltr'><em>vid.</em></span> <span class='ocrx_word' id='word_1_245' title='bbox 926 2690 1021 2722; x_wconf 86' lang='lat' dir='ltr'>nott.</span> 
     </span>
     <span class='ocr_line' id='line_1_50' title="bbox 367 2735 1022 2787; baseline 0.003 -14"><span class='ocrx_word' id='word_1_246' title='bbox 367 2735 416 2774; x_wconf 88' lang='lat' dir='ltr'><em>ad</em></span> <span class='ocrx_word' id='word_1_247' title='bbox 436 2738 515 2784; x_wconf 83' lang='lat' dir='ltr'>vll,</span> <span class='ocrx_word' id='word_1_248' title='bbox 536 2736 603 2778; x_wconf 88' lang='grc'><em>25.</em></span> <span class='ocrx_word' id='word_1_249' title='bbox 623 2738 753 2787; x_wconf 84' lang='lat' dir='ltr'>Bogae</span> <span class='ocrx_word' id='word_1_250' title='bbox 773 2738 916 2774; x_wconf 81' lang='lat' dir='ltr'>sactum</span> <span class='ocrx_word' id='word_1_251' title='bbox 937 2752 1022 2776; x_wconf 86' lang='lat' dir='ltr'><em>me-</em></span> 
     </span>
     <span class='ocr_line' id='line_1_51' title="bbox 368 2792 1021 2848; baseline 0.003 -18"><span class='ocrx_word' id='word_1_252' title='bbox 368 2793 563 2842; x_wconf 82' lang='lat' dir='ltr'>morabile,</span> <span class='ocrx_word' id='word_1_253' title='bbox 576 2792 679 2845; x_wconf 82' lang='lat' dir='ltr'>quod</span> <span class='ocrx_word' id='word_1_254' title='bbox 690 2794 803 2844; x_wconf 85' lang='lat' dir='ltr'>vulgo</span> <span class='ocrx_word' id='word_1_255' title='bbox 814 2793 1021 2848; x_wconf 79' lang='lat' dir='ltr'><em>adOIymp.</em></span> 
     </span>
    </p>
   </div>
   <div class='ocr_carea' id='block_1_23' title="bbox 1078 1669 1742 2796">
    <p class='ocr_par' dir='ltr' id='par_1_23' title="bbox 1078 1669 1742 2796">
     <span class='ocr_line' id='line_1_52' title="bbox 1082 1669 1741 1723; baseline -0.002 -14"><span class='ocrx_word' id='word_1_256' title='bbox 1082 1672 1275 1718; x_wconf 83' lang='lat' dir='ltr'>LXXVII,</span> <span class='ocrx_word' id='word_1_257' title='bbox 1306 1673 1330 1711; x_wconf 83' lang='lat'>3</span> <span class='ocrx_word' id='word_1_258' title='bbox 1365 1671 1533 1707; x_wconf 78' lang='lat' dir='ltr'><em>referunt</em></span> <span class='ocrx_word' id='word_1_259' title='bbox 1560 1669 1741 1723; x_wconf 87' lang='lat' dir='ltr'>quodque</span> 
     </span>
     <span class='ocr_line' id='line_1_53' title="bbox 1084 1727 1742 1780; baseline 0 -16"><span class='ocrx_word' id='word_1_260' title='bbox 1084 1730 1228 1780; x_wconf 76' lang='lat' dir='ltr'>aliquot</span> <span class='ocrx_word' id='word_1_261' title='bbox 1248 1734 1334 1764; x_wconf 77' lang='lat' dir='ltr'>aute.</span> <span class='ocrx_word' id='word_1_262' title='bbox 1356 1729 1462 1764; x_wconf 82' lang='lat' dir='ltr'>aunis</span> <span class='ocrx_word' id='word_1_263' title='bbox 1473 1727 1650 1765; x_wconf 71' lang='lat' dir='ltr'>accidisse</span> <span class='ocrx_word' id='word_1_264' title='bbox 1661 1729 1742 1765; x_wconf 75' lang='lat' dir='ltr'>vult</span> 
     </span>
     <span class='ocr_line' id='line_1_54' title="bbox 1083 1783 1742 1834; baseline -0.002 -12"><span class='ocrx_word' id='word_1_265' title='bbox 1083 1785 1313 1822; x_wconf 74' lang='lat' dir='ltr'>Dahlmauu.</span> <span class='ocrx_word' id='word_1_266' title='bbox 1344 1783 1526 1821; x_wconf 84' lang='lat' dir='ltr'>Herodot.</span> <span class='ocrx_word' id='word_1_267' title='bbox 1555 1797 1643 1834; x_wconf 84' lang='lat' dir='ltr'>pag.</span> <span class='ocrx_word' id='word_1_268' title='bbox 1674 1787 1742 1832; x_wconf 79' lang='lat'><em>59,</em></span> 
     </span>
     <span class='ocr_line' id='line_1_55' title="bbox 1084 1842 1739 1892; baseline 0.002 -14"><span class='ocrx_word' id='word_1_269' title='bbox 1084 1842 1209 1892; x_wconf 81' lang='lat' dir='ltr'>plures</span> <span class='ocrx_word' id='word_1_270' title='bbox 1268 1843 1473 1891; x_wconf 72' lang='lat' dir='ltr'>attigerunt</span> <span class='ocrx_word' id='word_1_271' title='bbox 1521 1843 1739 1892; x_wconf 84' lang='lat' dir='ltr'>scriptores:</span> 
     </span>
     <span class='ocr_line' id='line_1_56' title="bbox 1084 1896 1739 1948; baseline 0.003 -14"><span class='ocrx_word' id='word_1_272' title='bbox 1084 1896 1309 1935; x_wconf 75' lang='lat' dir='ltr'>Plutarchus</span> <span class='ocrx_word' id='word_1_273' title='bbox 1331 1899 1402 1936; x_wconf 75' lang='lat' dir='ltr'><em>vit.</em></span> <span class='ocrx_word' id='word_1_274' title='bbox 1427 1898 1575 1936; x_wconf 83' lang='lat' dir='ltr'><em>Cimon.</em></span> <span class='ocrx_word' id='word_1_275' title='bbox 1596 1901 1622 1939; x_wconf 89' lang='lat'><strong>7</strong></span> <span class='ocrx_word' id='word_1_276' title='bbox 1652 1911 1739 1948; x_wconf 80' lang='lat' dir='ltr'>pag.</span> 
     </span>
     <span class='ocr_line' id='line_1_57' title="bbox 1083 1954 1739 2005; baseline 0 -15"><span class='ocrx_word' id='word_1_277' title='bbox 1083 1954 1165 1995; x_wconf 74' lang='grc'><strong>482</strong></span> <span class='ocrx_word' id='word_1_278' title='bbox 1189 1955 1428 2005; x_wconf 66' lang='lat' dir='ltr'><em>E.Polyaeu.</em></span> <span class='ocrx_word' id='word_1_279' title='bbox 1448 1955 1528 2001; x_wconf 75' lang='lat' dir='ltr'><em>vu,</em></span> <span class='ocrx_word' id='word_1_280' title='bbox 1547 1954 1614 1995; x_wconf 84' lang='grc'><em>24.</em></span> <span class='ocrx_word' id='word_1_281' title='bbox 1636 1955 1739 1990; x_wconf 85' lang='lat' dir='ltr'>Pau-</span> 
     </span>
     <span class='ocr_line' id='line_1_58' title="bbox 1081 2009 1739 2058; baseline 0 -10"><span class='ocrx_word' id='word_1_282' title='bbox 1081 2024 1162 2048; x_wconf 84' lang='lat' dir='ltr'><em>san.</em></span> <span class='ocrx_word' id='word_1_283' title='bbox 1186 2012 1281 2058; x_wconf 86' lang='lat' dir='ltr'>VIII,</span> <span class='ocrx_word' id='word_1_284' title='bbox 1313 2014 1337 2051; x_wconf 87' lang='lat'><em>8</em></span> <span class='ocrx_word' id='word_1_285' title='bbox 1356 2012 1391 2057; x_wconf 61' lang='grc' dir='ltr'><em>ξ,</em></span> <span class='ocrx_word' id='word_1_286' title='bbox 1414 2011 1438 2052; x_wconf 88' lang='lat'><em>5</em></span> <span class='ocrx_word' id='word_1_287' title='bbox 1467 2011 1554 2048; x_wconf 83' lang='lat' dir='ltr'>coll.</span> <span class='ocrx_word' id='word_1_288' title='bbox 1581 2009 1739 2048; x_wconf 81' lang='lat' dir='ltr'>Di0dor.</span> 
     </span>
     <span class='ocr_line' id='line_1_59' title="bbox 1083 2066 1738 2117; baseline 0 -14"><span class='ocrx_word' id='word_1_289' title='bbox 1083 2069 1150 2113; x_wconf 86' lang='lat' dir='ltr'><em>XI,</em></span> <span class='ocrx_word' id='word_1_290' title='bbox 1172 2069 1225 2108; x_wconf 82' lang='grc'><em>60</em></span> <span class='ocrx_word' id='word_1_291' title='bbox 1257 2074 1293 2104; x_wconf 87' lang='lat' dir='ltr'><em>et</em></span> <span class='ocrx_word' id='word_1_292' title='bbox 1314 2066 1493 2117; x_wconf 80' lang='lat' dir='ltr'>Thucyd.</span> <span class='ocrx_word' id='word_1_293' title='bbox 1523 2068 1552 2113; x_wconf 90' lang='lat'><em>1,</em></span> <span class='ocrx_word' id='word_1_294' title='bbox 1575 2069 1640 2108; x_wconf 83' lang='lat'><em>98.</em></span> <span class='ocrx_word' id='word_1_295' title='bbox 1672 2068 1738 2104; x_wconf 83' lang='lat' dir='ltr'><em>Si-</em></span> 
     </span>
     <span class='ocr_line' id='line_1_60' title="bbox 1081 2122 1739 2172; baseline 0 -12"><span class='ocrx_word' id='word_1_296' title='bbox 1081 2125 1239 2160; x_wconf 79' lang='lat' dir='ltr'>minima</span> <span class='ocrx_word' id='word_1_297' title='bbox 1268 2122 1356 2159; x_wconf 85' lang='lat' dir='ltr'>huic</span> <span class='ocrx_word' id='word_1_298' title='bbox 1377 2123 1564 2172; x_wconf 83' lang='lat' dir='ltr'>exempla,</span> <span class='ocrx_word' id='word_1_299' title='bbox 1595 2129 1635 2159; x_wconf 91' lang='lat' dir='ltr'><em>ut</em></span> <span class='ocrx_word' id='word_1_300' title='bbox 1667 2122 1739 2160; x_wconf 83' lang='lat' dir='ltr'><em>ad-</em></span> 
     </span>
     <span class='ocr_line' id='line_1_61' title="bbox 1081 2178 1736 2229; baseline 0.003 -14"><span class='ocrx_word' id='word_1_301' title='bbox 1081 2179 1134 2216; x_wconf 81' lang='lat' dir='ltr'><em>dit</em></span> <span class='ocrx_word' id='word_1_302' title='bbox 1164 2178 1425 2225; x_wconf 59' lang='lat' dir='ltr'><em>Valckenaer„</em></span> <span class='ocrx_word' id='word_1_303' title='bbox 1447 2179 1601 2229; x_wconf 81' lang='lat' dir='ltr'>praebet</span> <span class='ocrx_word' id='word_1_304' title='bbox 1631 2186 1736 2217; x_wconf 76' lang='lat' dir='ltr'>vetus</span> 
     </span>
     <span class='ocr_line' id='line_1_62' title="bbox 1079 2234 1736 2284; baseline 0.005 -14"><span class='ocrx_word' id='word_1_305' title='bbox 1079 2234 1231 2271; x_wconf 83' lang='lat' dir='ltr'>historia</span> <span class='ocrx_word' id='word_1_306' title='bbox 1247 2235 1408 2284; x_wconf 84' lang='lat' dir='ltr'>plurima</span> <span class='ocrx_word' id='word_1_307' title='bbox 1423 2247 1432 2271; x_wconf 75' lang='grc' dir='ltr'><em>τ</em></span> <span class='ocrx_word' id='word_1_308' title='bbox 1467 2235 1623 2275; x_wconf 77' lang='lat' dir='ltr'><em>Diodor.</em></span> <span class='ocrx_word' id='word_1_309' title='bbox 1634 2237 1736 2284; x_wconf 80' lang='lat' dir='ltr'>XVI,</span> 
     </span>
     <span class='ocr_line' id='line_1_63' title="bbox 1079 2290 1737 2338; baseline 0.006 -12"><span class='ocrx_word' id='word_1_310' title='bbox 1079 2290 1144 2330; x_wconf 75' lang='lat'><em>45.</em></span> <span class='ocrx_word' id='word_1_311' title='bbox 1167 2291 1285 2338; x_wconf 73' lang='lat' dir='ltr'>XVII,</span> <span class='ocrx_word' id='word_1_312' title='bbox 1302 2293 1364 2331; x_wconf 85' lang='grc'><em>28.</em></span> <span class='ocrx_word' id='word_1_313' title='bbox 1386 2292 1522 2338; x_wconf 79' lang='lat' dir='ltr'>xvm,</span> <span class='ocrx_word' id='word_1_314' title='bbox 1543 2295 1609 2332; x_wconf 87' lang='grc'><em>22.</em></span> <span class='ocrx_word' id='word_1_315' title='bbox 1631 2291 1737 2330; x_wconf 83' lang='lat' dir='ltr'><em>Pho-</em></span> 
     </span>
     <span class='ocr_line' id='line_1_64' title="bbox 1079 2347 1737 2399; baseline 0.008 -16"><span class='ocrx_word' id='word_1_316' title='bbox 1079 2348 1250 2384; x_wconf 76' lang='lat' dir='ltr'>censium</span> <span class='ocrx_word' id='word_1_317' title='bbox 1271 2361 1318 2383; x_wconf 84' lang='lat' dir='ltr'><em>ex</em></span> <span class='ocrx_word' id='word_1_318' title='bbox 1339 2347 1598 2399; x_wconf 84' lang='lat' dir='ltr'>desperatione</span> <span class='ocrx_word' id='word_1_319' title='bbox 1615 2351 1737 2388; x_wconf 79' lang='lat' dir='ltr'>rabies</span> 
     </span>
     <span class='ocr_line' id='line_1_65' title="bbox 1078 2405 1735 2452; baseline 0.011 -14"><span class='ocrx_word' id='word_1_320' title='bbox 1078 2411 1227 2440; x_wconf 68' lang='lat' dir='ltr'>narrata</span> <span class='ocrx_word' id='word_1_321' title='bbox 1258 2417 1278 2439; x_wconf 80' lang='lat' dir='ltr'>a</span> <span class='ocrx_word' id='word_1_322' title='bbox 1311 2405 1472 2442; x_wconf 80' lang='lat' dir='ltr'>Pausan.</span> <span class='ocrx_word' id='word_1_323' title='bbox 1504 2406 1554 2452; x_wconf 90' lang='lat' dir='ltr'><em>X,</em></span> <span class='ocrx_word' id='word_1_324' title='bbox 1581 2408 1598 2445; x_wconf 85' lang='lat'>1</span> <span class='ocrx_word' id='word_1_325' title='bbox 1633 2408 1670 2452; x_wconf 64' lang='grc' dir='ltr'><em>ξ.</em></span> <span class='ocrx_word' id='word_1_326' title='bbox 1694 2410 1735 2447; x_wconf 85' lang='grc'><em>3.</em></span> 
     </span>
     <span class='ocr_line' id='line_1_66' title="bbox 1078 2458 1736 2514; baseline 0.009 -19"><span class='ocrx_word' id='word_1_327' title='bbox 1078 2458 1259 2497; x_wconf 77' lang='lat' dir='ltr'>Plutarch</span> <span class='ocrx_word' id='word_1_328' title='bbox 1282 2462 1315 2496; x_wconf 91' lang='lat'><em>11</em></span> <span class='ocrx_word' id='word_1_329' title='bbox 1336 2474 1374 2511; x_wconf 89' lang='lat' dir='ltr'><em>p.</em></span> <span class='ocrx_word' id='word_1_330' title='bbox 1393 2460 1474 2501; x_wconf 76' lang='lat'><em>244</em></span> <span class='ocrx_word' id='word_1_331' title='bbox 1487 2463 1528 2498; x_wconf 90' lang='lat' dir='ltr'><em>C.</em></span> <span class='ocrx_word' id='word_1_332' title='bbox 1549 2462 1736 2514; x_wconf 76' lang='lat' dir='ltr'><em>Polyaen.</em></span> 
     </span>
     <span class='ocr_line' id='line_1_67' title="bbox 1080 2517 1735 2570; baseline 0.006 -18"><span class='ocrx_word' id='word_1_333' title='bbox 1080 2529 1119 2566; x_wconf 89' lang='lat' dir='ltr'><em>p.</em></span> <span class='ocrx_word' id='word_1_334' title='bbox 1141 2519 1214 2557; x_wconf 73' lang='lat'><em>821</em></span> <span class='ocrx_word' id='word_1_335' title='bbox 1256 2517 1345 2564; x_wconf 52' lang='lat' dir='ltr'><em>[NL</em></span> <span class='ocrx_word' id='word_1_336' title='bbox 1372 2519 1465 2566; x_wconf 89' lang='lat'>18].</span> <span class='ocrx_word' id='word_1_337' title='bbox 1515 2518 1735 2570; x_wconf 77' lang='lat' dir='ltr'>Comparari</span> 
     </span>
     <span class='ocr_line' id='line_1_68' title="bbox 1080 2572 1735 2626; baseline 0.008 -18"><span class='ocrx_word' id='word_1_338' title='bbox 1080 2572 1490 2623; x_wconf 84' lang='lat' dir='ltr'>poteritAbydenorum</span> <span class='ocrx_word' id='word_1_339' title='bbox 1502 2575 1621 2612; x_wconf 81' lang='lat' dir='ltr'>rabies</span> <span class='ocrx_word' id='word_1_340' title='bbox 1631 2575 1735 2626; x_wconf 78' lang='lat' dir='ltr'>apud</span> 
     </span>
     <span class='ocr_line' id='line_1_69' title="bbox 1078 2631 1734 2677; baseline 0.006 -12"><span class='ocrx_word' id='word_1_341' title='bbox 1078 2631 1230 2666; x_wconf 73' lang='lat' dir='ltr'>Livium</span> <span class='ocrx_word' id='word_1_342' title='bbox 1252 2631 1397 2677; x_wconf 82' lang='lat' dir='ltr'>XXXI,</span> <span class='ocrx_word' id='word_1_343' title='bbox 1412 2633 1461 2670; x_wconf 87' lang='lat'><em>17</em></span> <span class='ocrx_word' id='word_1_344' title='bbox 1482 2631 1569 2668; x_wconf 78' lang='lat' dir='ltr'>coll.</span> <span class='ocrx_word' id='word_1_345' title='bbox 1590 2632 1734 2668; x_wconf 81' lang='lat' dir='ltr'>Casuu-</span> 
     </span>
     <span class='ocr_line' id='line_1_70' title="bbox 1079 2685 1732 2740; baseline 0.002 -18"><span class='ocrx_word' id='word_1_346' title='bbox 1079 2686 1167 2723; x_wconf 89' lang='lat' dir='ltr'><em>bon.</em></span> <span class='ocrx_word' id='word_1_347' title='bbox 1201 2687 1240 2722; x_wconf 86' lang='lat' dir='ltr'><em>iu</em></span> <span class='ocrx_word' id='word_1_348' title='bbox 1267 2685 1409 2723; x_wconf 86' lang='lat' dir='ltr'>Athen.</span> <span class='ocrx_word' id='word_1_349' title='bbox 1437 2688 1527 2731; x_wconf 74' lang='grc' dir='ltr'><em>ΧΠ,</em></span> <span class='ocrx_word' id='word_1_350' title='bbox 1559 2690 1580 2727; x_wconf 90' lang='lat'><strong>7</strong></span> <span class='ocrx_word' id='word_1_351' title='bbox 1614 2686 1732 2740; x_wconf 79' lang='lat'>(38.)</span> 
     </span>
     <span class='ocr_line' id='line_1_71' title="bbox 1079 2739 1732 2796; baseline 0.008 -18"><span class='ocrx_word' id='word_1_352' title='bbox 1079 2765 1129 2770; x_wconf 87' lang='lat'>—</span> <span class='ocrx_word' id='word_1_353' title='bbox 1159 2743 1204 2779; x_wconf 85' lang='lat' dir='ltr'><em>Iu</em></span> <span class='ocrx_word' id='word_1_354' title='bbox 1232 2756 1338 2796; x_wconf 81' lang='lat' dir='ltr'>seqq.</span> <span class='ocrx_word' id='word_1_355' title='bbox 1374 2741 1422 2780; x_wconf 82' lang='lat' dir='ltr'><em>ad</em></span> <span class='ocrx_word' id='word_1_356' title='bbox 1450 2739 1598 2795; x_wconf 79' lang='grc' dir='ltr'><em>παρεὸν</em></span> <span class='ocrx_word' id='word_1_357' title='bbox 1628 2744 1732 2783; x_wconf 83' lang='lat' dir='ltr'>cons.</span> 
     </span>
    </p>
   </div>
   <div class='ocr_carea' id='block_1_24' title="bbox 1075 2798 1209 2846">
    <p class='ocr_par' dir='ltr' id='par_1_24' title="bbox 1075 2798 1209 2846">
     <span class='ocr_line' id='line_1_72' title="bbox 1075 2798 1209 2846; baseline 0.015 -11"><span class='ocrx_word' id='word_1_358' title='bbox 1075 2798 1120 2846; x_wconf 90' lang='lat' dir='ltr'><em>V,</em></span> <span class='ocrx_word' id='word_1_359' title='bbox 1141 2800 1209 2840; x_wconf 80' lang='lat'><em>49.</em></span> 
     </span>
    </p>
   </div>
   <div class='ocr_carea' id='block_1_25' title="bbox 1854 0 1887 1982">
    <p class='ocr_par' dir='ltr' id='par_1_25' title="bbox 1854 0 1887 1982">
     <span class='ocr_line' id='line_1_73' title="bbox 1854 0 1887 1982; baseline 0 0"><span class='ocrx_word' id='word_1_360' title='bbox 1854 0 1887 1982; x_wconf 95' lang='lat' dir='ltr'><em> </em></span> 
     </span>
    </p>
   </div>
  </div>
 </body>
</html>
