1897 3340
415 170 1172 210 TERPslcuc)Rl⁴;.x'.
1345 173 1426 211 125

105 301 107 303 ·
168 280 336 324 σόνων·
369 280 471 323 δέκα
500 295 543 322 τε
572 278 625 333 δὴ
656 275 910 333 φυλάρχους
932 275 1027 319 ἀντὶ
1045 275 1258 330 τεσσέρων
1287 276 1427 332 ἐποίη-

170 361 237 400 σε,
280 349 383 391 δέκα
413 347 458 390 δὲ
487 346 561 390 καὶ
590 345 695 396 τούς
734 345 902 400 δήμους
931 343 1132 399 κατένεμε
1161 343 1203 394 ἐς
1231 342 1308 393 τὰς
1337 360 1426 397 φυ-

141 416 261 466 δλάς.
322 410 376 470 ἦν
405 429 470 466 τε,
515 413 592 455 τόν
632 414 773 468 δῆμον
810 412 1131 467 προσθέμενος,
1170 414 1318 467 πολλῷ
1346 427 1429 454 κα-

40 491 108 536 70
157 483 343 537 τύπερθε
373 485 461 524 τῶν
497 479 876 524 ἀντιστασιωτέων.
933 478 1004 521 Ἐν
1036 483 1097 535 τῷ
1126 479 1250 534 μέρεϊ
1287 481 1333 523 δὲ
1361 479 1426 523 ἑσ-
1482 482 1630 518 ¹S³g0me
1650 485 1739 513 Cleo-

1485 525 1573 544 mene
1582 520 1756 554 *partam*

169 549 377 604 σούμενος
407 547 430 591 ὁ
455 546 703 603 Ἰσαγόρης,
734 545 1034 604 ἀντιτεχνᾶται
1064 545 1176 589 τάδε.
1220 547 1429 591 ἐπικαλέε-
1487 558 1545 585 ‘We
1565 560 1594 578 ¹¹¹
1611 554 1757 583 mustum·

1486 593 1503 610 v
1508 586 1603 611 uentis
1591 595 1613 617 ‚
1640 596 1695 622 per

167 633 237 659 ται
267 614 513 671 Κλεομένεα
542 614 620 658 τὸν
648 614 1018 671 Λακεδαιμόνιον,
1053 613 1292 669 γενόμενον
1322 613 1423 658 ἕωυ-
1482 618 1757 651 ⁸⁹ffl⁶¹¹¹⁸cc¹eri⁸

109 800 152 837 G.
175 802 216 837 F.
238 801 460 836 Hermanno
480 801 506 836 l.
528 801 553 837 l.
574 814 663 851 pag.
684 803 767 841 210

110 864 146 893 et
164 855 270 893 Bake
291 858 329 893 111
346 858 444 895 Bibl.
467 858 547 894 crit.
560 859 611 894 lv
630 872 668 908 p.
683 859 765 898 272

108 927 200 965 seq.;
226 915 291 965 qui
303 915 334 949 si
354 913 460 961 illud,
483 914 585 965 quod
606 927 675 951 nos
690 926 765 964 po—

108 973 264 1017 suimus,
298 969 421 1007 dicere
441 972 619 1008 voluisset
639 973 764 1007 Hero—

108 1026 230 1074 dotus,
260 1040 339 1063 11011
374 1027 540 1074 dubitat,
580 1029 673 1080 quin
699 1028 763 1063 ille

107 1085 313 1134 scripserit:
338 1084 392 1131 εἰς
413 1083 508 1123 δέκα
526 1082 568 1123 δὲ
590 1084 657 1123 καὶ
671 1081 764 1130 τούς

108 1136 262 1191 δήμους
287 1140 471 1192 κατένεμε
511 1139 667 1190 φυλάς,
697 1141 764 1176 ubi

111 1198 312 1234 articulum
339 1195 408 1243 τοὶς
438 1205 524 1234 ante
556 1195 686 1247 φυλάς
719 1209 765 1233 o-

105 1254 264 1290 missum
303 1253 483 1305 equidem
513 1267 625 1304 aegre
665 1253 766 1289 desi-

108 1308 212 1346 dero.
253 1311 337 1360 Ipse
356 1310 499 1347 Bakius
520 1312 566 1347 ab
587 1309 765 1347 Herodo—

107 1373 146 1403 to
164 1368 214 1403 ita
233 1369 414 1418 scriptum
435 1368 548 1404 fuisse
571 1373 764 1404 autumat:

108 1423 196 1461 καὶ
247 1422 305 1474 δή
351 1423 438 1462 καὶ
479 1421 572 1470 τούς
614 1419 767 1473 δήμους

107 1478 294 1529 κατένεμε
335 1479 373 1526 ἐς
404 1477 473 1526 τοὶς
512 1475 655 1528 φυλάς.
719 1480 765 1515 Ut

108 1543 235 1572 autem
246 1537 406 1572 minime
420 1534 494 1572 hoc
516 1549 565 1572 ex
584 1535 767 1572 Herodoti

106 1593 229 1629 verbis
250 1593 378 1643 colligi
404 1594 562 1644 poterit,
601 1591 766 1630 Clisthe-

106 1662 198 1685 nem
226 1651 395 1700 primum
422 1651 657 1686 constituisse
694 1648 764 1686 de-

108 1718 190 1742 mos
203 1735 213 1753 ,
242 1707 293 1743 ita
323 1706 501 1758 equidem
521 1705 625 1743 haud
645 1707 765 1743 inter-

107 1762 254 1810 cedam,
265 1764 297 1799 si
308 1765 391 1815 quis
402 1763 547 1810 demos,
559 1765 636 1799 iam
653 1770 765 1800 antea

107 1821 339 1867 constitutos,
373 1833 393 1856 a
410 1819 600 1857 Clisthene
629 1821 765 1857 melius

107 1877 327 1913 constitutos
348 1890 426 1913 esse
448 1876 665 1914 contendat.
706 1877 764 1913 Ac

107 1933 246 1983 legitur
278 1934 488 1971 Aristotelis
519 1932 675 1986 quidam
704 1934 764 1970 lo-

108 2003 172 2026 cus
194 2003 214 2026 e
236 1988 438 2041 deperditis
450 2004 579 2027 rerum
589 1991 764 2042 publica-

106 2059 192 2082 rum
205 2047 320 2095 libris,
347 2049 493 2099 opinor,
518 2047 764 2099 depromptus

107 2102 361 2156 (quamquam
398 2106 437 2141 in
484 2103 595 2141 huius
642 2105 764 2156 operis

107 2160 328 2210 fragmentis
377 2174 398 2198 a
445 2162 488 2199 C.
533 2163 763 2198 Neumanuo

108 2217 275 2254 collectis
314 2219 450 2255 frustra
489 2219 674 2270 quaesivi)
724 2219 764 2254 in

108 2271 238 2310 Schol.
258 2273 451 2326 Aristoph.
481 2276 580 2312 Nub.
603 2279 669 2323 32,
698 2275 765 2311 ubi

107 2330 188 2381 ipse
227 2330 434 2369 Clisthenes
479 2333 764 2368 naucrariariun

107 2387 193 2424 loco
234 2387 366 2425 demos
407 2389 526 2425 fertur
563 2390 764 2426 instituisse

108 2444 278 2496 itemque
308 2458 577 2482 naucrarorum
598 2446 683 2482 loco
706 2446 765 2483 cle-

109 2501 279 2549 marchos,
301 2503 367 2554 qui
386 2503 541 2552 singulis
562 2501 680 2539 demis
695 2515 763 2539 eo-

110 2556 198 2594 dem
207 2557 323 2595 modo
334 2566 560 2610 praeessent,
574 2572 649 2611 quo
665 2573 765 2596 nau-

110 2616 205 2651 crari
223 2617 440 2653 naucrariis.
469 2617 519 2653 Et
539 2617 588 2653 cf.
609 2629 763 2668 quoque

111 2669 154 2706 C.
175 2672 220 2708 L.
237 2672 459 2710 Grotefend.
490 2674 530 2709 iu
559 2674 762 2724 scriptione

111 2725 158 2762 de
180 2726 298 2765 demis
319 2736 354 2766 et
368 2730 474 2779 pagis
491 2731 624 2767 Attico.
647 2729 764 2781 (Got-

109 2784 203 2834 ting.
227 2786 350 2834 1829)
380 2799 466 2836 pag.
497 2789 549 2828 10
578 2794 671 2835 not.‚
701 2788 763 2825 cui

1484 652 1604 686 03101111
1633 654 1740 686 [inter-

1481 686 1581 754 33th
1607 687 1703 722 (331011
1728 698 1754 717 a

824 807 861 837 et
880 801 951 852 ipsi
979 799 1163 837 Herodoti
1190 801 1294 837 locus
1323 806 1424 837 recte
1443 813 1483 837 se

822 855 962 894 habere
974 857 1135 903 videtur,
1150 870 1386 909 quamquam
1398 870 1483 893 cer-

820 921 899 950 tam
951 915 1180 951 sententiam
1233 914 1480 964 pronuntiare

819 984 899 1008 non
933 971 1068 1017 audet,
1107 971 1186 1007 aliis
1221 983 1303 1007 rem
1339 969 1481 1008 diiudi-

819 1027 981 1065 candam
1001 1000 1231 1080 relinquens.

878 1083 972 1124 δέκα
999 1099 1039 1123 τε
1061 1081 1110 1135 δὴ
1139 1079 1368 1134 φυλάρχους
1390 1076 1479 1120 α’ντι

820 1141 1013 1193 τεσσέρων
1036 1140 1214 1191 ἐποίησε]
1238 1137 1480 1191 Phylarcho-

821 1211 908 1234 rum
928 1211 1071 1234 nomen
1100 1199 1139 1233 in
1174 1196 1232 1234 his
1261 1197 1353 1233 falso
1382 1195 1479 1232 tradi

821 1256 948 1291 statuit
961 1255 1002 1291 C.
1015 1256 1057 1291 F.
1070 1256 1282 1290 Hermann.
1302 1254 1327 1290 l.
1348 1253 1374 1289 l.
1390 1265 1479 1302 pag.

821 1312 915 1358 209,
936 1324 1025 1347 cum
1049 1312 1115 1362 qui
1133 1311 1290 1360 singulis
1310 1310 1480 1346 tribubus

821 1380 851 1404 S·
878 1371 1022 1415 φυλαῖς
1043 1368 1223 1418 praefecti
1240 1367 1392 1413 fuerint,
1408 1377 1480 1402 vo-

822 1425 895 1460 cati
910 1426 982 1461 sint
994 1422 1213 1475 ἐπιμελεταὶ
1235 1425 1314 1462 τῶν
1326 1424 1478 1472 φυλῶν,

823 1479 870 1516 de
902 1482 1036 1531 quibus
1065 1480 1141 1517 vid.
1163 1478 1400 1517 Schomann.
1421 1480 1480 1514 De

823 1537 977 1574 Comitt.
998 1551 1037 1587 p.
1063 1539 1159 1584 369,
1192 1532 1388 1588 φύλαρχοι
1409 1547 1481 1571 au-

820 1600 899 1630 tem
931 1593 1034 1645 apud
1053 1594 1150 1630 solos
1182 1594 1417 1644 reperiantur
1437 1605 1480 1627 e-

821 1651 957 1702 quites.
1021 1652 1078 1686 Ita
1119 1651 1222 1686 enim
1258 1649 1479 1686 Aristoteles

820 1720 908 1758 pag.
931 1709 985 1748 80
1006 1709 1222 1744 Neumann.
1251 1720 1299 1743 ex
1327 1708 1479 1756 Harpo-

821 1771 912 1801 crat.
934 1778 971 1815 p.
993 1763 1074 1805 344
1096 1759 1298 1815 φύλαρχός
1328 1762 1432 1802 ἐστιν
1457 1777 1478 1801 ο

818 1818 918 1859 nocto?
942 1817 1078 1871 φυλήν
1103 1816 1273 1870 ἑκάστην
1304 1834 1374 1858 του
1409 1818 1478 1857 ἵπ-

820 1880 942 1916 πικοῦ
989 1873 1120 1928 ἅρχων
1161 1874 1479 1928 ὖποτεταγμένος

821 1931 864 1973 δὲ
890 1929 1108 1988 Ιππαρχῳ.
1167 1932 1246 1971 Sed
1280 1932 1371 1969 iude
1397 1944 1478 1969 11011

818 1992 989 2043 sequitur
1016 1991 1109 2028 falsa
1146 1989 1293 2027 tradere
1330 1995 1478 2040 patrem

820 2046 1009 2095 historiae,
1040 2049 1101 2084 cui
1122 2045 1195 2084 hoc
1216 2048 1308 2084 vitio
1328 2053 1477 2084 vertere

819 2106 886 2142 vix
917 2105 1066 2153 licebit,
1107 2103 1211 2156 quod
1229 2104 1377 2140 nullam
1398 2117 1478 2152 φυ-

820 2160 1085 2213 λοβασιλέων,
1135 2162 1202 2214 qui
1239 2161 1396 2212 antiquo
1428 2172 1478 2196 ex

820 2232 927 2255 more
951 2217 1000 2255 ad
1024 2231 1127 2256 sacra
1148 2217 1315 2255 curanda
1336 2217 1478 2254 consti-

810 2276 903 2321 tuti,
938 2275 986 2312 ad
1006 2276 1128 2326 ipsam
1155 2288 1284 2312 rerum
1303 2274 1477 2326 publica—

820 2346 909 2369 rum
945 2345 1077 2369 curam
1107 2333 1269 2368 minime
1309 2331 1478 2383 pertine-

820 2390 932 2437 bant3
964 2390 1066 2426 conf.
1086 2390 1301 2426 Tittmann.
1325 2386 1478 2429 Griech‚

821 2447 1041 2485 Staatsverf.
1051 2459 1138 2498 pag.
1162 2444 1242 2487 274
1258 2459 1337 2498 seq.

1034 2537 1127 2589 cap.
1146 2537 1272 2574 LXX.

874 2611 940 2654 Ἑν
963 2618 1019 2669 τῷ
1039 2615 1166 2668 μέρεϊ]
1199 2618 1224 2654 i.
1248 2631 1281 2655 e.
1310 2618 1475 2655 vicissim.

820 2673 884 2709 Tu
902 2674 1003 2710 conf.
1021 2676 1050 2721 I,
1072 2678 1125 2715 26
1148 2675 1239 2726 ibiq.
1269 2681 1365 2711 nott.
1393 2673 1474 2717 VII,

819 2732 902 2771 212
924 2731 1015 2782 ibiq.
1038 2732 1270 2780 Wesseling.
1285 2732 1341 2766 De
1363 2729 1476 2764 Cleo-

819 2800 946 2835 mene,
968 2789 1073 2824 cuius
1093 2801 1187 2824 mox
1200 2787 1356 2832 mentio,
1374 2783 1474 2821 conf.
