1897 3340
551 171 1186 211 POLYMNIA.V11.
1401 180 1484 219 695

227 278 390 336 χρόνον
429 283 588 324 τοῦτον
633 282 853 324 Φοινίκων
882 280 956 322 καὶ
997 277 1177 335 Λιβύων
1213 282 1286 323 καὶ
1308 279 1487 338 Ἰβήρων
1544 294 1625 335 532

226 349 300 391 καὶ
319 347 498 403 Λιγύων
517 350 591 393 καὶ
615 346 852 392 Ἐλισύκων
880 347 954 390 καὶ
981 347 1247 402 Σαρδονίων
1263 348 1336 390 καὶ
1366 352 1482 404 Κυρ-

225 418 335 460 νίων
381 416 613 473 τριήκοντα
660 413 901 471 μυριάδας,
939 415 1013 459 καὶ
1051 413 1297 471 στρατηγόν
1338 413 1538 458 αὐτῶν35

230 579 431 617 Φοινίκων
480 575 547 616 καὶ
592 570 824 627 Λιβύων-

170 632 385 686 τριήκοντα
409 629 622 685 μυριάδας]
645 632 827 670 Eundem

168 704 374 728 numerum
393 690 506 738 tradit
523 689 679 727 Diodor.
700 692 768 738 XI,
803 692 821 729 1

168 748 233 785 fin.
253 750 320 787 20.
379 748 502 793 Quem
532 760 600 797 pro
626 745 827 796 Carthagi-

166 805 359 840 niensium
410 804 604 854 republica
659 805 825 840 nimium

166 858 354 912 valdeque
393 867 668 910 exaggeratum
703 859 824 897 videri

167 917 341 954 observat
360 916 593 955 Dahhnann.
627 917 668 953 in
697 918 823 953 Hero-

167 972 245 1012 dot.
268 987 306 1024 p.
319 976 412 1014 188.
441 973 633 1025 Equidem
653 986 730 1010 non
745 973 824 1010 dis-

167 1043 345 1075 cernam,
386 1029 482 1066 illud
513 1043 634 1066 unum
677 1029 822 1066 attendi

165 1087 295 1134 velim,
315 1087 467 1123 Poenos
488 1099 645 1123 omnem
665 1099 822 1137 operam

165 1144 205 1180 in
226 1142 299 1180 hoc
316 1150 499 1193 apparatu
512 1144 679 1194 posuisse
689 1142 823 1192 videri,

165 1201 478 1252 qquraecorum
488 1213 546 1237 res
553 1201 703 1251 penitus
716 1213 826 1237 ever-

165 1263 300 1304 terent,
322 1255 489 1309 indeque
511 1258 627 1294 etiam
648 1271 668 1293 e
685 1263 738 1294 tot
753 1270 825 1293 na-

165 1314 331 1350 tionibus
363 1314 526 1364 imperio
564 1327 632 1351 suo
666 1312 823 1351 subditis

166 1371 379 1407 exercitum
398 1371 674 1421 conscripsisse.
718 1372 823 1407 Poe-

164 1440 305 1464 norum
325 1434 455 1464 autem
475 1429 662 1464 exercitus
683 1440 704 1463 e
719 1428 824 1464 mul-

164 1485 212 1521 tis
242 1484 418 1535 gentibus
447 1483 624 1521 mercede
650 1484 824 1541 plerum-

166 1554 241 1593 que
276 1542 414 1578 coactis
445 1543 652 1578 constitisse
674 1529 823 1578 dudum

164 1597 262 1635 bene
272 1600 422 1634 monuit
431 1597 732 1635 Heeren.1deen
748 1605 819 1637 etc.

163 1655 212 1702 II,
245 1658 263 1695 1
287 1668 324 1705 p.
356 1657 439 1696 260
468 1668 575 1706 seqq.
632 1656 716 1692 Hoc
736 1655 822 1692 loco

163 1712 333 1762 primum
361 1719 605 1749 recensentur
624 1711 823 1758 ῑΦοίνικες

165 1769 192 1804 i.
213 1780 247 1806 e.
268 1768 340 1818 ipsi
370 1767 481 1805 Poeni
498 1782 528 1805 s.
541 1768 823 1816 Carthaginien-

165 1822 491 1875 seslatqueLibyes,
513 1837 611 1876 quae
621 1831 709 1861 sunt
720 1821 823 1861 Poe-

165 1882 225 1917 nis
261 1879 433 1917 subditae
466 1888 598 1931 gentes
624 1881 664 1916 in
692 1881 822 1918 Africa

164 1950 195 1976 s.
220 1935 436 1987 indigenae,
458 1944 551 1974 teste
564 1936 702 1974 eodem
722 1939 821 1973 Hee-

164 1994 272 2031 renio
291 1994 316 2034 l.
337 1994 363 2030 l.
392 2008 430 2044 p.
460 1996 561 2042 2613
609 2001 821 2046 sequuntur

166 2049 263 2089 Iberi
279 2063 308 2088 s.
329 2051 501 2101 Hispani,
523 2051 588 2102 qui
609 2051 822 2087 maximam

162 2114 312 2159 partem
340 2108 480 2144 Poenis
514 2106 654 2144 subditi
682 2109 722 2143 in
751 2120 821 2144 eo-

165 2177 252 2200 rum
281 2165 507 2201 exercitibus
526 2165 740 2201 militabant
761 2171 821 2201 at-

167 2233 243 2271 que
281 2233 350 2270 pro
389 2221 540 2271 optimis
579 2219 819 2258 habebantur

165 2276 372 2323 militibus,
402 2277 528 2321 Galli,
550 2290 644 2328 quos
667 2284 703 2314 et
722 2278 822 2328 ipsos

166 2332 366 2384 aliquoties
385 2332 425 2367 in
436 2333 656 2370 Poenorum
676 2335 825 2371 exerci-

167 2390 267 2427 tibus
278 2388 484 2439 appellatos
495 2387 824 2441 videmus,quam-

166 2447 223 2485 vis
264 2445 442 2494 nuspiam
475 2443 655 2492 addatur,
686 2459 706 2481 e
727 2459 825 2496 qua-

166 2515 259 2539 nam
280 2502 425 2539 Galliae
454 2506 561 2551 parte
590 2501 646 2537 illi
674 2501 826 2538 oriundi

167 2559 321 2596 fuerim.
378 2556 441 2594 Ad
466 2557 611 2594 Galliae
640 2556 824 2594 meridio-

167 2616 264 2653 nalis
285 2627 405 2662 oram,
425 2614 492 2651 ubi
503 2615 725 2650 Poenorum
739 2626 825 2650 em-

168 2673 296 2724 poria,
332 2684 395 2708 eos
424 2671 613 2722 pertinere
647 2667 824 2718 credam,

169 2741 247 2780 quo
268 2727 427 2775 eodem,
449 2728 605 2778 opinor,
636 2727 827 2777 pertinent

170 2785 332 2836 Ligyes,
392 2796 506 2836 supra
546 2783 751 2821 Massiliam
786 2784 826 2819 in

883 572 1002 627 plagis
1031 576 1271 613 interioribus
1305 575 1351 612 ab
1383 587 1449 611 ora
1478 587 1540 610 re-

883 635 995 670 motis
1016 632 1245 682 habitantes,
1262 638 1304 669 ut
1323 633 1540 668 notavimus

882 689 931 727 ad
951 690 1095 727 Herod.
1118 691 1162 738 V,
1185 692 1226 730 9.
1284 690 1351 725 l-lis
1366 689 1541 739 proxime

882 754 1236 783 commemorantur
1253 743 1459 784 ’Ἐλίσυκοι
1471 773 1482 793 ,
1505 752 1541 780 et

882 805 1101 854 ipsiLigyes
1123 810 1215 840 teste
1236 804 1425 838 Hecataeo
1439 800 1540 851 apud

880 859 1014 910 Steph.
1037 862 1131 912 Byz.
1145 873 1176 897 s.
1191 872 1227 897 v.
1240 859 1279 894 in
1292 859 1427 910 quibus
1444 854 1540 895 Hel-

877 918 1014 954 viorum
1046 924 1083 953 et
1113 916 1352 954 Helvetiorum
1381 915 1540 952 nomina

878 975 1034 1023 agnosci
1054 974 1135 1010 vult
1153 973 1432 1022 Wesselingius
1445 1001 1454 1018 ,
1478 972 1540 1008 cui

879 1030 1025 1067 accedit
1044 1031 1166 1069 Marx.
1189 1028 1238 1065 ad
1267 1027 1411 1080 Ephor.
1433 1028 1540 1078 frag-

880 1093 1016 1125 mentt.
1039 1101 1080 1138 p.
1106 1088 1184 1126 221
1217 1092 1297 1123 not.
1331 1087 1396 1125 12.
1437 1085 1538 1130 Quin

881 1145 1003 1180 Kruse
1023 1141 1197 1193 (Archiv.
1226 1144 1256 1190 I,
1282 1145 1308 1181 2
1327 1155 1365 1191 p.
1388 1142 1460 1190 61)
1491 1140 1540 1177 de

879 1200 1034 1251 Elysizsts
1044 1200 1110 1252 qui
1125 1206 1218 1236 teste
1239 1199 1397 1236 Tacito'
1388 1211 1426 1234 m
1441 1199 1539 1235 Ger-

878 1269 982 1294 man.
1004 1256 1056 1297 43
1079 1258 1114 1303 ξ.
1127 1259 1152 1297 6
1175 1254 1223 1292 ad
1242 1256 1453 1306 Lygiorum
1466 1268 1539 1291 no-

879 1327 970 1350 men
982 1315 1183 1364 pertinent,
1196 1313 1348 1362 cogitat,
1362 1313 1463 1348 itaut
1490 1324 1539 1348 ex

878 1370 1139 1408 meridionalis
1152 1370 1296 1406 Galliae
1308 1375 1421 1420 atque
1432 1369 1539 1405 Itali-

881 1441 926 1464 ae
947 1429 1019 1465 oris
1039 1426 1134 1463 haec
1146 1439 1238 1477 gens
1251 1426 1389 1462 olimin
1407 1425 1540 1462 silesi-

879 1497 924 1521 ae
948 1497 991 1521 ac
1006 1485 1180 1521 Lusatiae
1190 1490 1329 1519 tractus
1340 1483 1538 1531 immigra-

878 1543 938 1579 rit.
955 1543 1218 1578 Memorantur
1230 1546 1381 1577 tantum
1400 1540 1538 1575 milites

878 1612 927 1636 ex
946 1599 1066 1635 insula
1081 1597 1256 1635 Sardinia
1269 1603 1381 1647 atque
1395 1595 1538 1633 Corsica

878 1669 909 1693 s.
943 1655 1081 1706 Cyrno,
1126 1653 1174 1690 ad
1206 1654 1311 1689 cuius
1342 1655 1537 1703 utriusque

879 1725 987 1749 oram
1025 1713 1177 1748 Poenos
1205 1708 1416 1746 consedisse
1447 1721 1536 1745 con-

878 1776 964 1806 stat.
1040 1767 1152 1805 Conf.
1192 1764 1398 1804 Botticher.
1438 1766 1535 1803 Hist.

879 1823 1085 1875 Carthagg.
1105 1835 1190 1874 pag.
1215 1822 1281 1862 35.
1305 1824 1372 1862 36.
1402 1820 1536 1858 Sardi-

877 1883 984 1918 niam
1003 1883 1138 1918 Noster
1164 1884 1354 1915 memorat
1379 1879 1409 1926 I,
1443 1880 1533 1917 170.

876 1939 922 1985 V,
948 1940 1040 1978 106.
1063 1935 1164 1984 124,
1187 1935 1363 1973 Corsicam
1383 1947 1413 1972 s.
1441 1934 1533 1985 Cyr-

875 2007 958 2032 num
978 1995 1007 2042 I,
1032 1993 1125 2034 165-

933 2049 1002 2089 xa),
1041 2045 1260 2101 στρατηγον
1298 2042 1434 2086 αὐτων
1461 2040 1532 2084 'A-

877 2107 1020 2158 μίλκαν
1039 2102 1110 2145 τὸν
1120 2103 1354 2153 ’Ἀννωνος]
1387 2102 1532 2140 Hamil-

876 2176 990 2201 conem
1035 2169 1149 2200 vocat
1185 2160 1341 2199 Diodor.
1381 2159 1533 2197 Siculus

878 2222 946 2268 XI,
969 2222 1021 2261 20
1059 2216 1129 2258 τὸν
1152 2214 1321 2269 μάλιστα
1348 2212 1439 2267 παρ’
1461 2212 1533 2254 αὕ-

877 2281 962 2323 τοῖς
982 2273 1311 2326 θαυμαζόμενονς
1341 2274 1408 2310 ubi
1446 2278 1534 2309 sunt

879 2335 946 2386 qui
984 2328 1213 2383 ’Λμίλκωνα
1247 2332 1289 2367 in
1337 2325 1533 2380 Ἀμίλκαν

877 2391 1019 2427 mutari
1047 2390 1178 2428 velint.
1243 2385 1331 2427 Vid.
1369 2386 1533 2424 Wessel.

880 2446 930 2483 ad
950 2445 989 2483 h.
1009 2447 1035 2483 l.
1074 2447 1218 2483 Iustino
1239 2445 1346 2491 XIX,
1368 2446 1395 2484 2
1417 2454 1533 2480 voca-

879 2509 943 2539 tur
976 2501 1190 2550 Hamilcar,
1179 2515 1189 2523 ·
1231 2501 1336 2538 libris
1368 2499 1534 2535 multum

881 2559 1055 2610 quamvis
1073 2558 1355 2595 fluctuantibus.
1410 2556 1534 2589 Hero-

881 2614 992 2652 dotus
1005 2627 1096 2651 eum
1105 2614 1144 2654 h.
1160 2615 1185 2652 1.
1207 2612 1371 2679 appellat
1391 2610 1416 2660 β
1427 2625 1450 2647 α
1463 2620 1486 2647 σ
1498 2624 1534 2647 ι-

880 2669 932 2710 λέ
945 2686 969 2710 α
989 2669 1051 2719 (ut
1070 2671 1243 2721 rescripsi
1252 2680 1320 2719 pro
1342 2663 1532 2731 βασιλῆα)

881 2734 921 2765 et
952 2728 1035 2775 VII,
1058 2730 1160 2768 166:
1195 2718 1534 2777 βασιλεύσαν-

882 2779 941 2824 τά
963 2797 1003 2823 τε
1014 2779 1095 2823 κατ’
1115 2779 1394 2834 ἀνδραγαθίην
1427 2780 1533 2829 Καρ-
