1897 3340
399 251 484 290 618
796 249 1257 288 HERODOTI

398 356 481 414 τήν
516 356 697 402 Ἑλλάδα
733 363 944 412 περιεῖναι
983 358 1239 414 ἐλευθέρην,
1274 360 1406 400 τοῦτο
1435 358 1486 400 τὸ
1509 356 1657 413 Ἑλλη-

400 426 528 469 νικὸν
556 430 645 469 πᾶν
673 425 722 470 τὸ
754 425 922 480 λοιπὸν,
952 426 1060 471 ὅσον
1092 426 1149 482 μὴ
1180 423 1376 482 ἐμήδισε,
1409 423 1535 468 αὐτοὶ
1569 420 1655 469 οὗ-

401 510 470 537 τοι,
496 487 609 550 ἦσαν
640 495 683 537 οἱ
710 493 1020 548 ἐπεγείραντες,
1071 495 1143 537 καὶ
1174 494 1352 549 βασιλέα
1381 491 1484 549 μετά
1504 508 1552 547 γε
1580 497 1657 535 θε-
1715 492 1795 535 567

373 560 484 612 δοὺς
532 556 817 615 ἀνωσάμενοι.
877 558 980 603 οὐδὲ
1019 570 1153 614 σφεας
1204 560 1440 616 χρηστήρια
1477 559 1658 616 φοβερά,
1671 563 1718 600 40

397 627 586 682 ἐλθόντα
624 629 670 670 ἐκ
711 631 922 683 Δελφῶν,
951 627 1025 671 καὶ
1053 628 1095 679 ἐς
1125 630 1249 683 δεῖμα
1281 627 1492 684 βαλόντα,
1525 627 1662 670 ἔπεισε

395 695 584 745 ἐκλιπεῖν
611 693 691 750 τὴν
703 693 906 746 Ἐλλάδα·
938 693 1044 738 ἀλλά
1072 697 1424 751 καταμείναντες,
1457 694 1663 751 ἀνέσχον-

402 779 451 806 το
483 760 564 805 τὸν
592 759 771 804 ἐπιόντα
800 761 868 804 ἐπὶ
898 761 978 818 τὴν
1005 761 1154 818 χώρην
1174 762 1393 815 δέξασθαι.

488 848 743 906 Πέμψαντες
766 850 849 907 γὰρ
869 853 914 895 οἱ
941 853 1162 908 Ἀθηναῖοι
1192 852 1234 903 ἐς
1255 837 1457 908 Δελφοὺς
1476 857 1664 907 θεοπρό-

403 925 526 970 πους,
554 918 944 974 χρηστηριάζεσθαι
971 915 1084 975 ἦσαν
1114 919 1292 975 ἑτοῖμοι.
1324 922 1397 963 καί
1426 932 1505 977 σφι
1533 919 1664 976 ποιή-

408 997 507 1030 σασι
537 987 636 1040 περὶ
665 986 713 1030 τό
745 986 845 1042 ἱρόν
873 986 926 1030 τά
955 989 1228 1043 νομιζόμενα,
1260 984 1318 1039 ὦς
1334 988 1377 1038 ἐς
1397 987 1446 1031 τό
1477 988 1666 1044 μέγαρον

245 851 343 896 140

77 917 156 946 Bina
173 915 299 945 oracula

79 950 307 979 Atheniensibus
327 981 334 988 ·

79 985 167 1019 duta,
181 984 277 1023 ,prius
295 989 350 1019 lm'·

79 1019 281 1052 naeissimum,

354 1185 464 1223 lance
484 1186 634 1236 proprie
656 1182 869 1220 adhibitum
898 1182 1011 1220 deor-

355 1254 441 1279 sum
459 1248 640 1292 vergente
661 1253 704 1277 ac
725 1240 771 1277 de
782 1241 892 1277 rebus
911 1240 1013 1276 lanei

334 1330 337 1334 .
355 1297 539 1349 iinpositis
556 1298 809 1348 deorsumque
821 1298 1014 1347 vergenti-

356 1355 426 1392 bus
447 1368 536 1391 cum
544 1356 617 1392 sint
628 1355 831 1405 graviores,
844 1353 891 1391 ad
901 1366 1016 1406 quas—-

357 1412 414 1449 vis
433 1412 654 1448 transfertur
675 1409 762 1447 dein
793 1423 851 1447 res
869 1439 878 1458 ‚
918 1422 1016 1461 quae

357 1466 528 1518 pondere
549 1481 617 1505 suo
646 1467 836 1518 graviores
855 1479 1017 1518 praeva-

359 1524 463 1561 leant
484 1537 543 1576 >ac
580 1524 851 1575 praepolleant.
908 1522 1018 1560 Idem

363 1579 473 1617 affert
512 1582 717 1617 Homerica
756 1581 800 1616 ΙΙ.
831 1578 930 1626 VIII,
963 1581 1018 1619 72

359 1637 487 1684 XXII,
508 1639 603 1677 212.
626 1638 769 1673 Albert.
786 1634 833 1673 ad
853 1633 1019 1686 Hesych.

361 1705 393 1731 S.
415 1706 451 1730 v.
471 1694 507 1729 Π
526 1706 565 1743 p.
584 1695 689 1733 1108
710 1699 789 1729 not.
811 1695 877 1732 27.
908 1690 1019 1737 Quod

362 1761 454 1786 vero
493 1750 617 1787 ταῦτα
655 1750 695 1784 in
730 1744 852 1800 ταύτῃ
882 1748 1023 1784 mutari

364 1805 458 1842 olim
493 1805 664 1842 voluerat
700 1803 823 1842 Bothe
860 1805 1021 1840 Annott.

364 1862 403 1898 in
426 1862 584 1898 Terent.
604 1873 692 1911 pag.
713 1860 793 1903 466
806 1890 815 1907 ,
837 1861 971 1897 merito
984 1859 1024 1898 id

366 1918 507 1968 respuit
525 1917 629 1954 idem
650 1915 1004 1967 Schweighaeuser.

425 2008 542 2045 τοῦτο
565 2004 610 2046 τό
637 2005 865 2056 Ἑλληνικόν
881 2009 965 2046 πᾶν
986 2022 1023 2046 κ.

368 2077 403 2101 τ.
423 2063 475 2110 λ.]
508 2063 582 2100 Pro
605 2065 720 2102 τοῦτο
745 2063 1024 2101 Valcken.1na-

368 2119 450 2156 vult
472 2115 594 2167 οὕτω,
616 2120 799 2170 probante
826 2119 1026 2170 Schweig-

370 2173 566 2222 haousero,
597 2177 662 2227 qui
689 2183 818 2213 tamen
848 2175 942 2213 illud
962 2176 1027 2212 ad-

372 2229 448 2266 dit:
479 2230 585 2277 „Sed
605 2231 692 2269 vide
711 2246 759 2268 ue
781 2232 884 2269 idem
912 2234 1028 2270 τοῦτο

373 2286 496 2323 valcat
525 2288 604 2323 scil.
626 2285 725 2326 κατα
755 2290 871 2327 τοῦτο
892 2288 1028 2323 intelli·

374 2341 584 2391 gendum.“
623 2344 715 2379 Utut
736 2350 802 2390 est,
824 2355 845 2379 a
874 2344 1027 2391 vulgata

376 2396 567 2433 discedere
587 2410 665 2434 non
692 2399 806 2434 licuit.
842 2419 897 2425 —
936 2400 1028 2435 Mox

378 2452 466 2490 dedi
485 2447 588 2503 ἦσαν
606 2467 674 2503 pro
697 2453 789 2492 ἕσαν
811 2451 846 2490 et
869 2453 1030 2503 βασιλέα

377 2522 445 2560 pro
466 2509 648 2559 βασιλῆα.
670 2531 725 2536 —
745 2512 786 2545 In
807 2523 912 2561 seqq.
935 2506 1029 2560 μετά

380 2579 422 2617 γε
444 2561 566 2612 θεούς
585 2566 706 2602 valet:
741 2569 817 2614 post
849 2567 1030 2616 deos'quz'-

379 2621 472 2665 clem,
502 2622 527 2658 i.
558 2635 589 2658 e.
620 2623 648 2657 si
678 2635 698 2657 a
722 2621 789 2659 diis
811 2621 1030 2670 discesseris,

382 2690 546 2729 quorum
575 2690 686 2728 opera
717 2679 885 2728 inprimis
915 2679 1031 2716 adiuti

384 2735 518 2771 Graeci
539 2734 669 2771 Persas
689 2735 918 2784 repulerum.
949 2737 1035 2772 Uti-

384 2797 444 2826 tur
465 2788 536 2827 hoc
552 2790 635 2826 loco
647 2790 860 2827 Blomfiehl.
877 2792 913 2826 in
925 2793 1036 2828 Glos-

383 2859 454 2884 sar.
476 2845 524 2884 ad
539 2845 714 2899 Aeschyl.
728 2848 769 2884 S.
782 2860 815 2884 c.
828 2845 905 2884 Th.
920 2850 1037 2895 1078,

1068 1197 1184 1236 quem
1213 1184 1342 1220 locum
1363 1184 1493 1221 confer
1520 1184 1579 1222 sis.
1638 1185 1724 1220 Non

1070 1242 1176 1277 aliter
1206 1236 1301 1291 μετὰ
1331 1241 1394 1288 IV,
1417 1240 1470 1281 49
1488 1271 1498 1289 ‚
1537 1240 1601 1277 ubi
1623 1239 1726 1277 conf.

1070 1298 1194 1334 allata.
1216 1299 1290 1333 Pro
1314 1292 1729 1348 ἅνωσοῖμενοιΗ.8ῑε-

1070 1353 1184 1405 phau.
1199 1349 1476 1403 ἄπωσοῖμενοις
1498 1352 1601 1390 haud
1616 1355 1729 1390 male.

1074 1434 1125 1439 —-
1146 1410 1208 1447 Ad
1237 1417 1467 1447 structuram.
1502 1410 1608 1447 verbi
1639 1405 1731 1448 α’νὲ-

1074 1471 1217 1518 χεσθαι
1236 1468 1276 1502 iu
1296 1466 1371 1502 fine
1389 1480 1469 1517 cap.
1493 1479 1581 1504 cum
1601 1466 1731 1502 infini-

1073 1525 1165 1571 tivo,
1186 1522 1262 1562 vid.
1283 1522 1496 1565 Mattl1.Gr.
1511 1524 1577 1560 Gr.
1598 1524 1636 1569 ξ.
1649 1523 1730 1564 553

1075 1588 1156 1617 not.
1177 1583 1204 1620 2
1223 1592 1312 1631 pag.
1338 1582 1457 1621 1086-

1297 1702 1388 1753 cap.
1400 1702 1513 1741 CXL.

1138 1803 1373 1853 Πέμψαντες
1384 1826 1439 1831 -
1448 1800 1732 1854 θεοπρόπους]

1078 1862 1137 1898 De
1166 1873 1261 1897 voce
1295 1857 1523 1912 θεοπρόπος
1552 1860 1601 1897 cf.
1629 1862 1659 1907 1,
1682 1862 1735 1900 67

1079 1919 1209 1968 ibique
1229 1924 1324 1955 nott.
1338 1916 1419 1965 VII,
1433 1915 1525 1957 141.
1539 1915 1630 1957 142.
1646 1917 1734 1956 148.

1083 1976 1241 2014 169.—
1260 1970 1615 2024 χρηστηριάζεσθαι
1634 1971 1736 2008 idem

1079 2031 1159 2067 fere
1180 2037 1234 2067 est
1254 2038 1367 2081 atque
1377 2032 1553 2080 χρῆσθαι
1572 2031 1629 2081 τῷ
1643 2043 1738 2078 χρη-

1083 2087 1227 2140 στηρίῳ
1251 2100 1281 2125 s,
1302 2089 1357 2138 τῷ
1376 2089 1460 2139 θεῷ
1472 2084 1644 2122 consulere
1658 2097 1740 2120 ora-

1084 2143 1199 2179 culum
1214 2171 1223 2189 ,
1243 2144 1442 2188 sciscitari,
1471 2147 1513 2177 ut
1532 2142 1560 2187 1,
1583 2141 1649 2181 55.
1672 2141 1738 2180 66.

1085 2200 1150 2238 91.
1172 2199 1219 2245 11,
1240 2198 1304 2238 50.
1325 2198 1405 2245 Vll,
1432 2199 1521 2237 178.

1139 2282 1187 2323 w*
1209 2281 1470 2336 νομιζόμενα]
1503 2285 1620 2323 Sacra
1653 2291 1741 2321 sunt

1083 2354 1151 2391 pro
1182 2354 1288 2378 more
1317 2344 1508 2385 instituta,
1542 2343 1740 2389 solemnia,

1085 2404 1126 2433 ut
1164 2398 1193 2444 1,
1233 2397 1299 2438 49.
1339 2398 1406 2438 35.
1464 2399 1563 2436 Hinc
1592 2399 1742 2448 potissi-

1086 2466 1193 2490 mum
1217 2453 1262 2489 de
1283 2455 1385 2491 iustis
1413 2462 1652 2492 mortuorum
1672 2467 1743 2490 ex-

1086 2511 1222 2560 sequiis
1243 2509 1462 2558 adhibetur3
1492 2512 1592 2548 conf.
1615 2510 1741 2560 Viger.

1086 2566 1310 2605 Idiotismm.
1332 2581 1418 2618 pag.
1437 2569 1530 2613 268,
1552 2581 1601 2604 ne
1621 2568 1742 2617 plura.

1087 2624 1144 2658 De
1165 2636 1259 2660 voce
1280 2621 1449 2675 μέγαρον
1469 2623 1545 2660 vid.
1570 2624 1679 2660 allata
1696 2620 1743 2659 ad

1089 2680 1118 2725 l,
1159 2678 1226 2719 47.
1282 2679 1433 2716 Eodem
1461 2693 1572 2717 seusu
1599 2680 1638 2715 iu
1675 2692 1745 2715 ex—

1091 2743 1212 2772 tremo
1229 2737 1369 2773 oraculi
1389 2749 1498 2774 versu
1519 2733 1560 2775 τὸ
1577 2734 1742 2776 ι’)ἱδυτοντ

1095 2791 1142 2828 de
1162 2805 1238 2843 quo
1259 2793 1443 2830 vocabulo
1464 2791 1541 2830 vid.
1563 2793 1672 2830 allata
1695 2792 1742 2830 ad

1094 2849 1139 2895 V,
1160 2852 1226 2889 72.
