1897 3340
29 0 38 259 -Ῥῂ-ῇ-,ή

13 950 24 1357 ἒ

0 1365 26 1702 ςί

6 1706 14 2026 l

8 698 18 711 ”
37 727 135 773 119
201 731 380 787 Δήλιον.

614 215 913 254 ERATO.
972 214 1047 252 VI.

1381 217 1465 257 393

205 327 304 381 ἷρὸν
332 326 380 371 τὸ
412 325 602 383 ἄγαλμα,
631 324 706 368 καὶ
733 321 970 366 ἐντέλλεται
997 326 1110 366 τοῖσι
1131 323 1333 377 Δηλίοισι
1363 321 1468 365 ἀπα-

202 400 352 451 γαγεῖν
393 395 443 438 τὸ
479 394 649 449 ἄγαλμα
685 391 730 442 ἐς
773 394 943 446 Δήλιον
978 390 1028 433 τό
1074 391 1298 445 Θηβαίων·
1343 388 1392 432 τὸ
1424 389 1466 432 δ’

175 463 298 506 4ἐ’στι
328 463 395 506 ἐπὶ
423 459 644 516 θαλάσσῃ,
676 461 893 510 Χαλκίδος
920 459 1163 502 καταντίον.

1221 460 1356 508 Δᾶτις
1388 457 1466 511 μὲν
1479 463 1525 497 30

204 529 258 585 δή
288 533 424 573 ταῦτα
463 527 755 581 ἐντειλάμενος
795 526 987 570 ἀπέπλεε.
1039 527 1117 569 τὸν
1148 527 1194 569 δὲ
1228 525 1470 579 ἀνδριάντα

202 602 363 641 τοῦτον
389 595 549 652 Δήλιοι
587 594 669 638 οὐκ
699 594 943 651 ἀπήγαγον,
993 591 1102 637 ἀλλά
1133 610 1208 649 μιν
1246 593 1309 637 δι’
1342 593 1471 637 ἐτέων

204 667 340 708 εἴκοσι
373 667 558 720 Θηβαῖοι
585 663 710 707 αὐτοὶ
740 664 785 707 ἐκ
813 664 1090 717 θεοπροπίου
1122 664 1379 717 ἐκομίσαντο
1401 662 1470 705 ἐπὶ

449 732 564 783 Τούς
612 732 658 775 δὲ
706 735 794 774 τῶν
829 729 1074 785 Ἐρετριέων
1113 729 1466 785 ἀνδραποδισμέ-

200 816 307 850 νους
334 801 469 850 Δᾶτίς
501 815 545 842 τε
583 799 657 842 καὶ
695 798 1007 854 Ἀρταφέρνης,
1061 797 1117 849 ὥς
1155 799 1396 854 προσέσχον
1427 799 1470 849 ἐς

198 867 275 922 τὴν
289 865 438 922 Ἀσίην
466 867 687 918 πλέοντες,
719 864 942 922 ἀνήγαγον
971 866 1013 917 ἐς
1042 870 1211 910 Σοῦσα.
1268 867 1523 922 βασιλεύς35

171 935 250 978 26³0-
280 940 491 987 Δαρεῖος,
533 935 638 988 πρὶν
678 933 756 990 μὲν
797 933 1092 990 αἰχμαλώτους
1128 934 1333 990 γενέσθαι
1361 934 1467 986 τούς

197 1002 454 1057 Ἐρετριέας,
495 1002 624 1058 ἐνεῖχέ
662 1014 743 1058 σφι
773 1002 919 1047 δεινὸν
948 1000 1101 1058 χόλον,
1142 1001 1214 1046 οἷα
1245 1002 1440 1057 ἀρξάντω

1524 729 1598 758 Erct
1605 730 1665 758 rios
1693 734 1800 766 captos

1528 764 1569 797 [e.
1588 766 1662 792 101st
1692 765 1801 792 Uarius

1527 799 1700 826 humaniter
1722 803 1784 825 tra-

1526 837 1601 866 ctat,
1622 833 1802 868 Cissi-”leque

1528 867 1637 901 locum,
1674 867 1769 894 Arde-

1527 901 1656 933 rirfflln,
1675 902 1712 928 iis
1732 901 1785 927 ha-

1525 934 1684 963 bitandum
1705 934 1774 961 dat:

1523 968 1609 996 iuxta
1634 977 1722 1004 quem
1748 977 1790 1001 nu

1445 1019 1471 1045 ν
1527 1008 1607 1038 teus,
1635 1002 1802 1030 unde-bitu-

1529 1046 1605 1071 men,
1618 1038 1673 1071 sal,
1691 1037 1801 1064 oleum-

200 1069 370 1127 ἀδικίης
402 1072 627 1126 προτέρων
655 1075 745 1114 τῶν
772 1068 1046 1123 Ἐρετριέων·
1100 1072 1191 1114 ἐπεί
1230 1087 1274 1114 τε
1305 1072 1349 1115 δὲ
1381 1070 1468 1116 εἶδέ
1527 1080 1587 1108 que
1605 1070 1800 1099 hauriuntur.

200 1149 339 1194 σφεας
370 1137 642 1194 ἀπαχθέντας
694 1136 802 1193 παρ’
843 1138 1029 1188 ἑωυτὸν,
1076 1139 1150 1182 καὶ
1189 1138 1469 1195 ὑποχειρίους

199 1206 347 1263 ἑωυτῷ
386 1206 550 1259 ἐόντας,
609 1208 783 1263 ἐποίησε
820 1207 959 1250 κακὸν
1002 1206 1105 1250 ἄλλο
1150 1206 1302 1257 οὐδὲν,
1357 1205 1525 1252 ‹im-0240

200 1284 338 1330 σφεας
366 1278 441 1330 τῆς
463 1277 647 1333 Κισσίης
673 1274 814 1333 χώρης
835 1277 1054 1321 κατοίκισε
1085 1276 1131 1320 ἐν
1153 1278 1334 1334 σταθμῷ
1363 1275 1468 1320 ἑωυ-

144 1470 353 1511 Phoenissa
372 1487 470 1512 nave
489 1475 643 1525 signnm
654 1475 806 1526 Apolli-

142 1531 201 1567 nis
222 1543 243 1566 a
262 1532 450 1581 sacrilegis
460 1532 590 1568 furtim
609 1539 724 1583 atque
744 1534 807 1569 in-

142 1588 220 1623 scio
242 1586 338 1624 duce
367 1589 603 1639 subreptum.
644 1588 806 1626 Phrases

143 1650 232 1680 sunt
260 1646 524 1682 usitatissimae
563 1644 738 1692 ἐξέτασιν
767 1642 805 1685 ‘6-

141 1703 253 1739 πλων
266 1705 472 1741 ποιεῖσθαι
492 1703 554 1739 vel
567 1698 728 1753 ἀνδρῶν
744 1703 807 1740 vel

141 1759 215 1796 τοῦ
249 1757 463 1797 ἴππικοῦ.“
505 1758 715 1796 Valcken.
750 1760 803 1796 At

141 1815 228 1850 satis
248 1827 385 1851 vocem
397 1810 559 1865 ζήτησιν
574 1817 803 1866 scriptorum

141 1869 327 1907 librorum
353 1873 528 1908 omnium
558 1879 686 1908 tuetur-
706 1885 803 1909 con-

140 1939 283 1974 sensus,
305 1934 418 1979 atque
439 1928 582 1966 Suidae
603 1930 803 1966 auctoritas

140 1981 237 2020 haec
267 1985 416 2021 citantis
444 1986 470 2024 l.
492 1986 519 2022 l.
563 1986 704 2022 Sensus
728 1993 801 2023 est:

140 2041 402 2090 inquisitionem
424 2044 569 2079 navium
587 2044 743 2091 institui,
774 2056 806 2080 s.

136 2099 299 2148 perquiri
311 2098 475 2147 singulas
491 2112 597 2136 naves
614 2101 730 2136 iussit.
760 2101 806 2136 In

142 2166 250 2206 seqq.
272 2153 321 2191 ad
351 2149 522 2195 ἀπίκατο
544 2156 646 2193 conf.
667 2155 804 2195 Matth.

143 2211 210 2248 Gr.
235 2211 300 2248 Gr.
331 2224 419 2262 pag.
448 2214 530 2253 377
560 2220 597 2250 et
618 2212 666 2250 ad
687 2226 805 2263 argu-

143 2273 320 2304 mentum
344 2269 420 2305 loci
439 2269 502 2316 VI,
524 2271 591 2310 97.
648 2269 711 2306 Ad
732 2285 806 2308 κα-

143 2323 382 2364 τατίθεσθαι
408 2326 510 2366 conf.
537 2333 635 2364 nott.
671 2326 720 2364 ad
739 2328 803 2376 VI,

202 2434 242 2482 ἐς
289 2432 444 2487 Δήλιον
491 2434 535 2477 τὸ
592 2439 802 2490 Θηβαίων]

145 2492 378 2540 „Pausanias
425 2500 615 2543 repertam
643 2497 684 2532 in
714 2498 804 2534 navi

144 2547 354 2586 Phoenissa
382 2549 567 2600 Apollinis
595 2552 805 2602 imaginem

146 2605 272 2642 Nostri
290 2606 415 2643 verbis
437 2605 664 2655 describens,
684 2608 806 2645 tradi-

147 2666 227 2697 tam
247 2662 298 2699 ait
316 2663 366 2709 X,
378 2665 431 2703 28
460 2663 498 2708 ξ.
520 2666 559 2704 3.
585 2666 807 2715 Ταναγραί-

147 2729 209 2761 οις
245 2716 286 2763 ἐς
324 2714 498 2769 Δήλιον,
556 2722 806 2758 contractiore

149 2784 237 2808 usus
274 2775 503 2814 narratione.
567 2775 744 2827 Namque
765 2779 806 2814 In

148 2826 464 2880 Tanagraeorum
503 2842 596 2882 agro
641 2833 806 2887 ipsisque

864 1475 1048 1512 Boeotiae
1068 1474 1205 1512 finibus
1225 1473 1423 1511 maritimis
1442 1475 1525 1511 De-

861 1533 958 1569 lium
981 1532 1100 1579 illud3
1133 1531 1179 1568 de
1201 1544 1276 1583 quo
1298 1530 1345 1567 ad
1365 1530 1526 1568 Diodor-

862 1591 950 1637 XII,
983 1592 1050 1630 69.
1090 1590 1256 1625 Multum
1278 1595 1408 1624 autem
1428 1601 1526 1624 con-

865 1645 1010 1683 ducunt
1031 1645 1079 1683 ad
1101 1644 1285 1682 Herodoti
1313 1643 1524 1681 finiendam

864 1710 1028 1739 aetatem
1079 1703 1214 1752 viginti
1253 1702 1313 1739 isti
1325 1731 1335 1750 ,
1385 1702 1524 1753 quibus

861 1761 1019 1797 evolutis
1040 1761 1079 1796 in
1104 1761 1141 1796 T
1145 1771 1422 1809 anagraeorum
1442 1760 1524 1794 De-

860 1817 956 1853 lium
993 1817 1180 1866 Apollinis
1208 1817 1363 1867 signum
1397 1814 1521 1863 rediit,

861 1874 991 1910 anni.“
1028 1872 1315 1921 Wesseling.
1355 1873 1525 1919 Delium,

862 1929 966 1981 quod
986 1922 1220 1979 Tanagraeis
1235 1936 1389 1979 portum
1409 1941 1524 1979 prae-

861 1987 995 2034 bebat,
1027 1987 1074 2022 ab
1095 1987 1174 2036 ipsa
1204 1987 1386 2035 Tanagra
1407 1986 1526 2037 quin-

863 2057 938 2094 que
966 2044 1071 2079 mille
1106 2056 1202 2092 pass.
1239 2042 1400 2079 distabat
1430 2048 1524 2078 teste

860 2101 969 2138 Livio
988 2101 1139 2136 XXXV
1152 2128 1161 2145 ‚
1193 2098 1242 2139 51
1278 2098 1326 2135 ad
1346 2112 1450 2135 mare
1470 2099 1523 2135 si-

862 2164 946 2194 tnm
976 2164 1014 2194 et
1043 2157 1232 2207 Apollinis
1258 2157 1403 2206 templo
1443 2156 1524 2192 cla-

862 2227 963 2252 rum.
992 2216 1104 2251 Nunc
1127 2226 1172 2250 eo
1193 2213 1279 2250 loco
1300 2214 1430 2250 vicum
1448 2225 1524 2249 no·-

862 2273 969 2308 mine
989 2271 1151 2308 Dramisi
1161 2283 1238 2307 esse
1248 2268 1416 2306 tradunt.
1436 2267 1524 2306 vid.

860 2331 994 2367 Kruse.
1017 2328 1145 2364 Hellas
1167 2329 1214 2374 II⁷
1241 2329 1260 2366 1
1284 2340 1323 2377 p.
1341 2328 1420 2367 623
1442 2339 1525 2378 seq.

862 2388 944 2427 626
957 2393 994 2422 et
1004 2385 1046 2422 O.
1062 2386 1105 2423 Ο.
1117 2385 1267 2421 Mtttler.
1291 2382 1524 2420 Orchomen.

859 2455 948 2493 pag.
972 2440 1052 2482 490
1073 2454 1215 2492 seq.—
1247 2438 1310 2477 Ad
1331 2435 1390 2478 δι’
1405 2437 1525 2479 ἐτέων

862 2500 1006 2536 confer.
1044 2496 1182 2537 Matth.
1223 2498 1290 2534 Gr.
1331 2498 1398 2534 Gr.
1432 2509 1524 2548 pag.

863 2555 986 2597 1150.

1069 2633 1164 2687 cap.
1185 2632 1326 2672 CXIX.

919 2721 1138 2776 προσέσχον
1178 2722 1219 2769 ἐς
1273 2719 1350 2772 τήν
1384 2716 1523 2768 Ἀσίην

862 2778 1073 2828 πλέοντες]
1126 2779 1238 2818 Conf.
1261 2784 1358 2815 nott.
1392 2776 1440 2813 ad
1459 2776 1524 2823 IV,

863 2837 933 2878 76.
953 2837 1017 2885 VI,
1038 2839 1107 2878 99.
1163 2834 1227 2873 Ad
1241 2835 1358 2874 verba
1377 2828 1525 2887 ἀρξάν-

1878 1804 1897 1915 1231-ss!

1871 2138 1897 2580 an

1870 2601 1897 2656 <i

1869 2662 1880 2694 l
1888 2692 1893 2727 ³
