1897 3340
375 206 461 246 818
965 207 1312 245 ADDENDA

602 311 735 358 αὕτὸν,
771 314 823 362 τῷ
856 311 997 359 ἤρεσκε.
1029 336 1074 342 -
1121 316 1214 351 Idem
1239 315 1367 361 Negris
1398 316 1540 351 verbum
1571 313 1766 361 ἐπιτιμέων
1797 329 1861 364 cap

598 361 643 396 39
668 360 755 394 idem
779 361 894 395 valere
917 363 989 396 vult
1014 368 1119 408 atque
1141 363 1283 408 simplex
1302 362 1429 405 τιμιδν.

376 406 426 440 Ad
454 406 514 449 VI,
536 405 584 442 44
607 418 686 451 pag.
711 408 791 441 233.
841 407 947 441 Urbis
973 410 1124 443 Acautln‘
1143 420 1268 453 paucas
1294 409 1456 454 quasdam
1480 408 1591 444 adhuc
1615 420 1793 454 superesse
1803 409 1863 444 rui·

599 464 672 531 ΜΞ,
696 453 822 531 ἱῃιιιίὺυε
847 465 967 487 nomen
993 455 1158 495 ΙΙίενίεοε,
1182 455 1304 488 scribit
1327 455 1525 499 Cousinery.
1551 455 1692 500 Voyage
1720 467 1762 490 en
1796 455 1862 490 Ma·

599 510 638 531 ce
666 523 672 530 .
784 524 791 532 .
823 500 897 534 150.

378 544 427 577 Ad
453 543 512 587 VI,
535 541 582 578 46
606 555 684 588 pag.
711 509 778 577 282
804 543 860 576 lin.
889 546 919 577 1.
944 544 1075 587 πρῶτα
1097 542 1164 588 μὶν
1188 545 1383 591 respondet,
1407 549 1446 579 ut
1469 550 1610 581 annotat
1625 545 1767 589 Negris,
1791 556 1864 579 ver-

596 589 667 622 bis:
693 586 784 631 μετὰ
812 585 850 621 62<
876 589 989 623 τοῦτο
1015 601 1089 634 cap.
1115 593 1171 626 48.

375 634 426 668 Ad
455 635 517 676 VI,
541 636 587 670 50
612 645 690 677 pag.
716 635 783 669 289
821 634 878 667 lin.
903 637 958 670 12.
1008 635 1146 669 Editum
1172 640 1206 670 et
1229 637 1293 670 hoc
1315 637 1389 671 loco
1423 642 1459 671 et
1481 638 1542 678 VI,
1564 637 1611 672 73
1635 637 1760 679 Κρῖος.
1801 635 1864 670 Set'

598 680 691 721 vul,
716 681 762 714 92
790 680 893 723 vulgo
919 678 1048 723 Κριός.
1096 683 1150 716 Τυ
1161 682 1228 716 vid.
1252 683 1555 723 ibinott.—Quod
1575 683 1675 727 paulo
1701 682 1865 716 antecedit

594 725 685 759 lin.2
711 722 772 759 ἐπὶ
798 726 900 768 σφίσι
927 724 1088 769 ἔχοντας,
1114 728 1240 770 Negris
1256 728 1417 772 explicuit
1435 726 1635 772 ἐπέχοντας
1646 725 1776 767 αὐτοῖς
1791 728 1864 773 δηλ,

595 771 779 810 τείνοντες
803 769 882 804 κατ’
908 770 1046 815 αὐτῶν,
1070 770 1212 813 αὐτοὺς
1236 772 1387 817 ἔχοντας
1409 773 1481 819 πρὸ
1517 771 1752 819 ὀφθαλμῶν,
1789 785 1865 808 con-

593 817 669 850 silio
692 817 765 850 scil.
789 817 954 852 laedendi.

374 861 425 894 Ad
450 861 509 904 VI,
534 863 579 897 52
600 874 634 907 p.
659 862 805 897 2901111.
831 863 890 897 ult.
917 863 1045 897 Graeci
1073 867 1155 897 text.
1184 861 1444 908 ὁμολογέοντες
1468 862 1594 900 οὐδενὶ
1618 865 1754 909 ποιητῇ
1779 877 1813 899 κ.
1835 877 1865 899 τ.

593 910 623 941 λ.
674 909 750 941 Ηοο
786 908 958 941 Laconum
991 910 1220 943 testimonium
1256 911 1367 955 poetis
1397 912 1440 944 de
1467 911 1594 954 origine
1617 923 1677 944 sua
1701 911 1784 944 nihil
1808 911 1866 944 tri-

590 955 765 987 buentium
790 966 830 987 eo
855 955 962 998 magis
986 955 1093 988 teneri
1119 956 1190 989 vult
1213 957 1390 990 Heinecke
1414 957 1550 990 Homer.
1575 968 1607 990 u.
1625 957 1778 1001 Lykurg.
1791 968 1866 1001 pag.

593 1001 648 1040 19,
672 999 761 1045 quod
787 1001 1000 1034 Graecarum
1029 1002 1201 1035 civitatum
1232 1003 1425 1036 conditores
1450 1008 1484 1036 et
1507 1001 1720 1046 legislatores
1743 1004 1866 1036 veteri-

591 1046 656 1079 bus
704 1045 815 1090 poetis
867 1057 1052 1092 eorumque
1102 1048 1304 1082 carminibus
1351 1048 1529 1094 plurimum
1576 1059 1639 1093 pro
1671 1059 1764 1082 more
1803 1048 1867 1081 tri-

589 1090 739 1125 buerint.

372 1135 423 1169 Ad
451 1136 510 1176 VI,
533 1138 578 1172 57
595 1149 674 1182 pag.
697 1138 767 1172 300
792 1136 851 1172 lin.
877 1140 906 1173 1.
956 1136 1132 1183 διπλήσια
1147 1137 1327 1182 νέμοντας
1353 1136 1510 1182 ἑκατέρω
1527 1136 1574 1173 τὰ
1593 1135 1719 1172 πάντα
1742 1133 1868 1183 ἢτοῖσι

348 1194 351 1198 ·
599 1180 742 1216 ἄλλοισι
776 1181 1024 1227 δαιτυμόνεσι.
1052 1186 1130 1218 ·De
1162 1197 1223 1218 usu
1259 1185 1448 1230 particulae
1482 1174 1508 1228 ἦ
1540 1185 1744 1219 abundantis
1765 1185 1868 1218 ferme

596 1229 668 1273 egit
692 1229 863 1273 Hartung.
889 1230 1002 1264 Lehre
1026 1243 1057 1263 v.
1073 1232 1106 1265 d.
1132 1232 1274 1264 Griech.
1299 1232 1429 1265 Partik.
1456 1231 1486 1264 Il
1506 1243 1539 1275 p.
1565 1233 1676 1266 70.-—-
1700 1231 1756 1271 lis,
1781 1242 1868 1275 quae

591 1274 674 1308 ibid.
699 1286 776 1319 pag.
802 1277 868 1310 301
896 1276 1130 1311 adnotavimus
1151 1278 1192 1310 de
1216 1278 1408 1324 προεδρίᾳ,
1433 1278 1510 1311 add.
1535 1277 1697 1310 Petersen
1723 1276 1867 1309 Phaedri

591 1320 736 1365 Epicur.
756 1322 878 1365 fragm.
903 1323 1106 1366 (Hamburg.
1137 1324 1242 1366 1833)
1267 1335 1300 1368 p.
1338 1325 1395 1364 3⁶2,
1419 1323 1475 1367 qui
1509 1324 1635 1357 hancce
1667 1321 1871 1370 προεδρίαν

593 1377 660 1400 non
684 1367 727 1399 ad
751 1368 921 1401 theatrum
944 1373 1086 1411 tantum,
1110 1380 1225 1402 verum
1250 1369 1292 1402 ad
1320 1368 1782 1414 quodcunquespectaculum
1804 1379 1849 1412 pu

590 1412 727 1492 {3¹}ch
747 1413 952 1491 plertiuuisse
984 1415 1149 1449 observat
1179 1415 1289 1449 citans
1323 1415 1519 1448 Herodotea
1551 1415 1581 1458 l,
1616 1414 1672 1449 54.
1713 1413 1787 1457 VII,
1813 1413 1867 1448 88.

682 1459 703 1492 5
747 1470 765 1492 a
780 1458 824 1492 ia.

373 1502 425 1536 Ad
458 1502 521 1545 VJ,
557 1503 601 1539 57
638 1484 907 1584 pag.43031in.
935 1507 969 1541 2.
1017 1501 1065 1549 ἢν
1099 1503 1150 1550 μή
1184 1517 1266 1551 περ.
1314 1506 1393 1543 vid.
1426 1507 1597 1551 Hartung.
1630 1505 1653 1539 l.
1680 1504 1703 1538 l.
1729 1503 1866 1539 Tom.I

619 1562 635 1583 a
664 1575 672 1583 .
700 1551 722 1585 3
748 1552 780 1586 3.

372 1593 425 1628 Ad
450 1595 510 1636 VI,
534 1597 575 1631 61
594 1561 680 1640 ¹pagg.
704 1597 784 1630 309.
830 1596 1050 1631 Locutionem
1077 1595 1247 1643 ἐπίβασιν
1275 1594 1311 1637 ἒς
1336 1593 1455 1631 αὐτὸν
1487 1593 1706 1640 ποιεύμενος
1736 1595 1784 1630 ita
1815 1594 1865 1628 in-

593 1646 805 1686 terpretatur
827 1642 976 1686 Negris:
1001 1644 1107 1687 δίκην
1131 1641 1234 1690 αὐτῷ
1259 1640 1416 1687 ἐπάγων.

372 1686 424 1719 Ad
443 1686 500 1728 VI,
527 1689 571 1721 6⁴2
595 1699 672 1732 pag.
697 1689 762 1723 311
790 1687 845 1720 lin⁴
875 1691 927 1724 12.
975 1690 1026 1722 Ad
1052 1690 1204 1724 voculam
1228 1686 1304 1733 ἄρα
1328 1689 1396 1723 vid.
1422 1692 1508 1723 nott.
1535 1688 1579 1722 ad
1605 1687 1699 1728 VIII,
1724 1688 1758 1722 8.

374 1731 423 1764 Ad
451 1733 510 1771 Vl.
537 1735 581 1768 63
606 1745 684 1778 pag.
709 1733 789 1768 314.
838 1734 896 1777 lis,
921 1747 1010 1779 quae
1028 1736 1071 1768 de
1092 1737 1274 1770 Demarati
1289 1735 1423 1769 nomine
1436 1734 1664 1776 disseruimus,
1689 1732 1766 1766 add.
1784 1731 1866 1766 Hei-

594 1780 701 1812 necke
725 1779 883 1822 (Homer.
907 1791 939 1813 u.
966 1781 1118 1826 Lykurg.
1140 1793 1173 1825 p.
1198 1784 1221 1818 6
1244 1782 1372 1827 seqq.),
1396 1782 1453 1815 ubi
1477 1786 1513 1814 et
1535 1781 1601 1814 alia
1626 1791 1669 1813 ex
1694 1779 1877 1812 Herodoto

593 1825 698 1859 affert
728 1825 861 1859 nomina
899 1827 1057 1872 propria,
1096 1828 1220 1872 quibus
1252 1828 1394 1861 alicuius
1427 1826 1480 1860 rei
1502 1825 1660 1870 operisve
1683 1830 1803 1858 natura
1828 1823 1878 1857 acl

594 1870 647 1903 vis
671 1871 876 1911 declaratur,
901 1884 932 1905 v.
958 1885 987 1906 c.
1016 1874 1220 1908 Dcmocedcs
1244 1873 1336 1917 (III,
1361 1873 1472 1917 137),
1508 1873 1664 1916 Oiolycus
1689 1876 1724 1904 et
1741 1871 1867 1904 Battus

592 1916 672 1960 (IV,
701 1919 906 1961 149.155)‚
935 1920 1113 1952 Demonax
1139 1919 1214 1963 (lv,
1242 1921 1337 1963 161),
1363 1921 1456 1953 Leon
1469 1918 1565 1962 (VII,
1588 1917 1870 1959 179),‚Diencces

592 1963 688 2005 (VII,
706 1964 805 2006 226),
829 1968 865 1996 et
889 1975 969 1997 vero
992 1965 1200 2008 potissimum
1234 1965 1297 1998 hoc
1320 1968 1465 2009 utroque
1481 1965 1727 2008 Spartanorum
1752 1971 1866 2012 regum

591 2009 726 2042 nomine
763 2010 973 2053 Leotychide
1009 2015 1044 2044 et
1078 2012 1268 2045 Demarato
1297 2010 1467 2045 declarari
1488 2009 1562 2045 vult
1593 2008 1700 2054 plebis
1723 2011 1866 2051 gratiam

593 2060 696 2099 atque
721 2055 881 2088 invidiam
906 2055 974 2090 sibi
999 2057 1200 2101 oppositam.

372 2110 424 2144 Ad
451 2110 511 2153 VI,
535 2112 580 2147 65
606 2120 684 2153 pag.
709 2111 777 2144 315
804 2110 862 2144 lin.
888 2112 921 2146 4.
969 2112 1038 2146 Pro
1053 2108 1175 2156 ’Ἄγιος
1200 2113 1328 2155 Negris
1351 2113 1384 2146 in
1408 2114 1539 2145 textum
1562 2108 1694 2152 recepit
1724 2104 1867 2160 ‘Hyaci-

592 2156 673 2189 λεω.
700 2175 743 2180 ——
777 2156 864 2190 lbid.
889 2157 945 2191 lin.
965 2159 987 2192 9
1024 2158 1066 2192 ad
1093 2170 1210 2192 vocem
1236 2156 1429 2201 Πέρκαλον
1453 2157 1496 2188 ob
1520 2159 1679 2188 accentus
1704 2158 1867 2187 rationem

591 2201 680 2234 conf.
718 2201 827 2236 Lehrs
862 2202 914 2235 De
943 2203 1130 2237 Aristarchi
1154 2204 1276 2236 studiis
1298 2213 1376 2246 pag.
1401 2201 1480 2241 274,
1507 2199 1565 2245 qui
1589 2200 1678 2233 idem
1697 2210 1773 2244 pag.
1800 2201 1869 2234 280

590 2247 634 2279 ob
660 2247 801 2280 similem
827 2259 963 2281 causam
980 2249 1111 2281 excitat
1130 2249 1275 2281 Μενίου
1300 2258 1419 2280 nornen
1446 2258 1522 2291 cap.
1547 2247 1588 2279 71
1616 2256 1695 2289 pag.
1718 2246 1787 2280 328
1811 2244 1867 2278 liu.

589 2292 613 2324 2
638 2296 673 2323 et
694 2303 771 2335 pag.
797 2294 998 2326 Ξ91ιιοιηοιι
1021 2290 1251 2335 Ὀνομαστὸς
1277 2293 1338 2335 VI,
1365 2294 1430 2328 127
1456 2304 1489 2338 p.
1517 2291 1585 2327 405
1609 2291 1666 2326 lin.
1691 2293 1734 2326 10
1755 2301 1867 2336 ⁴quum

590 2334 677 2368 alias
701 2337 895 2370 inveniatur
917 2335 1160 2379 Ὀνόμαστος.

370 2389 425 2424 Ad
442 2389 500 2431 VI,
526 2390 570 2424 68
596 2401 673 2434 pag.
707 2392 776 2426 390
799 2392 856 2427 lin.
889 2394 922 2427 2.
973 2394 1119 2428 Verbum
1144 2393 1423 2437 καταπτόμενος
1454 2393 1582 2438 Negris
1621 2392 1866 2438 interpretatur

589 2434 781 2480 μάρτυρας
805 2437 1029 2482 ποιούμενος
1054 2439 1143 2481 τούς
1162 2454 1199 2475 τε
1227 2438 1361 2480 ἄλλους
1385 2438 1512 2479 θεούς.

370 2492 422 2526 Ad
447 2492 505 2534 VI,
531 2490 577 2528 74
601 2503 680 2536 pag.
704 2494 770 2529 331
798 2495 858 2529 lin.
884 2498 913 2529 1.
939 2498 971 2530 2.
1020 2498 1130 2531 Bothe
1159 2499 1199 2532 ad
1227 2499 1364 2532 Homeri
1399 2498 1496 2532 Iliad.
1523 2497 1585 2538 IX,
1610 2495 1679 2532 504
1702 2496 1789 2530 hunc
1814 2495 1866 2530 lo-

591 2549 665 2571 cum
701 2541 855 2575 excitans
889 2542 998 2586 iungit
1030 2542 1226 2588 πρόθυμος
1251 2538 1300 2588 ἦν
1324 2541 1494 2588 ἀγινέων,
1518 2544 1566 2577 ita
1590 2547 1627 2576 ut
1650 2541 1865 2588 participium

589 2595 652 2629 pro
675 2584 842 2620 infinitivo
867 2589 1014 2631 positum
1040 2590 1238 2635 accipiatur.
1265 2610 1309 2616 —
1353 2591 1419 2631 lis,
1444 2601 1532 2635 quae
1556 2590 1589 2622 in
1626 2595 1707 2622 not-a
1730 2588 1799 2621 dixi
1823 2587 1866 2620 de

592 2631 784 2665 iuramento
812 2636 950 2679 Stygio,
975 2635 1053 2671 add.
1077 2636 1214 2671 Homer.
1240 2636 1364 2680 Odyss.
1378 2636 1416 2678 V,
1443 2638 1510 2672 184
1533 2635 1614 2680 ibiq.
1638 2634 1736 2680 plura
1758 2633 1865 2667 disse·

590 2682 719 2710 rentem
737 2678 895 2712 Nitzsch.
916 2691 994 2724 pag.
1019 2682 1074 2717 30.

375 2731 424 2764 Ad
442 2731 502 2772 vl,
526 2733 572 2768 76
587 2744 668 2777 pag.
692 2734 831 2769 3361111.
856 2737 888 2769 2.
940 2738 1117 2782 Tirynthis
1139 2739 1234 2773 urbis
1267 2739 1346 2773 nihil
1369 2739 1478 2772 adhuc
1501 2748 1678 2783 superesse
1700 2735 1865 2778 scribunt,

594 2779 661 2813 uisi
692 2791 875 2824 murorum,
899 2793 984 2827 quos
1008 2786 1198 2832 Cyclopeos
1223 2786 1324 2831 vulgo
1349 2789 1494 2828 vocant,
1519 2783 1737 2819 fundamenta
1759 2793 1864 2828 quae-
