1897 3340
0 108 19 156 ι’]

0 126 17 177 ἐ.

336 488 402 533 2Ί
460 479 695 534 ἐκδαρέντα
734 476 1132 533 ἀνακρεμασθῆναι.

133 559 152 578 a
170 550 279 592 Pythio
306 552 405 589 Lydo,

133 584 182 611 hm
218 595 254 613 ne
271 595 345 614 suae
355 596 407 614 ac-

134 594 204 645 nimis
222 621 270 647 lon
254 629 311 655 nge
331 621 374 648 di

134 652 172 679 tis
177 661 408 713 *⁴1(om,unacu1n

136 690 200 713 toto
248 688 360 715 mereim

134 696 292 759 ιιι-«ιιιίςέοο
275 722 389 749 cxci

134 788 203 813 xiiis
199 797 246 827 qu
231 796 266 814 ue
285 797 398 816 aureae

135 821 206 847 Dari
245 821 313 848 oilm
339 822 376 848 ab

135 854 241 882 eodem
269 854 408 883 donatae.

336 1320 339 1324 ·
407 1310 485 1340 tem
514 1309 646 1339 nactus
668 1310 722 1340 est
751 1305 797 1340 L.

461 237 545 277 484

857 234 1324 272 HERODOTI

463 347 545 388 τοῦ
573 346 768 399 Σιληνοῦ
793 342 1016 397 Μαρσύεω
1049 341 1179 393 ἀσκὸς
1209 342 1256 385 ἐν
1274 345 1330 399 τῇ
1359 342 1460 386 πόλι
1488 341 1726 398 ἀνακρέμα-

465 428 558 461 ται,
605 410 683 455 τὸν
713 408 803 453 ὑπὸ
837 413 1028 465 Φρυγῶν
1057 409 1186 465 λόγος
1216 410 1299 465 ἔχει
1340 408 1427 453 ὑπὸ
1453 409 1727 460 ’Λπόλλωνος

1187 476 1262 520 Ἐν
1290 476 1428 534 ταύτῃ
1457 482 1511 533 τῇ
1541 476 1645 520 πόλι
1673 475 1752 519 ὑ-ι

464 545 762 602 ποκατήμενος
801 544 975 595 Πύθιος
1004 543 1227 596 δ’Ἀτυος,
1271 545 1382 602 ἀνὴρ
1415 545 1588 598 Λυδὸς,
1627 543 1728 596 ἐξεί-

466 626 558 658 νισε
595 613 674 669 τὴν
712 611 912 668 βασιλέος
953 612 1158 669 στρατιὴν
1198 616 1345 655 πᾶσαν
1385 614 1578 664 ξεινίοισι
1617 612 1727 667 μεγί-

469 693 622 730 στοισι,
653 680 727 723 καὶ
757 675 894 722 αὐτὸν
923 678 1103 734 Ξέρξεα·
1143 679 1340 736 χρήματά
1370 697 1413 724 τε
1435 679 1756 735 ἐπαγγέλλετορ

135 754 228 793 ιιὲῑυι-
264 755 362 782 l'latm
355 763 410 782 uus
440 747 743 807 Ξβουλόμενος
783 745 827 798 ἐς
856 745 934 790 τὸν
962 746 1155 804 πόλεμον
1183 749 1395 805 παρέχειν.
1425 745 1728 803 ἐπαγγελλομέ-

408 964 452 1005 ἐν
481 965 552 1019 τῇ,
592 976 704 1002 voces
734 963 778 1004 ἓν
811 967 861 1020 τῇ
881 961 973 1005 πόλι
1003 972 1068 1002 aut

407 1034 559 1072 prorsus
609 1019 808 1069 delendas,
867 1023 1007 1073 quippe
1047 1035 1067 1058 e

407 1078 608 1128 marginali
626 1079 749 1127 glossa
777 1079 817 1114 in
836 1084 987 1115 textum
1008 1091 1070 1114 re-

408 1141 546 1185 ceptus,
569 1141 633 1170 aut
659 1147 728 1185 pro
750 1133 792 1173 ἒν
813 1136 864 1188 τῇ
893 1130 1071 1185 α’κροῖῑό-

408 1194 466 1229 λει
486 1190 724 1240 accipiendas
741 1192 885 1228 censuit
905 1189 1072 1228 Valcke-

408 1248 575 1294 naerius,
602 1247 642 1282 in
658 1260 734 1299 quo
761 1249 841 1297 ipso
863 1249 1072 1284 assentien-

851 1302 986 1340 'wrum
1012 1310 1072 1339 at—

411 1373 486 1411 que
502 1358 811 1410 Schweighaeus‹

407 1417 535 1466 ipsum
555 1417 595 1452 in
624 1423 735 1453 textu
752 1417 867 1453 forsit.
937 1417 1070 1466 reponi

408 1486 517 1523 posse
572 1474 794 1523 suspitxatur.
875 1472 1070 1524 Equidem

409 1530 524 1566 verba
544 1527 587 1567 ἐν
603 1531 654 1582 τῇ
683 1526 773 1568 πόλι
797 1531 970 1581 quamvis
990 1530 1070 1579 ipsa

409 1599 477 1635 per
497 1598 535 1622 se
551 1586 615 1621 vix
627 1587 846 1632 necessaria,
869 1585 917 1621 ad
937 1586 1071 1622 melio-

409 1654 492 1677 rem
521 1648 650 1677 tamen
679 1642 752 1678 loci
791 1643 1018 1678 seutentiam
1049 1654 1071 1677 a

408 1699 588 1748 scriptore
599 1697 803 1733 verborum
814 1699 972 1733 minime
983 1710 1071 1747 par-

412 1767 457 1791 co
479 1752 625 1789 adiecta
646 1752 812 1790 credam.
872 1754 945 1798 Qui
964 1755 1071 1790 Mar-

411 1822 501 1861 syae
523 1810 643 1846 Sileni
665 1806 788 1856 οῗσκὸς
803 1808 915 1857 (uter)
938 1811 1072 1860 appel-

412 1867 523 1910 latur,
544 1864 794 1916 Xenophonti
816 1866 958 1913 (Anab.
979 1868 1008 1913 Ι,
1031 1869 1070 1913 2,

411 1923 456 1969 8)
479 1929 533 1959 est
554 1920 676 1971 δέρμα
707 1922 881 1972 (pellis),
913 1923 1073 1958 Aeliano

412 1979 476 2024 (V.
499 1979 548 2016 H.
564 1979 669 2025 XIII,
691 1980 760 2026 21)
782 1976 893 2028 δοροέ,
914 1979 979 2015 ubi
997 1977 1073 2017 vid.

412 2035 602 2071 Perizonii
632 2041 763 2070 notam
784 2047 846 2071 eos
867 2034 1076 2085 reprehen-

414 2089 549 2138 dentis,
571 2091 637 2142 qui
656 2091 804 2127 vallam
827 2092 945 2128 secuti
964 2091 1074 2128 Mar-

413 2160 498 2197 syae
516 2147 639 2198 pellem
659 2149 751 2183 utris
771 2148 894 2183 forma
913 2160 1073 2197 suspen-

413 2215 495 2239 sam
515 2216 544 2240 s.
570 2204 610 2238 iu
637 2210 763 2239 utrem
790 2204 993 2239 formatam
1029 2216 1072 2238 ac

414 2270 633 2308 suspensam
646 2270 724 2295 esse
734 2257 972 2305 credideriut,
983 2271 1072 2294 cum

416 2309 540 2360 α’σκὸς
568 2312 670 2364 apud
716 2313 953 2350 Herodotum
991 2315 1071 2364 ipsa

414 2370 461 2407 sit
496 2369 614 2419 pellis.
671 2370 721 2405 At
751 2370 880 2406 Vallae
909 2371 1075 2420 patroci-

414 2432 527 2462 natur
545 2426 711 2462 Platonis
731 2426 835 2462 locus
856 2427 893 2461 in
906 2425 1074 2477 Euthyd.

415 2495 453 2532 p.
471 2480 550 2521 285
572 2483 619 2517 D.
647 2495 685 2531 p.
718 2481 799 2522 420
828 2481 952 2519 Bekk.
983 2483 1076 2530 (ibi-

417 2551 493 2589 que
509 2536 710 2574 Scholiast.
732 2550 818 2587 pag.
840 2541 892 2579 96
919 2537 1072 2576 Ruhnk.

417 2601 454 2630 et
484 2592 682 2630 Heindorf.
720 2607 806 2644 pag.
831 2595 954 2643 346.)
988 2607 1073 2646 pro-

417 2651 531 2688 bante
559 2650 800 2700 Wesseling„
822 2650 1005 2689 Valcken.
1036 2657 1074 2688 et

418 2704 790 2756 Schweighaeusero.
804 2708 881 2742 De
874 2720 952 2757 ipso
967 2707 1074 2744 ,Mar-

419 2775 498 2812 sya,
539 2761 746 2813 Hyaguidis
776 2761 958 2813 Phrygii,
1008 2764 1074 2815 qui

421 2819 579 2856 tibiam
571 2819 755 2855 invenisse
776 2819 902 2867 fertur,
925 2819 1000 2856 filio
1012 2833 1073 2858 eo-

924 1390 932 1408 ,
954 1361 1019 1412 qui
1031 1359 1070 1396 id

1126 964 1292 1018 demque
1331 967 1498 1003 tibicine.
1524 966 1783 1011 celeberrimo,

1126 1024 1292 1073 quicum
1302 1024 1478 1073 Apolline
1493 1029 1636 1059 certans
1648 1034 1784 1058 succu-

1128 1080 1251 1116 buisse
1280 1080 1420 1126 fertur,
1458 1079 1558 1116 conf.
1591 1077 1782 1114 Plutarch.

1127 1137 1163 1171 II
1184 1148 1272 1186 pag.
1298 1139 1405 1176 1132
1427 1137 1466 1172 F.
1492 1137 1596 1175 1133
1609 1135 1654 1171 Ε.
1675 1133 1783 1171 Diod.

1130 1193 1208 1230 Sic.
1234 1194 1298 1239 111,
1320 1193 1386 1234 59.
1410 1193 1552 1242 Hygin.
1572 1191 1650 1227 fab.
1674 1192 1764 1231 165.

1184 1244 1298 1301 λόγος
1307 1248 1399 1299 ἔχει]
1414 1248 1595 1286 x‘id.nott.
1611 1245 1659 1284 ad
1672 1247 1784 1295 V‚6(j.

1325 1338 1418 1388 cap.
1439 1337 1599 1375 XXVII.

1185 1414 1208 1456 6
1225 1413 1404 1465 ’'Atvog]
1436 1417 1569 1453 Plures
1589 1416 1675 1453 libri
1697 1428 1785 1452 cum

1125 1472 1323 1510 Eustflthio
1355 1472 1448 1510 haec
1484 1474 1622 1510 citaute
1657 1471 1705 1509 ad
1742 1473 1785 1508 ΙΙ.

1125 1532 1161 1566 II
1181 1542 1268 1580 pag.
1290 1532 1385 1577 366,
1408 1531 1461 1570 22
1489 1543 1518 1570 s,
1541 1532 1636 1576 277,
1667 1531 1732 1569 30.
1765 1526 1788 1567 o‘

1124 1582 1290 1636 Ἀτρέος,
1310 1583 1487 1622 nonnulli
1507 1587 1621 1622 etiam
1642 1585 1786 1621 abiecta

1126 1643 1263 1679 vocula
1284 1640 1320 1680 6-
1382 1644 1433 1678 At
1453 1643 1557 1692 Atyis
1584 1653 1726 1678 nomen
1746 1642 1785 1676 iu

1126 1697 1339 1749 Lydiortun
1377 1698 1487 1734 rebus
1527 1696 1630 1733 haud
1668 1697 1786 1733 infre-

1129 1766 1247 1806 quens
1265 1783 1274 1801 ,
1323 1754 1424 1790 conf.
1462 1760 1557 1790 nott.
1588 1752 1637 1789 ad
1672 1754 1704 1799 Ι,
1747 1756 1786 1793 7.

1128 1811 1202 1856 Qui
1224 1805 1388 1856 Πυθιος
1408 1816 1563 1846 vocatur
1591 1808 1784 1846 Herodoto

1130 1867 1267 1918 (quem
1286 1872 1495 1917 sequuntur
1509 1866 1648 1903 Senec.
1668 1866 1785 1903 Deir.

1129 1925 1195 1970 ΙΙΙ,
1241 1925 1305 1963 17.
1337 1924 1469 1960 Tzetz.
1501 1920 1598 1959 Chil.
1640 1923 1670 1968 I,
1693 1921 1786 1962 925.

1132 1978 1270 2018 Suidas
1299 1992 1329 2016 s.
1353 1992 1388 2016 v.
1417 1975 1638 2028 Ἀπαρτίαν
1657 1979 1675 2013 Ι
1700 1989 1786 2027 pag.

1131 2036 1226 2077 248.
1256 2036 1401 2071 Plinius
1432 2036 1480 2072 H.
1515 2036 1562 2070 Ν.
1605 2034 1788 2081 XXXIII,

1134 2094 1205 2138 10,
1236 2092 1302 2127 ubi
1331 2090 1484 2141 Pythius
1511 2089 1737 2140 Bithynius),
1759 2091 1788 2127 is

1130 2148 1341 2197 appellatur
1368 2143 1512 2196 Πύθης
1534 2158 1555 2181 a
1581 2144 1787 2183 Plutarcho

1127 2205 1163 2239 II
1183 2216 1219 2253 p.
1242 2205 1324 2242 262
1336 2203 1382 2240 D.
1399 2215 1476 2253 seq.
1489 2202 1672 2253 Polyaeu.
1688 2203 1786 2250 VIII,

1127 2257 1194 2298 42.
1218 2257 1400 2308 Stephon.
1422 2259 1516 2309 Byz.
1537 2271 1565 2294 s.
1586 2272 1623 2295 v.
1647 2255 1788 2298 Πυθό-

1131 2318 1244 2360 πολις
1265 2328 1302 2363 ρ.
1332 2316 1410 2354 649
1433 2315 1516 2362 (ubi
1540 2310 1720 2364 Πυθής).
1742 2316 1787 2350 In

1130 2369 1300 2407 Aristidis
1331 2369 1462 2407 scholi.
1493 2383 1580 2421 pag.
1613 2370 1665 2410 55
1705 2383 1785 2423 seq.

1130 2427 1337 2463 Frommel.
1367 2433 1487 2463 exstat
1511 2425 1690 2472 Πυθέας.

1188 2482 1351 2530 ἐξείνισε
1378 2483 1631 2530 -ξεινίοισι
1681 2481 1786 2533 μεγί-

1131 2540 1282 2587 στοισι]
1313 2536 1361 2577 τοὶ
1393 2539 1518 2586 ξείνια
1546 2537 1608 2576 hic
1638 2539 1787 2588 potissi-

1129 2607 1239 2632 mum
1267 2609 1345 2632 esse
1365 2594 1540 2632 videntur
1560 2595 1692 2646 epulae
1712 2592 1786 2631 ho-

1128 2653 1298 2702 spitales,
1334 2652 1468 2703 quibus
1499 2650 1613 2688 homo
1642 2649 1786 2701 Lydius

1129 2721 1260 2758 regem
1291 2709 1444 2758 eiusque
1464 2708 1588 2758 copias
1623 2707 1786 2756 excepit.

1130 2764 1240 2800 Conf.
1262 2770 1356 2801 nott.
1387 2762 1435 2800 ad
1456 2764 1499 2810 V,
1524 2765 1586 2804 18.
1642 2764 1685 2799 Ιιι
1706 2764 1785 2813 ipsa

1130 2833 1171 2857 re
1191 2821 1368 2858 convenit
1386 2818 1541 2856 Diodor.
1562 2820 1630 2868 XI,
1651 2819 1719 2860 56.
