1897 3340
265 831 328 874 23

59 894 153 922 natio
194 894 306 933 erfoqdi-

60 928 138 955 endi:
152 929 173 955 Ι)
187 936 333 955 nomicum

61 962 116 989 hoc
135 962 164 988 in
185 962 287 988 labore

61 995 207 1022 sollertia.
237 998 314 1029 Ope-

59 1029 133 1056 rarii
148 1029 310 1055 undenum

58 1067 177 1090 meatus
205 1070 330 1098 accepe-

58 1095 128 1124 rint.

391 247 475 288 478

796 245 1260 285 HERODOTI

390 355 461 398 νοὶ
501 356 556 400 ού
596 357 798 413 μεγάλοι,
839 354 887 397 ἐκ
926 352 1152 410 θαλάσσης
1181 359 1257 413 τῆς
1294 355 1536 402 Ἀκανθίων
1584 359 1655 404 ἐπὶ

364 423 626 467 5θάλασσαν
665 423 742 479 τὴν
783 420 934 464 άντίον
977 421 1194 478 Τορώνης.
1254 424 1301 468 ἐν
1341 426 1387 468 δὲ
1415 429 1475 482 τῷ
1510 429 1655 484 ἰσθμῷ

389 492 551 547 τούτῳ,
582 492 624 543 ἐς
652 491 731 534 τόν
759 491 936 547 τελευτᾷ
966 486 989 532 ὁ
1011 488 1168 541 Ἄθως,
1197 491 1321 548 Σάνη
1351 491 1475 543 πόλις
1504 493 1656 545 Ἑλλάς

363 564 384 597 6
397 560 574 613 οἴκηται.

634 558 748 601 αἰδὲ
778 556 899 607 ἐντός
941 556 1114 612 Σάνης,
1146 558 1227 601 ἔσω
1259 559 1304 602 δὲ
1333 564 1412 603 τοῦ
1431 560 1553 603 ’Ἄθω
1595 563 1654 603 οἰ-

390 627 589 681 κημέναι,
630 625 704 676 τὰς
729 625 825 669 τότε
856 623 880 668 ὁ
915 625 1086 680 Πέρσης
1123 626 1380 681 νησιώτιδας
1410 626 1507 670 άντὶ
1538 627 1652 683 η’πει-
1665 632 1711 669 40

391 694 584 746 ρωτίδων
600 692 772 748 ὥρμητο
786 692 970 745 ποιέειν,
1001 693 1080 736 εἰσὶ
1111 694 1215 746 αἵδε,
1245 699 1371 745 Δῖον,
1397 693 1654 751 Ὀλόφυξος,

387 758 652 813 Ἀκρόθωον,
671 760 856 812 Θύσσος,
872 762 1079 802 Κλεωναί.
1110 760 1234 813 πόλις
1246 762 1324 818 μὲν
1347 756 1489 814 αὗται,
1503 766 1548 806 αἳ
1577 763 1656 806 τὸν

382 825 530 870 ’Ἀθων
554 828 777 882 νέμονται.
797 827 1031 881 ’Ώρυσσον
1043 827 1087 871 δὲ
1101 823 1208 872 ὦδε·
1240 828 1566 884 δασάμενοιτόν
1578 834 1653 885 χῶ·
1667 832 1712 870 45

392 911 475 948 ρον
505 896 548 938 οἱ
565 895 787 951 βάρβαροι
806 895 912 939 κατὰ
935 896 1202 945 ἓ’θνεα,κατά
1223 898 1375 953 Σάνην
1392 895 1519 940 πόλιν
1542 909 1653 953 σχοι-

388 962 559 1014 νοτενὲς
592 962 900 1021 ποιησάμενοι·
932 964 1020 1007 ἐπεὶ
1051 965 1096 1008 δὲ
1125 964 1293 1020 ἐγένετο
1324 963 1526 1020 βαθεῖαὴ
1555 963 1655 1008 διε-ό-

391 1211 433 1253 ἒκ
444 1210 652 1264 θαλάσσης
667 1216 738 1265 τῆς
747 1209 992 1263 Ἀκανθίων]

332 1270 391 1306 De
420 1271 581 1307 Acantho
610 1272 703 1307 urbe
732 1270 810 1308 vid.
830 1278 926 1307 nott.
948 1270 996 1308 ad

333 1327 396 1373 Vl,
421 1325 488 1367 44.
550 1326 684 1365 Torone
724 1329 812 1364 urbs
851 1326 923 1364 hoc
954 1329 995 1364 in

333 1382 473 1421 isthmo
500 1386 669 1420 maxima
691 1385 803 1421 fuisse
823 1383 995 1431 traditur,

335 1453 434 1492 quae
460 1442 559 1478 sinui
589 1442 701 1478 maris
728 1453 871 1477 nomen
893 1440 997 1478 dedit

338 1497 548 1546 Toronaz'cz'‚
581 1497 629 1534 ad
654 1497 911 1534 Chalcidicam
932 1511 995 1534 re-

333 1555 490 1604 gionem
549 1556 666 1605 vulgo
733 1553 995 1590 adnumerata.

332 1610 419 1648 vid.
439 1612 626 1650 Mauuert.
639 1612 664 1648 l.
681 1611 708 1648 l.
727 1612 796 1648 VII
815 1609 994 1662 pag.454

324 1680 411 1719 'seq-

389 1718 505 1774 Σάνη
525 1719 639 1769 πόλις
659 1719 795 1770 Ἑλλάς
818 1722 993 1773 οἴκηται]

331 1781 391 1816 De
411 1793 506 1818 voce
523 1776 660 1826 Ἑλλάς
681 1779 760 1817 vid.
780 1777 915 1815 Matth.
928 1780 994 1818 Gr.

333 1837 400 1874 Gr.
424 1849 512 1887 pag.
541 1838 634 1876 796.
690 1835 753 1872 Ad
787 1849 996 1885 argumen-

333 1900 418 1930 tum
446 1893 609 1943 pertinet
629 1891 869 1943 Thucydidis
890 1893 995 1928 locus

332 1950 396 1996 IV,
430 1951 508 1990 109
522 1979 531 1995 ‚
555 1950 622 1985 ubi
643 1949 804 1985 aliorum
824 1949 925 1985 locos
947 1947 994 1985 de

336 2005 435 2044 Sane
463 2006 578 2052 urbe,
616 2004 853 2042 Andriorum
886 2005 995 2042 colo-

333 2063 410 2109 nia,
433 2063 539 2106 cuius
561 2069 710 2113 postera
741 2069 863 2098 aetate
888 2062 995 2098 nulla

333 2119 496 2169 amplius
512 2120 697 2170 reperitur
712 2120 876 2162 mentio,
893 2125 996 2154 attu-

334 2176 378 2212 lit
416 2177 567 2212 Wasse.
651 2174 754 2212 Add.
796 2173 997 2211 choiseul-

336 2232 522 2268 Gousl‘ier.
559 2232 586 2267 l.
625 2231 652 2267 1.
685 2244 774 2282 pag.
805 2231 886 2271 152
917 2242 998 2281 seq.

336 2288 441 2333 Quae
472 2287 650 2337 deinceps
687 2285 790 2337 apud
820 2285 999 2322 Herodo-

334 2351 418 2382 tum
453 2349 824 2389 commemorantur,
872 2342 998 2390 urbes,

337 2414 398 2438 eas
421 2399 557 2436 eodem
576 2398 693 2436 modo
723 2398 863 2450 profert
884 2396 998 2435 Thu-

337 2455 492 2509 cydides
510 2458 536 2493 l.
557 2457 581 2494 Ι.
602 2454 718 2506 Apud
739 2456 939 2506 Scylacem
958 2455 995 2500 ξ.

338 2517 393 2555 67
426 2527 465 2564 p.
494 2515 575 2554 278
606 2513 704 2549 Gail.
734 2518 997 2548 memorantur

335 2566 580 2622 Ἀκρόθωοι,
609 2564 826 2617 Ὀλόφυξος
857 2575 893 2604 et
918 2570 998 2606 Χα-

339 2627 519 2679 ραδρίαι,
540 2638 657 2677 quam
678 2626 811 2661 urbem
832 2623 997 2676 Thucy-

340 2682 446 2721 dides
476 2695 596 2734 aeque
633 2688 747 2733 atque
783 2680 998 2718 Herodotus

338 2740 500 2791 ignorat.
551 2739 696 2776 Plinius
732 2739 802 2774 1.1.
834 2738 888 2774 nil
908 2750 999 2788 pro-

337 2796 410 2833 fert
438 2796 530 2832 nisi:
576 2793 796 2845 „Oppidum
818 2795 854 2830 in
885 2807 1000 2831 cacu-

341 2854 447 2890 mine
467 2852 538 2890 fuit
562 2850 772 2900 Acrothon,
794 2863 897 2889 nunc
912 2857 1000 2889 sunt

388 1031 490 1084 ρυξ,
523 1032 566 1073 οἱ
587 1032 677 1087 μὲν,
700 1031 927 1076 κατώτατα
956 1031 1166 1084 ἑστεῶτες,
1187 1031 1409 1088 ὤρυσσον·
1441 1031 1580 1087 ἕτεροι
1608 1031 1656 1075 δὲ

1052 1215 1204 1266 Uranop
1210 1216 1288 1263 olis,
1298 1214 1567 1262 Palaeotrium‚
1581 1212 1713 1265 Thys-

1051 1286 1112 1310 sus
1129 1303 1139 1320 ‚
1161 1274 1337 1319 Cleonae,
1358 1271 1581 1321 Apollonia,
1604 1272 1712 1308 cuius

1052 1330 1199 1366 incolae
1227 1329 1410 1365 Macrobii
1431 1328 1713 1378 cognominan—

1051 1387 1154 1423 tur.“
1191 1384 1301 1422 Unde
1322 1384 1522 1433 coniicias,'
1551 1384 1715 1436 reliquas

1053 1444 1186 1490 urbes,
1218 1454 1383 1493 quarum
1404 1440 1506 1491 apud
1536 1440 1715 1478 Herodo—

1051 1507 1134 1536 tum
1155 1507 1191 1536 et
1203 1497 1477 1550 Thucydidem
1497 1496 1538 1534 fit
1556 1498 1714 1545 mentio,

1051 1557 1166 1593 Plinii
1186 1563 1307 1592 aetate
1329 1567 1407 1591 nou
1428 1555 1588 1604 amplius
1599 1555 1717 1591 exsti-

1049 1614 1149 1650 tisse.
1217 1612 1391 1649 Acrotlwn
1420 1612 1527 1647 novit
1560 1623 1715 1662 quoque

1050 1670 1151 1705 Mela
1182 1669 1208 1705 l.
1229 1669 1255 1705 l.
1287 1681 1375 1704 cum
1397 1668 1520 1703 Plinio
1549 1679 1715 1704 consen-

1050 1727 1147 1762 tiens
1177 1724 1224 1761 de
1256 1725 1372 1774 longa
1400 1724 1613 1759 incolarum
1652 1736 1714 1760 ae-

1051 1789 1141 1818 tate.
1200 1781 1266 1817 Tu
1302 1780 1380 1817 vid.
1409 1781 1600 1816 Mannert.
1630 1780 1657 1817 l.
1685 1780 1712 1817 Ι.

1050 1839 1121 1875 V11
1149 1849 1238 1888 pag.
1270 1835 1354 1877 452
1382 1848 1483 1887 seqq.
1531 1833 1716 1875 Κλεωναὶ

1051 1892 1142 1931 hinc
1164 1892 1278 1929 habet
1298 1891 1473 1929 Eustath.
1495 1890 1543 1928 ad
1558 1893 1603 1928 Il.
1624 1904 1715 1942 pag.

1051 1953 1146 1998 291,
1169 1953 1193 1991 7
1216 1963 1245 1987 s-
1267 1952 1361 1995 210,
1388 1950 1452 1989 17.
1479 1970 1531 1975 -
1555 1947 1614 1985 Ad
1633 1948 1716 1985 for-

1050 2020 1156 2044 mam
1185 2002 1299 2051 πόλις
1339 2004 1441 2042 conf.
1480 2003 1615 2042 Matth.
1646 2005 1714 2044 Gr.

1051 2065 1119 2102 Gr.
1141 2064 1179 2109 ξ.
1200 2065 1253 2104 80
1273 2068 1370 2098 nott.
1392 2064 1416 2102 6
1438 2073 1527 2112 pag·
1550 2063 1644 2103 180.

1240 2151 1333 2202 Cap.
1354 2152 1500 2187 xxm.

1111 2225 1328 2280 δασάμενοι
1362 2226 1432 2268 τόν
1460 2231 1593 2281 χῶρον
1619 2243 1657 2268 κ.
1677 2243 1713 2268 τ.

1054 2287 1116 2335 λ.]
1159 2287 1216 2322 De
1246 2293 1433 2323 structura
1461 2287 1536 2322 loci
1567 2286 1714 2323 consul.

1053 2340 1189 2380 Matth.
1211 2343 1276 2380 Gr.
1299 2344 1364 2379 Gr.
1388 2344 1425 2388 ξ.
1448 2342 1547 2386 556,
1582 2347 1598 2382 1
1623 2355 1713 2393 pag.

1058 2401 1179 2440 1093.
1207 2399 1330 2436 Verba
1345 2396 1585 2449 σχοινοτενὲς
1597 2413 1715 2449 ποιη-

1054 2452 1219 2506 σάμενοι
1247 2457 1495 2506 interpretor:
1536 2454 1634 2492 lineet
1659 2467 1717 2493 re-

1054 2515 1112 2549 cta
1131 2524 1238 2562 prope
1258 2511 1377 2549 Sanan
1405 2511 1568 2562 oppidum
1588 2508 1716 2562 (fune)

1055 2569 1164 2606 ducta
1186 2566 1224 2620 (e
1243 2566 1485 2620 transverso).
1543 2568 1601 2604 De
1620 2580 1716 2606 voce

1055 2624 1298 2675 σχοινοτενές
1317 2626 1419 2663 conf.
1438 2625 1468 2672 1,
1503 2624 1594 2664 189.
1621 2625 1719 2665 199.

1057 2682 1163 2717 ——In
1183 2695 1290 2734 seqq.
1311 2681 1375 2722 ἐπὶ
1404 2679 1572 2733 βάθρων
1592 2681 1715 2718 valet:

1056 2740 1093 2775 in
1105 2739 1224 2786 scalis,
1245 2739 1441 2788 gradibu33
1464 2736 1605 2783 coum,
1624 2738 1717 2778 183.

1057 2793 1120 2830 Ad
1167 2796 1283 2833 verba
1321 2794 1360 2842 ἐς
1403 2790 1496 2842 τούς
1528 2788 1716 2834 άνωτάτω

1058 2852 1182 2903 suppl.
1203 2851 1403 2899 ἓστεῶτας.

1845 1269 1863 1360 5

1844 1376 1848 1383 .

1866 2425 1875 2596 -2--2-
