1897 3340
103 511 168 554 23

464 201 1125 242 TERPSICHORE.
1186 203 1230 239 Χ.

1433 206 1489 245 35

222 317 364 368 γεῖος,
415 313 566 366 ἐκρίθη
610 327 655 353 τε
692 308 1010 366 εἶναι”Ἐλληω
1064 311 1136 354 καὶ
1175 309 1492 368 ἀγωνιζόμενος

223 380 402 424 στάδιον
431 377 708 429 συνεξέπιπτε
739 382 801 434 τῷ
829 379 999 435 πρώτῳ.
1029 384 1168 423 ταῦτα
1187 379 1266 436 μέν
1295 397 1380 423 νυν
1410 379 1486 425 οὕ-

222 465 281 492 τω
309 465 363 503 κη
393 446 571 501 ἐγένετο.

218 583 296 627 τὸν
322 581 665 637 Ἑλλήσποντον·
707 581 911 624 ἐνθεῦτεν
935 581 981 624 δὲ
1013 583 1362 636 διαπεραιωθεὶς,
1393 582 1488 627 ἀπί-

188 659 316 694 2κετο
347 649 390 700 ἐς
415 648 596 704 Σάρδις.
639 649 712 692 ἅτε
733 650 779 694 ὁὲ
808 649 1046 705 τειχέοντος
1075 648 1158 706 ἤδη

1185 649 1387 695 Ἱστιαίου
1407 656 1486 696 τοῦ

215 719 439 774 Μιλησίου
467 717 546 773 τὴν
584 717 704 771 παροὶ
734 719 930 772 Δαρείου
961 716 1141 773 αἰτήσας
1171 718 1290 774 ἔτυχε
1319 720 1483 774 μισθόν

215 784 384 842 δωρεὴν
414 788 612 842 φυλακῆς
640 790 716 843 τῆς
742 787 931 842 σχεδίης·
964 784 1116 837 ἐόντος
1146 787 1192 831 δὲ
1223 791 1302 830 τοῦ
1331 786 1480 843 χώρου
1537 790 1732 822 instaurem,

212 854 379 898 τούτου
408 853 529 908 παρὰ
558 853 800 910 Στρυμόνα
829 853 1049 908 ποταμόν,
1087 859 1149 909 τῷ
1180 854 1352 913 οὔνομά
1393 857 1483 902 ἐστι

209 921 462 978 Μύρκινος·
493 921 651 977 μαθών
672 923 718 966 δὲ
743 921 766 967 ὁ
782 919 1043 978 Μεγάβαζος
1074 921 1122 966 τό
1141 924 1409 980 ποιεύμενον
1433 925 1479 970 ἐκ
1495 936 1537 969 15

209 994 291 1033 τοῦ
316 989 539 1040 Ἱστιαίου,
568 989 627 1042 ὥς
655 985 764 1048 ἦλθε
794 989 971 1046 τάχιστα
996 989 1039 1040 ἐς
1069 989 1146 1041 τοὶς
1165 991 1333 1048 Σάρδις
1359 992 1480 1050 ἄγων

180 1057 315 1109 3τούς
362 1058 582 1111 Παίονας,
623 1059 737 1116 ἔλεγε
774 1059 948 1115 Δαρείῳ
986 1056 1108 1102 τάδε·
1168 1055 1245 1113 „³52
1282 1063 1479 1116 βασιλεῦ,

209 1123 361 1180 ,,κοῖόν
390 1142 431 1169 τι
459 1130 603 1183 χρῆμα
640 1127 871 1184 ἐποίησας,
920 1124 1048 1181 ἀνδρὶ
1067 1125 1243 1185 ’Έλληνι
1275 1131 1406 1187 δεινῷ
1434 1147 1479 1174 τε

153 1287 331 1341 Philippo
359 1289 508 1327 Maced.
538 1303 627 1342 pag.
665 1293 748 1331 272
780 1295 815 1326 et

207 1401 275 1441 καὶ
321 1398 607 1455 ἀγωνιζόμενος
638 1398 815 1451 στάδιον,

154 1458 407 1507 συνεξέπιπτε
434 1462 490 1512 τῷ
519 1454 689 1512 πρώτῳ]
720 1459 814 1495 Val-

152 1514 329 1552 ckenaer.
372 1517 582 1566 suspicatur
629 1516 812 1566 scriptum

150 1572 263 1608 fuisse
286 1568 604 1624 α’γωνισόμενος,
633 1570 707 1608 hoc
731 1572 812 1608 fere

151 1641 263 1666 sensu
280 1641 290 1666 τ
321 1632 354 1666 et
374 1629 491 1666 stadio
513 1629 731 1666 decertaturi
749 1642 812 1665 ηο-

149 1697 224 1722 men
243 1699 318 1723 una
343 1699 418 1723 cum
437 1689 550 1736 primo
568 1687 702 1722 nomine
721 1689 812 1723 sorte

148 1742 347 1787 excidebat,
361 1741 693 1794 quemadmodum
708 1742 811 1793 apud

148 1799 302 1836 Livium
312 1801 457 1848 XXIII,
475 1803 498 1841 3
513 1812 524 1837 z
557 1807 626 1848 „ut
644 1801 811 1851 primam

148 1856 263 1907 ipsius
302 1864 339 1894 et
372 1858 634 1907 antagonistae
666 1863 810 1894 sortem

150 1913 283 1950 exiisse
314 1915 478 1964 optimus
500 1921 632 1951 auctor
662 1914 811 1964 signifi-

148 1971 249 2006 cet.“
306 1969 402 2007 Mihi
431 1972 497 2008 vix
534 1984 628 2022 opus
659 1970 811 2008 videtur

147 2026 265 2063 futuri
282 2029 492 2079 participio,
512 2042 585 2065 nec
605 2029 691 2065 satis
713 2041 809 2065 cau-

147 2096 209 2120 sae
230 2085 380 2122 subesse
401 2084 578 2134 credam,
601 2092 645 2122 ut
666 2079 808 2137 ἄγωνι-

148 2135 335 2191 ζόμενος,
377 2143 419 2178 in
460 2155 536 2194 quo
566 2143 693 2193 scripti
722 2142 809 2179 libri

149 2199 388 2248 conspirant,
432 2206 682 2236 commutem.
750 2199 808 2236 Ac

147 2256 262 2291 moris
272 2255 384 2292 fuisse
395 2258 623 2307 accepimus,
643 2262 697 2302 ut,
719 2256 809 2306 plu-

148 2323 206 2347 res
246 2324 366 2363 quum
411 2312 584 2350 adessent
630 2311 807 2361 athletae,

148 2374 290 2404 sortem
311 2368 494 2406 ducerent
508 2398 524 2416 ,
556 2371 716 2423 quinam
727 2370 808 2420 pri-

149 2425 204 2459 mi
244 2428 593 2475 committerentur3
643 2426 691 2463 de
731 2439 807 2478 qua

149 2482 345 2518 sortitione.
366 2483 539 2521 classicus
561 2491 617 2521 est
645 2484 808 2520 Luciani

148 2536 251 2574 locus
272 2540 312 2575 iu
332 2541 559 2577 Hermotim.
581 2539 669 2587 §40
689 2542 807 2577 Tom.

150 2592 201 2629 IV
220 2607 307 2644 pag.
330 2595 382 2638 55
404 2595 463 2633 ed.
485 2599 570 2648 Bip.
611 2596 723 2633 Unde
743 2609 807 2634 sa-

151 2649 196 2685 tis
225 2658 348 2700 patet,
389 2653 482 2704 quid
523 2653 570 2691 de
601 2654 806 2691 vernacula

153 2702 265 2742 huius
300 2708 374 2745 loci
410 2711 721 2762 interpretatione
758 2711 806 2747 sit

151 2760 418 2802 iudicandum:
462 2767 567 2814 „und
599 2767 654 2804 als
692 2780 728 2804 er
757 2768 805 2804 im

156 2816 326 2856 Stadium
362 2821 429 2859 den
475 2822 655 2873 Wettlaus
686 2823 806 2861 hulten

871 1288 1009 1336 wollte,
1049 1290 1130 1327 leam
1159 1303 1196 1327 er
1221 1291 1339 1340 gleiclz
1366 1294 1431 1330 mit
1459 1293 1535 1330 ‹Iem

871 1344 1045 1384 Ersten.“
1075 1348 1196 1397 Mag-is
1215 1350 1426 1399 perspicue,
1449 1352 1535 1400 opi—

869 1414 954 1446 nor,
974 1402 1209 1441 Larcherus:
1252 1419 1340 1452 „son
1362 1419 1439 1443 nom
1459 1420 1534 1443 sor-

871 1461 915 1495 tz’t
937 1458 978 1495 de
1006 1459 1120 1497 l’urne
1152 1473 1236 1498 avec
1270 1462 1363 1499 celui
1388 1462 1436 1499 du
1451 1476 1531 1512 pre-

869 1516 955 1551 mier
984 1516 1259 1562 σοτηόαίΐαηίς(ι
1302 1531 1423 1570 quum
1455 1518 1531 1567 ε’ξέ-

868 1586 985 1610 πιπτε
996 1571 1101 1609 idem
1114 1575 1160 1610 sit
1181 1581 1294 1626 atque
1306 1574 1346 1614 ἔκ
1372 1571 1405 1614 δ’
1414 1575 1535 1629 ἔθορε

868 1627 972 1679 apud
992 1630 1150 1668 Homer.
1169 1631 1214 1668 Il.
1235 1632 1324 1680 VII,
1349 1634 1430 1674 182
1449 1646 1528 1686 seq.

1070 1721 1163 1772 Cap.
1183 1722 1330 1759 XXIII.

924 1794 992 1837 ἅτε
1022 1797 1065 1838 δὲ
1090 1798 1306 1851 τειχέοντος
1340 1816 1375 1840 κ.
1415 1817 1448 1842 τ.
1475 1804 1530 1852 λ.]

866 1856 1107 1894 Florentiuus
1130 1854 1196 1896 ἅτε
1216 1855 1268 1909 δή
1282 1887 1291 1904 ,
1313 1872 1528 1909 perperam,

866 1912 954 1948 mest
966 1912 1123 1964 quidem
1137 1914 1335 1963 sententia,
1357 1929 1446 1953 cum
1456 1930 1531 1967 po-

866 1970 939 2006 tius
958 1971 1185 2021 particulam
1207 1969 1249 2010 δὲ
1277 1972 1448 2022 flagitare
1468 1974 1529 2011 vi-

868 2025 1003 2063 deatur
1030 2028 1105 2064 loci
1134 2041 1285 2076 sensus3
1324 2042 1422 2081 quae
1462 2043 1528 2067 ea—

867 2082 956 2120 dem
968 2085 1153 2135 particula
1173 2087 1331 2136 repetita
1344 2093 1431 2137 post
1451 2102 1527 2138 μα·-

865 2136 958 2179 θών
978 2142 1140 2178 minime
1168 2143 1286 2179 trium
1314 2142 1426 2180 codd.
1455 2156 1526 2180 au—

866 2199 1037 2234 ctoritate
1047 2199 1128 2235 tolli
1139 2197 1299 2236 debebat
1308 2212 1329 2236 a
1341 2198 1526 2251 Schwgh.

866 2261 903 2291 et
933 2254 1121 2292 Gaisford.
1171 2257 1249 2293 Nec
1279 2270 1411 2294 moror
1431 2270 1526 2294 ean-

865 2310 954 2348 dem
986 2313 1210 2363 particulam
1240 2314 1282 2349 in
1300 2315 1423 2351 verbis
1445 2311 1526 2354 ε’όνέ

863 2383 930 2415 τος
947 2366 1001 2407 δὲ
1021 2371 1094 2408 τοῦ
1105 2366 1234 2421 χώρου
1247 2386 1278 2409 κ.
1293 2386 1324 2409 τ.
1336 2373 1367 2409 λ.
1382 2387 1396 2410 .-
1425 2383 1525 2422 quae

863 2423 1107 2476 parenthesin
1139 2428 1246 2478 quasi
1277 2429 1522 2476 constituunt,

865 2483 1007 2534 quippe
1038 2482 1255 2534 explicandi
1287 2497 1399 2521 causa
1417 2485 1525 2535 prio-

312 513 575 569 Μεγάβαζος
606 513 651 557 δὲ
684 511 802 568 ἄγων
840 512 944 564 τούς
975 514 1171 565 Παίονας
1209 512 1386 560 οἷπίκετο
1417 515 1486 559 ἐπὶ
1500 517 1732 557 10³¹⁹g²¹bazu⁸

1544 560 1609 579 cum
1630 554 1768 583 Paeones

1546 586 1660 613 Sardes
1672 590 1815 628 duxisset,

1545 620 1719 655 Myrcinum
1747 626 1799 653 Hi·

1544 655 1641 682 stiae«)
1661 658 1783 686 incaute

1543 689 1686 718 traditam
1708 694 1746 726 [c.
1760 693 1815 729 11.]

1540 721 1666 758 docens,
1693 729 1800 754 suadet

1540 756 1643 790 Dario,
1656 762 1688 786 ut
1706 760 1814 789 donum

863 2539 967 2576 ribus
988 2538 1127 2576 addita.
1149 2541 1337 2577 Voculam
1357 2538 1534 2592 μισθὸν,«

865 2608 982 2647 quam
1021 2598 1189 2648 spuriam
1215 2596 1349 2635 habuit
1379 2596 1527 2636 Schae-

863 2651 964 2689 ferus
983 2655 1091 2690 mlcis
1118 2653 1339 2702 includens,
1370 2655 1523 2691 cancel-

861 2709 906 2745 lis
933 2710 1090 2747 liberavi
1120 2717 1163 2747 ut
1191 2713 1362 2748 maxime
1390 2722 1523 2748 sanam

865 2772 902 2802 et
942 2767 1118 2803 omnium
1157 2766 1268 2804 codd.
1301 2768 1523 2804 auctoritate

863 2823 1078 2873 probatam.
1108 2825 1242 2875 Neque
1252 2836 1405 2860 necesse
1416 2828 1522 2872 puto,

1173 2876 1245 2919 δὲ
