1897 3340
449 266 532 306 188

845 264 1300 302 HERODOTI

449 373 520 424 „eg
558 372 845 424 Θεσπρωτοὺς
892 372 961 415 ἐπ’
995 372 1218 429 Ἀχέροντα
1255 373 1454 429 ποταμόν
1493 373 1700 429 ἀγγέλους
1713 383 1759 417 95

448 440 541 492 ,,ἐπὶ
581 438 630 482 τὸ
676 441 1021 496 νεκυομαντήιον
1052 441 1422 497 παρακαταθήκης
1455 441 1553 494 πέρι
1582 444 1702 494 ξεινι-
1727 444 1739 452 '

448 511 578 563 ,,κῆς,
615 506 714 552 οὔτε
751 508 979 564 σημανέειν
1018 508 1100 564 ἔφη
1129 508 1156 565 ἡ
1196 511 1395 553 Μέλισσα
1435 509 1703 566 ἐπιφανεῖσα,

446 668 487 717 ἐς
511 665 771 720 Θεσπρωτούς
789 663 848 707 ἐπ’
872 663 1047 718 Ἀχέρον-

389 727 455 775 τα]
489 725 684 776 Thesproti,
713 731 800 761 sunt
821 725 1048 761 contermini

387 781 586 820 Leucadiis
639 783 808 832 itemque
863 781 1046 829 Molossis,

388 840 522 891 quibus
545 851 634 875 cum
653 844 784 887 postea
798 836 939 874 subditi
958 838 1044 873 fue-

388 897 463 931 rint
483 893 689 944 Thesproti
702 923 711 940 ,
740 894 885 930 factum
906 900 980 941 est,
1001 901 1043 931 ut

385 949 490 987 haud
519 963 603 987 raro
638 949 773 987 eadem
801 949 890 987 huic
910 951 972 988 vel
989 951 1045 987 illi

384 1008 490 1057 genti
504 1007 717 1057 promiscue
731 1006 1043 1044 adscriberentur.

348 1092 352 1093 γ
387 1064 464 1111 Sic,
475 1064 541 1115 qui
560 1064 598 1099 in
608 1064 778 1101 Molossis
787 1065 904 1100 oritur
913 1062 1045 1100 Ache-

386 1133 456 1157 ron
470 1120 628 1168 fiuvius,
661 1119 749 1156 dein
772 1119 1042 1171 Thesprotiam

384 1184 557 1227 permeat
574 1190 694 1228 usque
715 1175 763 1213 ad
782 1190 902 1214 mare.
967 1178 1043 1213 Ubi

387 1232 492 1284 quod
539 1240 781 1270 mortuorum
818 1233 936 1270 fertur
962 1247 1041 1270 esse

385 1291 583 1327 oraculum
597 1320 606 1337 ‚
644 1291 740 1336 eiusX
753 1291 877 1338 nulla,
917 1302 1042 1342 quan-

383 1353 468 1383 tum
489 1346 668 1399 equidem
687 1348 787 1396 scio,
818 1345 920 1397 apud
950 1347 1041 1383 alios

383 1407 580 1456 scriptores
599 1405 758 1441 mentio.
816 1405 916 1440 Nam
937 1402 1041 1455 quod

354 1464 357 1468 ”
385 1462 433 1499 ad
449 1463 625 1499 Aornum
645 1459 831 1511 oppidum
854 1461 946 1497 olim
966 1461 1041 1496 tale

383 1514 671 1556 oraculum‘fuit
690 1524 781 1554 teste
796 1519 959 1553 Pausan.
970 1518 1039 1564 IX,

384 1578 450 1623 30,
473 1577 510 1622 3,
540 1573 581 1611 id
606 1587 740 1611 vereor
768 1580 809 1610 ut
838 1572 914 1610 huc
941 1572 1040 1609 trahi

381 1632 497 1682 possit
527 1643 647 1682 quum
681 1630 812 1666 Aornus
836 1630 876 1665 in
896 1630 1040 1666 monti-

379 1689 450 1725 bus
470 1688 591 1723 iaceat
611 1687 803 1723 Cerauniis
822 1698 941 1736 prope
961 1687 1040 1721 Pa-

380 1745 521 1781 laesten
536 1773 544 1789 ‚
574 1746 816 1794 multumque
843 1744 958 1793 igitur
978 1741 1039 1778 di-

380 1808 452 1838 stet
482 1813 503 1836 a
543 1798 848 1850 Tliesprotorum
883 1800 1038 1849 regione

380 1864 495 1909 atque
516 1855 745 1893 Acheronte.
805 1856 916 1892 Cous.
937 1856 1038 1891 Plin.

380 1915 429 1950 H.
450 1915 496 1950 N.
517 1913 580 1960 IV,
604 1916 638 1959 1,
651 1913 717 1949 ubi
735 1910 1039 1962 Thesprotorum

380 1977 418 2007 et
445 1970 766 2020 Antigonensium
794 1969 892 2005 sacta
926 1981 1039 2015 men-

379 2028 483 2064 tione
515 2028 593 2063 iam
630 2027 681 2062 ita
720 2027 867 2076 pergit:
908 2025 1039 2072 „locus

379 2084 510 2120 Aornos
531 2090 568 2119 et
586 2083 760 2134 pestifera
781 2082 912 2119 avibus
923 2080 1037 2117 exha-

380 2140 482 2176 latio.
501 2141 524 2158 “
573 2138 675 2176 Add.
716 2137 902 2189 Stephan.
940 2140 1037 2188 Byz.

380 2210 409 2234 s.
432 2210 468 2232 v.
490 2194 623 2246 p-142
645 2203 680 2232 et
702 2193 866 2246 Hesycb.
888 2195 938 2231 Τ.
959 2196 976 2230 Ι
996 2208 1036 2244 p.

384 2251 505 2292 1694.
539 2251 632 2290 Θεοὶ
655 2247 1037 2291 ΙῑἸολοττικοί-ὅτι

382 2303 688 2357 ψυχοπομπεῖὸν
705 2307 785 2347 ἔστι
805 2307 847 2347 ἐν
870 2309 1037 2346 Μολοσ-

381 2367 476 2411 σοῖς.
534 2365 591 2400 De
622 2364 812 2401 Acheronte
838 2362 915 2401 v1d.
949 2363 1037 2400 Cel-

380 2420 447 2456 lar.
469 2421 583 2457 Notit.
604 2421 693 2457 Orb.
715 2421 905 2472 Antiq.11,
925 2422 975 2460 13
999 2433 1036 2469 p.

382 2479 488 2517 1086
519 2477 605 2513 coll.
633 2479 751 2517 1087.
809 2478 879 2522 Qui
901 2475 1037 2512 fluvius

378 2545 468 2569 cum
508 2546 575 2583 per
613 2534 803 2570 Sellorum
844 2534 1038 2582 regionem

379 2588 637 2635 delaberetur,
672 2589 797 2626 Selleis
819 2589 1036 2636 vocabatur,

379 2651 461 2682 tum
500 2659 590 2682 vero
622 2646 736 2681 etiam
774 2647 874 2693 niger
897 2646 1038 2695 fluvius

380 2708 417 2738 et
437 2701 584 2752 GlyryS.
642 2703 733 2738 Eius
767 2714 917 2737 cursum
938 2702 1036 2737 inter

380 2759 604 2795 recentiores
644 2765 817 2795 accurate
855 2771 1033 2808 persecu-

378 2821 437 2851 tus
468 2821 521 2852 est
551 2828 594 2852 ac
616 2813 818 2865 [descripsit
849 2815 1030 2865 Ponqne-

377 2872 464 2909 ville
484 2872 523 2908 in
537 2872 666 2909 ltiuer.
685 2885 769 2922 cap.
801 2872 929 2908 XXX.
961 2872 1030 2919 (T.

1102 670 1131 716 Ι,
1154 671 1181 709 2
1209 683 1297 721 pag.
1330 674 1409 713 323
1430 683 1537 723 seqq.
1566 669 1629 707 ed.
1669 684 1759 709 ver-

1102 726 1216 775 nac.)

1158 778 1494 833 νεκυομαντήϊον]
1516 783 1758 821 Mortuorum

1101 837 1289 875 indicatur
1317 839 1534 886 oraculum,
1572 851 1648 890 quo
1677 840 1759 878 scil.

1098 900 1338 931 mortuorum
1349 896 1493 932 animas
1511 895 1661 933 sedibus
1682 898 1760 935 suis

1100 952 1313 998 eliciebant,
1332 963 1376 988 ac
1388 952 1457 987 rite
1466 951 1566 989 facto
1579 951 1759 996 diisjiuse·

1100 1009 1149 1045 ris
1160 1007 1355 1056 sacrificio,
1369 1008 1513 1044 animas
1525 1016 1697 1046 evocatas
1710 1008 1759 1046 de

1100 1065 1210 1101 rebus
1221 1065 1355 1101 suturis
1365 1065 1626 1102 consulebant.
1646 1064 1758 1112 Quod

1098 1122 1371 1172 ‚superstitionis
1402 1134 1523 1171 genus
1551 1121 1654 1172 apud
1681 1124 1757 1159 He-

1098 1178 1229 1214 braeos
1248 1179 1327 1213 iam
1346 1178 1502 1214 obvium
1521 1178 1634 1215 fuisse
1654 1185 1757 1229 patet

1098 1248 1147 1270 ex
1168 1234 1338 1271 Samuel.
1360 1237 1413 1276 28
1434 1235 1520 1271 coll.
1546 1236 1754 1275 Deuteron.

1100 1292 1165 1337 18,
1198 1293 1262 1330 11.
1320 1292 1397 1328 Eos
1435 1304 1525 1328 vero
1548 1292 1594 1328 ab
1623 1293 1757 1343 Aegy-

1096 1348 1182 1397 ptiis
1193 1347 1282 1383 talia
1292 1353 1485 1384 mutuatos
1498 1360 1576 1384 esse
1586 1348 1617 1384 si
1628 1349 1757 1385 statuit

1097 1404 1330 1454 Wesseling,
1392 1402 1572 1456 equidem
1621 1405 1757 1442 mafim

1097 1473 1187 1496 cum
1208 1460 1250 1497 C.
1269 1462 1316 1499 Ε.
1337 1459 1567 1502 Kisselbach.
1597 1460 1755 1511 (Dogm.

1098 1515 1145 1553 de
1179 1518 1291 1553 rebus
1310 1524 1395 1568 post
1415 1524 1581 1554 mortem
1608 1517 1755 1556 futuris.

1096 1572 1338 1623 Heidelberg.
1364 1575 1484 1614 1832.
1506 1586 1588 1624 cap.
1617 1575 1686 1610 VH
1715 1588 1755 1625 p.

1097 1632 1146 1669 31
1182 1630 1274 1681 ibiq.
1296 1629 1454 1677 laudd.)
1485 1628 1560 1666 hoc
1596 1631 1643 1666 ab
1675 1631 1756 1667 aliis

1095 1687 1264 1736 paganis,
1285 1685 1497 1722 Philistaeis
1522 1688 1755 1736 praesertim,

1095 1748 1279 1792 repetere.
1335 1744 1414 1779 Nec
1444 1742 1608 1779 Graecos
1639 1755 1661 1778 a
1690 1744 1756 1781 tali

1094 1799 1358 1848 superstitione
1396 1797 1632 1835 abhorruisse
1660 1812 1756 1836 con-

1095 1861 1180 1891 stat.
1238 1854 1325 1892 Vid.
1362 1855 1538 1892 Creuzer.
1579 1855 1755 1905 Symbol.
1800 1870 1806 1873 “

1094 1912 1112 1946 1
1131 1923 1219 1961 pag.
1246 1914 1339 1953 189.
1396 1910 1458 1948 Ad
1489 1911 1673 1948 Herodoti
1693 1913 1755 1949 lo-

1095 1981 1185 2004 cum
1222 1969 1454 2019 VVesseling.
1483 1968 1645 2005 conferri
1672 1969 1772 2019 vult⁸

1094 2023 1268 2062 Eustath.
1301 2024 1349 2061 ad
1386 2025 1519 2078 Odyss.
1549 2038 1586 2076 p.
1630 2027 1752 2072 1667,

1095 2082 1144 2121 61
1172 2093 1202 2121 s.
1232 2079 1326 2128 410,
1357 2084 1410 2122 37
1442 2082 1528 2119 coll.
1556 2073 1752 2118 Plutarch.

1094 2137 1129 2172 Π
1156 2150 1195 2186 p-
1222 2135 1326 2177 1104
1355 2139 1403 2174 D.
1432 2159 1489 2166 —
1525 2152 1753 2189 παρακατα·

1094 2188 1207 2242 θηκη
1228 2191 1378 2244 ξεινικὴ
1401 2202 1454 2231 est
1483 2194 1677 2244 depositum
1692 2193 1751 2231 luo-

1092 2251 1193 2298 spz'tis
1204 2250 1399 2298 cuiusdam,
1420 2265 1449 2287 s.
1462 2263 1602 2288 munus
1622 2263 1751 2302 aquo-

1093 2304 1183 2342 dam
1192 2306 1388 2343 Periandri
1401 2306 1545 2357 hospite
1555 2308 1638 2344 loco
1651 2319 1750 2359 quo—

1093 2361 1183 2398 dam
1205 2360 1431 2412 depositum.
1465 2363 1576 2400 Conf.
1591 2365 1638 2412 Π,
1656 2362 1750 2404 156.

1090 2420 1155 2464 111,
1177 2418 1244 2458 59.

1150 2472 1179 2524 ἦ
1213 2472 1395 2513 ῙῑἸέλισσα
1425 2473 1691 2524 ἐπιφανεῖσα]
1723 2476 1748 2512 i.

1095 2544 1128 2566 e.
1159 2528 1329 2568 Melissae
1346 2533 1466 2569 anima
1487 2529 1548 2580 (τὸ
1567 2531 1749 2581 εἴδωλον)

1095 2588 1283 2637 sacrificiis
1313 2591 1456 2625 evocata
1487 2590 1532 2625 ab
1562 2589 1617 2625 his
1646 2587 1749 2625 Peri-

1094 2643 1204 2681 andri
1230 2647 1361 2682 'auidiis
1395 2657 1575 2695 ean-umque
1604 2647 1640 2681 in
1667 2658 1749 2682 con-

1091 2705 1242 2750 spectum
1262 2703 1410 2738 veniens.
1429 2722 1485 2728 -—-
1525 2701 1645 2737 Paulo
1665 2707 1749 2751 post

1089 2770 1157 2807 pro
1180 2755 1514 2796 κατακαυθέντων
1535 2759 1572 2794 in
1591 2758 1749 2794 Floren-

1090 2815 1169 2850 tino
1210 2815 1347 2865 legitur
1378 2811 1749 2859 κατακαυσθέντων,

1086 2870 1188 2922 quod
1210 2884 1286 2907 non
1317 2870 1575 2922 spernendum
1595 2868 1749 2909 videba-
