1897 3340
78 1095 110 1123 ι)

455 158 1105 199 'PERPschORn.

86 276 151 322 5-1·
210 271 413 328 νήκοντα.

1164 159 1205 194 V.
1415 163 1468 201 87

476 268 601 312 Οὕτω
636 270 697 323 τῷ
728 268 927 326 Μιλησίῳ
958 264 1266 320 Ἀρισταγόρῃ,
1305 267 1468 309 εἴπαντι

212 340 321 394 πρὸς
351 336 595 391 Κλεομένεα
615 334 692 379 τόν
711 332 1060 389 Λακεδαιμόνιον
1089 331 1203 375 εἶναι
1230 335 1367 384 τριῶν
1396 341 1526 386 μη-ῶο

180 412 305 451 Ξνῶν
333 406 412 461 τὴν
446 404 611 447 ἄνοδον
639 403 718 458 τὴν
747 402 865 455 παρὰ
897 401 1093 458 βασιλέα,
1135 397 1283 453 ὀρθῶς
1315 401 1470 455 εἴρητο.

207 478 245 520 εἰ
273 475 318 518 δέ
348 490 411 524 τις
448 471 498 515 τὸ
529 471 837 525 ἀτρεκέστερον
866 468 1041 513 τούτων
1070 468 1132 511 ἔτι
1159 470 1343 530 δίζηται,
1386 466 1469 522 ἐγώ

205 543 277 587 καὶ
306 545 436 584 τοῦτο
467 539 692 596 σημανέω·
721 538 802 594 τὴν
831 538 913 594 γὰρ
942 538 985 590 ἐξ
1009 534 1198 592 Ἐφέσου
1229 535 1270 585 ές
1300 534 1468 588 Σάρδις

178 608 321 653 3ὁδόν
350 610 418 651 δεῖ
444 609 824 663 προσλογίσασθαι
851 606 1001 662 ταύτῃ.
1038 605 1110 647 καὶ
1142 602 1195 659 δὴ
1226 603 1335 657 λέγω
1368 613 1468 644 στα-

206 679 330 727 δίους
360 673 472 720 εἶναι
501 675 606 727 τούς
636 673 803 725 πάντας
833 672 920 718 ἀπὸ
952 671 1177 727 θαλάσσης
1213 675 1289 727 τῆς
1326 670 1468 726 Ἑλλη-

202 747 327 800 νικῆς
357 743 479 800 μέχρι
510 743 724 796 Σούσων,
765 745 894 785 τοῦτο
933 740 1017 797 γοέρ
1058 739 1317 794 Μεμνόνιον
1357 738 1524 781 &imvm

203 812 420 867 καλέεται,
450 810 767 865 τεσσεράκοντα
796 810 868 854 καὶ
895 808 1262 864 τετρακισχιλίους
1287 807 1359 849 καὶ
1389 823 1469 862 μυ-

206 881 349 937 ρίρυς·
389 880 434 922 οἷ
474 878 559 934 γὰρ
598 878 640 931 ἐξ
666 877 852 933 Ἐφέσου
882 877 925 929 ές
955 877 1123 931 Σάρδις
1163 875 1242 918 εἰσὶ
1273 872 1468 927 τεσσερά-

209 964 345 992 κοντα
367 947 442 990 καὶ
464 946 744 990 πεντακόσιοι
774 944 965 989 στάδιοι·
998 944 1072 988 καὶ
1097 943 1213 986 οὕτω
1231 943 1344 998 τρισὶ
1368 940 1468 998 ἡμέ-

204 1025 305 1072 ρῃσι
334 1014 571 1071 μηκύνεται
598 1014 626 1071 ἡ
652 1016 861 1071 τρίμηνος
893 1011 1007 1064 ὁδός.

111 1077 144 1124 5

284 1082 650 1139 Ἀπελαυνόμενος
680 1083 725 1127 δὲ
760 1082 783 1126 ὁ
813 1079 1118 1137 Ἀρισταγόρης
1147 1080 1194 1123 ἐκ
1222 1082 1299 1134 τῆς
1318 1076 1465 1131 Σπάρ-
1479 1086 1522 1117 60

203 1168 299 1208 της,
338 1149 405 1207 ἤϊε
426 1150 468 1202 ές
496 1150 574 1203 τοὶς
597 1149 809 1207 Ἀθήνας,
846 1150 1085 1206 γενομένας
1120 1145 1353 1203 τυράννων
1384 1142 1467 1189 ὦδε

199 1218 444 1274 ἐλευθέρας.

148 1415 281 1454 dicunt
301 1413 365 1454 ἐπὶ
377 1409 450 1453 δύο
464 1411 614 1465 ἡμέρας
627 1412 710 1463 (per
721 1414 808 1451 duos

147 1473 224 1510 dies
240 1471 471 1519 continuos),
523 1469 570 1506 de
612 1482 688 1521 quo
727 1468 806 1507 vid.

146 1527 283 1566 Matth.
306 1529 372 1565 Gr.
395 1528 461 1563 Gr.
481 1540 520 1577 p.
545 1527 665 1566 1169.
707 1527 807 1563 Pro—

145 1586 230 1637 pius
250 1583 327 1622 huc
349 1584 474 1621 facere
499 1582 671 1631 Videtur,
701 1581 807 1636 quod

144 1644 181 1688 1,
203 1645 257 1683 32
276 1642 439 1692 legitur:
469 1642 562 1679 τοῦ
590 1634 658 1679 ἐπ’
683 1638 807 1692 ἦμέ-

143 1713 245 1751 ρην
282 1698 496 1749 ἔχοντος
535 1694 588 1747 (i.
618 1709 651 1732 e.
682 1699 742 1734 cui
767 1699 806 1735 in

142 1755 234 1794 diem
255 1756 410 1805 suppetit
425 1753 570 1803 victas).
617 1753 719 1791 Hinc
741 1767 805 1790 re-

142 1819 203 1850 cte
223 1810 329 1849 idem
348 1809 533 1848 Matthiae
560 1810 586 1846 l.
614 1810 641 1849 l.
672 1806 735 1860 ἐφ’
754 1808 806 1861 ή-

143 1866 270 1921 μέραν
289 1868 363 1919 auf
384 1870 479 1905 einen
502 1865 600 1915 Tag.
629 1887 686 1893 -—
742 1866 806 1904 Ad

142 1931 415 1976 argumentum
426 1924 501 1961 loci
521 1922 622 1960 conf.
633 1923 697 1971 IV,
713 1925 805 1971 101,

143 1983 211 2020 ubi
232 1982 381 2020 ducenta
399 1983 440 2018 in
460 1992 584 2018 unum
605 1978 708 2016 diem
728 1986 806 2016 sta-

142 2038 207 2077 dia
236 2045 466 2077 sumuntur:
506 2049 625 2090 quam
646 2035 807 2074 diversi-

144 2103 263 2134 tatem
281 2109 333 2132 ne
360 2095 526 2142 mireris,
556 2092 805 2143 cogitandum

145 2166 236 2191 sane
258 2151 306 2190 de
331 2153 401 2190 soli
422 2159 537 2204 atque
558 2151 655 2187 coeli
675 2149 805 2188 diver-

144 2211 253 2248 sitate
294 2200 447 2248 diversis
484 2209 526 2244 in
572 2208 803 2257 regionibus,

146 2281 214 2318 per
244 2279 337 2318 quas
365 2266 501 2303 itinera
527 2262 715 2315 pedestria
742 2265 805 2300 in-

146 2324 251 2361 stitui
271 2324 414 2370 solent,
435 2323 606 2373 itemque
626 2319 723 2357 illud
742 2334 805 2357 re-

147 2379 406 2431 spiciendum,
436 2377 541 2431 quod
560 2378 601 2414 in
619 2378 806 2428 longiori-

149 2437 218 2474 bus
247 2437 444 2473 itineribus
478 2436 605 2472 miuus
635 2435 807 2471 celeriter

150 2493 327 2544 progredi
337 2494 449 2530 liceat
460 2520 470 2539 ,
494 2492 716 2543 praesertim
726 2498 806 2528 tam

151 2549 272 2588 calido
292 2550 362 2588 sub
383 2543 637 2599 coe103m1de
647 2548 805 2596 factum,

154 2612 194 2642 ut
213 2607 251 2642 in
272 2607 444 2657 longiore
466 2604 601 2642 itinere
622 2603 806 2642 Sardibus

154 2661 251 2699 Susa
269 2662 443 2700 faciendo
464 2665 598 2700 centum
625 2661 805 2712 quz'izqua-

153 2720 257 2766 ginta
285 2726 433 2757 tantum
463 2717 583 2756 stadia
612 2719 654 2754 iu
683 2731 803 2755 unum

154 2772 256 2810 diem
283 2782 555 2826 supputentur,
595 2788 684 2812 cum
715 2776 804 2812 alias

1528 1075 1717 1111 Aristagoras
1743 1085 1756 1103 s
1761 1086 1798 1113 pe

1527 1110 1690 1137 frustratus
1715 1111 1798 1137 auxi-

1526 1144 1558 1170 lii
1578 1145 1733 1179 Spartani,
1762 1146 1798 1171 Α-

1526 1177 1631 1216 unt-nas
1652 1178 1709 1205 iani
1733 1187 1797 1213 pro-

1524 1212 1669 1238 ficiscitur

1715 1212 1798 1247 panl-

1525 1244 1553 1271 lo
1574 1249 1644 1271 ante
1662 1233 1704 1279 [21.
1722 1246 1796 1281 510]

1526 1278 1556 1304 in
1576 1279 1746 1307 libertatem

1525 1312 1702 1340 vindicatas.

866 1414 1017 1452 ducenta
1028 1411 1144 1461 vulgo
1153 1409 1408 1446 insumantur.
1440 1406 1524 1452 Quo

863 1477 976 1522 pacto
998 1480 1089 1505 sane
1109 1465 1326 1503 Herodotus
1345 1465 1393 1500 ab
1417 1465 1524 1500 omni

863 1524 1061 1564 socordiae
1083 1530 1148 1560 aut
1159 1523 1417 1572 negligentiae
1437 1521 1522 1556 cul-

862 1583 913 1635 pa
932 1583 1028 1620 liber
1049 1581 1140 1628 erit,
1165 1586 1209 1616 ut
1228 1586 1330 1615 recte
1351 1578 1523 1615 observat

863 1639 1099 1678 Dahlmann.
1119 1638 1145 1675 1.
1165 1637 1192 1673 l.
1212 1632 1302 1687 pag.
1325 1637 1391 1675 96.
1438 1632 1523 1670 Ad-

864 1697 919 1736 dit
945 1698 1111 1734 Heeren.
1141 1693 1272 1730 Ideen.
1301 1693 1331 1739 I,
1368 1694 1394 1732 2
1433 1703 1522 1741 pag.

864 1753 970 1801 224,
1011 1751 1085 1789 hoc
1123 1750 1304 1787 diurnum
1344 1749 1524 1798 spatium,

863 1810 968 1863 quod
998 1807 1214 1846 Herodotus
1243 1805 1523 1857 peregrinanti-

863 1868 933 1904 bus
954 1866 1145 1912 attribuit,
1169 1864 1281 1914 plane
1302 1861 1407 1898 idem
1428 1874 1520 1908 esse,

864 1922 970 1976 quod
990 1920 1115 1960 adhuc
1136 1927 1230 1957 teste
1251 1918 1458 1965 Tavernio,
1481 1919 1520 1953 in
1568 1960 1569 1963 Ἴ

861 1979 920 2018 hjs
940 1979 1158 2031 regionibus
1186 1978 1214 2013 ii
1241 1975 1429 2013 conficere
1456 1987 1520 2011 so-

861 2039 986 2084 leant,
1035 2036 1103 2088 qui
1138 2047 1215 2071 una
1246 2045 1335 2070 cum
1366 2032 1519 2068 camelis

862 2095 1039 2132 oimiium
1050 2092 1238 2129 mercium
1259 2102 1399 2140 genere
1420 2101 1520 2125 onu-

860 2153 924 2189 stis
953 2150 1027 2188 hoc
1057 2151 1129 2186 iter
1162 2148 1315 2184 faciant.
1344 2168 1401 2173 —
1458 2144 1520 2181 Ad

860 2221 996 2247 vocem
1021 2202 1167 2257 ἀπαρτὶ
1188 2203 1289 2242 conf.
1311 2204 1358 2250 II,
1384 2201 1474 2243 158.

1082 2286 1175 2336 Cap.
1202 2283 1299 2320 LIV.

918 2350 1290 2407 προσλογίσασθαι]
1323 2350 1349 2387 i.
1383 2363 1416 2385 e.
1453 2347 1519 2384 ‹ul-

863 2414 979 2458 iicere,
992 2410 1124 2448 addere
1139 2420 1300 2445 numero
1322 2407 1401 2443 scil.
1416 2405 1520 2456 prio-

863 2470 913 2515 ri,
962 2475 1004 2504 ut
1041 2467 1131 2513 VII,
1181 2466 1272 2505 186.
1306 2487 1355 2491 —
1398 2462 1519 2498 Paulo

864 2532 951 2562 ante
963 2523 1052 2561 dedi
1073 2520 1236 2575 βασιλέα
1256 2533 1326 2571 pro
1347 2520 1523 2571 βασιλῆα

863 2590 901 2620 et
920 2577 1072 2622 τούτων
1091 2591 1160 2631 pro
1181 2575 1365 2617 τουτέων.

1100 2658 1192 2708 Cap.
1211 2656 1292 2692 LV.

917 2712 1132 2768 γενομένας
1170 2708 1382 2764 τυράννων
1414 2701 1516 2753 ὦδε]

860 2774 916 2810 Ita
947 2785 1037 2810 etun
1067 2776 1224 2808 recentt.
1255 2766 1341 2803 edd.
1364 2761 1519 2799 exhibui
