1897 3340
633 185 933 224 ERATO.
992 184 1064 222 Vl.
1396 189 1477 228 331

220 316 320 353 κριν
348 298 478 342 πόλιν
507 295 737 350 πρόθυμος
765 288 821 349 ἦν
848 296 938 336 τῶν
966 291 1188 346 Ἀρκάδων
1216 293 1322 343 τούς
1351 308 1480 346 προε-

219 371 404 416 στεῶτας
441 363 642 419 ἀγινέων,
682 362 896 415 ἐξορκοῦν
935 360 983 404 τό
1021 360 1195 415 Στυγὸς
1230 359 1367 415 ὕδωρ.

194 434 275 478 3δὲ
306 433 439 489 ταύτῃ
479 434 533 487 τῇ
571 429 673 474 πόλι
709 431 873 485 λέγεται
912 428 1022 473 εἶναι
1060 426 1139 472 ὑπ’
1173 427 1397 482 Ἀρκάδων
1431 429 1480 474 τὸ

223 500 394 555 Στυγὸς
431 498 565 552 ὕδωρ.
614 498 687 542 καὶ
725 498 777 554 δὴ
816 497 888 540 καὶ
921 497 1009 540 ἔστι
1038 495 1209 540 τοιόνδε
1246 514 1299 540 τι.
1357 496 1480 551 ὕδωρ

223 567 373 623 ὀλίγον
402 564 694 623 φαινόμενον,
733 565 778 608 ἐκ
807 565 964 620 πέτρης
993 564 1130 618 στάζει
1160 564 1202 615 ἐς
1232 564 1387 620 ἄγκος·
1428 564 1478 609 τό
1491 568 1535 605 45

163 761 325 810 respexit
345 759 517 798 Eustath.
539 760 587 798 ad
606 762 650 798 11.
674 762 818 811 p.301‚

166 818 215 856 18
235 829 264 854 s.
287 818 379 864 228,
407 821 444 865 3,
475 832 523 855 ex
551 825 657 869 paite
678 817 820 854 descri-

166 873 239 924 psit
261 872 446 912 Stobaeus
466 875 616 926 Eclogo
590 873 729 926 δορὴ)
731 875 819 911 sicc.

163 935 200 965 et
239 927 373 967 ethico.
417 933 447 980 Ι,
489 933 543 973 52
581 944 669 983 pag.
711 930 819 972 1015

162 986 325 1024 Heeren.

219 1040 432 1094 πρόθυμος
479 1037 533 1094 ἦν
552 1066 608 1071 -
626 1043 820 1095 ἐξορκοῦν

162 1095 208 1138 ‘co‘
237 1097 391 1151 Στυγός
425 1096 567 1153 ὕδωρ]
605 1103 650 1137 In
671 1100 819 1137 duobus

163 1154 275 1193 codd.
310 1163 431 1193 exstat
459 1156 646 1209 ἐξορκοῦ,
687 1159 727 1194 in
757 1170 820 1193 re—

162 1211 274 1264 liquis
285 1211 480 1265 ἐξορκῶντ,
503 1213 606 1266 quod
621 1227 711 1251 cum
731 1214 821 1250 ferri

162 1276 349 1321 nequeat,
389 1272 600 1321 recepimus
635 1270 820 1308 Valcken.

164 1325 475 1363 emendationem
494 1326 685 1380 ἐξορκοῦν
697 1355 709 1376 ,
732 1340 822 1364 cum

163 1382 301 1419 eodem
320 1385 587 1441 praecip1ente,
616 1385 822 1422 formulam

162 1435 375 1491 πρόθυμος
394 1442 468 1491 ἠν,
491 1438 713 1493 προθύμως
735 1440 820 1492 ἔχω,

163 1495 372 1534 infinitivus
403 1499 571 1549 excipiat
591 1511 743 1535 necesse
763 1499 822 1534 sit.

161 1553 290 1605 Atque
322 1552 512 1605 ἐξορκοῦν
536 1552 580 1594 τὸ
600 1552 751 1606 Στυγός
772 1551 822 1592 ὕ-

163 1609 244 1661 δωρ
276 1616 351 1646 est:
382 1611 612 1648 iureiurando
641 1624 706 1663 per
728 1610 822 1662 Sty-

160 1678 240 1716 gem
258 1679 288 1704 ε.
312 1665 482 1717 Stygiam
504 1680 636 1718 aquam
662 1667 819 1705 adstrin-

161 1734 242 1771 gere
263 1723 483 1775 (aliquem).
535 1726 603 1761 Est
621 1737 712 1763 vero
725 1725 820 1776 Sty-

161 1780 271 1829 gium
289 1781 547 1818 iuramentum
568 1782 742 1818 omnium
752 1781 819 1818 fir-

161 1836 375 1873 missimum
434 1850 478 1874 ac
541 1839 820 1875 sanctissimum

161 1891 342 1944 idemque
363 1894 477 1930 etiam
497 1896 773 1944 gravissimum,
789 1896 820 1932 si

162 1948 321 2001 quidem
339 1951 417 1988 eius
435 1952 682 1989 violationem
711 1964 824 2002 prae—

163 2007 381 2056 cipitatione
409 2009 449 2044 in
470 2009 678 2045 Tartarum
707 2011 824 2059 puni-

162 2069 242 2099 tam
262 2076 340 2100 esse
361 2063 617 2102 crediderunt.
656 2066 714 2101 De
729 2079 820 2118 quo,

162 2120 391 2156 Pausaniam
409 2128 453 2158 ut
471 2128 619 2159 taceam
637 2122 744 2169 VIII⁷
771 2124 820 2162 18

165 2176 202 2222 §.
233 2178 269 2225 1,
298 2179 507 2215 accuratius
536 2192 659 2230 nuper
690 2178 822 2229 dispu-

163 2234 256 2269 tavit
275 2233 318 2271 C.
338 2233 502 2272 Putsche
522 2235 560 2272 iu
587 2237 822 2273 Commentt.

163 2289 379 2328 Homerico.
399 2305 500 2342 spec.
519 2294 537 2328 I
553 2292 620 2342 (de
639 2294 679 2330 vi
698 2305 741 2330 ac
749 2305 822 2329 na—

165 2352 248 2382 tura
266 2347 470 2386 iuramenti
490 2349 615 2401 Stygii
635 2350 821 2400 etc-Lips.

170 2403 309 2452 1832.)
347 2417 385 2454 p.
416 2406 597 2447 20—-27
617 2408 822 2444 Homerica

165 2459 403 2509 potissimum
420 2467 596 2500 tractans.
653 2464 719 2500 Tu
744 2462 823 2500 vid.

166 2515 405 2565 potissimum
419 2517 462 2561 11,
481 2518 529 2566 11,
546 2518 629 2559 755
649 2519 734 2567 (ubi
743 2521 824 2556 He-

168 2570 291 2608 rodoti
318 2573 424 2610 locus
451 2586 530 2610 non
560 2575 657 2624 fugit
684 2577 825 2612 Eusta-

174 2624 344 2678 thium),
377 2630 494 2674 XIV
525 2633 602 2671 271
625 2643 706 2683 seq.
740 2632 826 2680 XV,

175 2684 228 2723 38
247 2696 326 2751 seq.
352 2692 424 2722 etc.

230 2735 296 2777 υπ’
310 2735 542 2791 Ἀρκάδων]
572 2743 629 2778 Ita
655 2742 826 2794 plerique

174 2793 260 2830 libri
278 2796 417 2847 scripti.
473 2799 517 2834 In
538 2796 711 2836 Mediceo
732 2799 828 2837 alio-

876 771 952 811 que
972 756 1057 796 cod.
1071 770 1160 794 cum
1172 765 1267 796 esset
1286 760 1369 798 τῶν
1387 754 1538 811 Ἀρκά-

877 816 981 862 δων,
997 813 1088 851 inde
1107 816 1397 866 Wesselingius,
1420 829 1538 868 quem

877 870 1072 910 Schaefer.
1090 878 1127 908 et
1143 871 1279 909 Matth.
1300 873 1419 909 secuti
1435 879 1535 922 sunt,

877 928 995 966 edidit
1013 925 1094 967 υπὸ
1116 943 1198 967 των
1215 924 1441 981 Ἀρκάδων.

933 982 1043 1037 ν’ὁωρ
1064 980 1199 1050 ὀλίγον
1217 982 1478 1036 φαινόμενον,
1493 985 1536 1026 ἐκ

876 1040 1020 1092 πέτρης
1044 1037 1206 1089 στάζει’
1188 1057 1228 1089 ες
1249 1039 1395 1103 α’γκος]
1419 1044 1535 1080 Paus.

875 1099 975 1146 VIII,
991 1099 1087 1144 18§.
1099 1102 1147 1140 2:
1170 1096 1213 1139 τὸ
1229 1095 1483 1151 δὲῦὃωρτό’
1457 1096 1539 1139 απὸ

875 1157 948 1194 τοῦ
979 1157 1162 1207 κρημνοῦ
1200 1158 1273 1194 τοῦ
1311 1172 1418 1207 παρα
1462 1171 1538 1207 την

878 1207 1097 1263 Νωνακριν
1146 1209 1287 1259 στάζον
1337 1212 1537 1253 ἐπιπίπτει

878 1265 949 1321 μὲν
960 1271 1117 1321 πρῶτον
1133 1268 1173 1316 ἐς
1192 1266 1537 1321 πέτρανυψηλην,

879 1323 1086 1373 διεξελθὸν
1105 1323 1147 1364 δὲ
1169 1324 1236 1365 διοὶ
1255 1328 1327 1377 τῆς
1344 1325 1488 1376 πέτρας
1498 1325 1538 1373 ἐς

877 1379 945 1422 τὸν
968 1384 1134 1434 Κρᾶθιν
1161 1380 1338 1433 ποταμὸν
1372 1380 1537 1424 κάτεισι.

879 1439 986 1485 Quae
1007 1441 1203 1477 verissime
1224 1440 1276 1476 sic
1304 1438 1401 1476 tradi
1422 1447 1539 1477 testa-

876 1503 936 1533 tus
957 1503 1012 1532 est
1037 1495 1465 1546 diligentissimushuius
1476 1510 1539 1533 re-

877 1554 999 1604 gionis
1020 1560 1283 1603 perscrutator,
1304 1554 1419 1589 Liber
1438 1555 1537 1590 Baro

879 1609 927 1647 de
957 1608 1222 1660 Stackelbmg,
1253 1611 1320 1662 qui
1352 1611 1468 1646 etiam
1497 1611 1535 1646 in

879 1679 993 1717 opere
1011 1665 1328 1717 splendidissimo,
1351 1666 1484 1718 quod
1475 1680 1538 1703 ln-

875 1723 1051 1760 scribitur
1071 1725 1154 1770 „La
1176 1724 1312 1760 Grece.
1342 1725 1443 1760 Vues
1464 1725 1539 1774 pit-

876 1787 1070 1831 toresques
1081 1786 1117 1816 et
1126 1778 1382 1831 typograph.“
1414 1780 1540 1828 (Paris

878 1837 984 1876 1831
1020 1849 1097 1888 seq.
1120 1836 1136 1885 )
1194 1838 1375 1887 Stygium
1413 1838 1538 1873 rivum

876 1905 1110 1944 omnemque
1139 1894 1337 1944 regionem
1366 1892 1541 1930 exhibuit

881 1948 998 2000 lapidi
1034 1951 1207 1989 incisam.
1265 1949 1353 1987 Vid.
1392 1950 1533 1987 livrais.

880 2007 1000 2043 XVII.
1059 2007 1144 2052 Quo
1178 2013 1332 2043 auctore.
1375 2020 1396 2042 e
1424 2020 1540 2043 cacu-

878 2064 983 2100 mine
1002 2065 1143 2100 montis
1165 2064 1384 2115 praerupti,
1421 2077 1539 2115 quem

877 2133 957 2157 non
1009 2121 1090 2157 sine
1136 2121 1305 2171 periculo
1358 2120 1538 2157 escendas

878 2177 1055 2226 (vocatur
1069 2174 1261 2229 Χαλμὸς),
1277 2178 1422 2228 prosilit
1440 2178 1538 2225 fons,

877 2235 945 2286 qui
978 2247 998 2270 e
1027 2235 1126 2271 saxis
1153 2235 1421 2286 praecipitibus
1448 2248 1538 2271 eum

876 2292 955 2328 fere
975 2292 1013 2327 in
1035 2291 1197 2329 modum
1226 2291 1436 2335 delabitur,
1464 2305 1541 2343 quo

877 2349 918 2384 in
947 2349 1096 2385 Bernae
1115 2349 1276 2399 Alpibus
1298 2355 1444 2385 torrens
1462 2349 1540 2395 ille,

877 2406 1036 2442 nomine
1067 2405 1274 2443 Staubbach
1308 2406 1541 2456 praecipitat,

878 2461 1070 2514 siquidem
1101 2475 1222 2514 aquae
1246 2475 1314 2513 per
1329 2474 1458 2498 aerem
1468 2461 1539 2516 ‘di—

879 2532 1027 2570 sparsae
1047 2521 1145 2556 inter
1164 2520 1316 2570 lapsum
1336 2520 1453 2555 autin
1466 2532 1540 2555 ne-

880 2576 987 2622 bulas
1009 2575 1209 2613 dissolutae
1231 2577 1370 2626 exigua
1389 2582 1540 2612 tantum

881 2645 968 2682 pars
1007 2634 1127 2683 ipsam
1166 2639 1306 2669 terram
1334 2638 1465 2681 tangat
1496 2642 1540 2666 eo

881 2688 961 2725 fere
981 2689 1078 2734 loco,
1108 2702 1184 2741 quo
1206 2703 1254 2726 ex
1272 2690 1352 2725 imo
1373 2700 1464 2724 saxo
1484 2686 1543 2722 al-

882 2751 940 2781 ter
959 2747 1127 2783 exoritur
1146 2746 1242 2791 fons,
1264 2745 1330 2795 qui
1349 2755 1442 2780 mox
1455 2743 1543 2778 Cra-

883 2799 940 2836 thi
989 2802 1069 2838 rivo
1109 2815 1149 2838 se
1188 2800 1382 2838 admiscet.
1460 2800 1543 2849 Ipsa

1427 361 1475 404 ἐν
1532 358 1613 398 472

1879 3266 1897 3287 ist
