1897 3340
474 199 567 236 ET
625 196 1141 235 CORRIGENDA.
1459 207 1540 245 817

275 308 309 341 in
333 307 409 353 ipsa
440 307 536 341 Ionia
569 318 670 341 cusus
693 317 766 341 cum
782 306 857 350 ipso
880 304 1012 339 nomine
1036 304 1166 346 Pythan
1150 316 1210 347 οι
1213 317 1270 345 ac
1295 308 1389 342 ducis
1414 311 1544 346 scilicet

275 355 391 388 Ionum
417 359 536 388 contra
556 354 679 387 Persas
700 351 959 386 foederatorum.
1011 340 1085 384 Vid.
1107 333 1236 384 Annali.
1257 351 1541 390 Vios211111011s.'1'0m.

276 400 376 433 Lxu
404 411 482 445 pag.
505 400 561 435 64.
586 417 630 425 -
653 398 712 439 Iis,
737 409 825 443 quae
849 398 881 430 in
906 401 988 430 nota
1010 396 1053 429 de
1068 397 1267 440 Amphipoli
1291 398 1446 439 diximus,
1457 413 1544 435 nunc

275 446 483 490 potissimum
508 444 586 478 addi
609 444 760 477 volumus
785 443 987 486 Cousinery.
1024 442 1165 486 Ῡο)ειςζο
1190 454 1231 476 en
1267 442 1401 477 Maced.
1425 447 1441 478 1
1466 459 1544 490 pag

277 493 356 534 1223
388 492 447 537 qui
480 492 554 537 ipse
586 490 700 523 ruinas
724 489 824 523 huius
848 489 941 523 urbis
963 487 1200 534 perlustravit,
1225 500 1289 521 non
1315 489 1414 534 longe
1436 502 1547 526 remo-

275 542 330 572 tas
354 550 375 573 a
399 538 472 572 vico
496 537 583 571 leni·
586 536 690 570 Isieui
713 538 943 582 accurateque
967 535 1100 580 singula
1122 533 1317 580 descripsit.

55 638 108 673 Ad
131 638 194 682 VI,
220 641 308 684 llp
288 651 365 684 pag.
392 640 471 675 239.
521 637 571 672 Ad
596 637 796 673 locutionem
820 637 880 673 ἐπὶ
904 637 1020 683 ξυροῦ
1047 634 1164 681 ἄκμῆς
1195 637 1283 672 conf.
1309 637 1408 671 etiam
1436 638 1548 671 Blom—

274 687 364 720 field.
387 686 420 718 in
452 684 608 718 Glossar.
644 685 687 719 ad
711 685 868 730 Aeschyl.
895 685 1088 730 Clioephor.
1117 686 1186 719 870
1219 689 1253 716 et
1275 684 1387 717 Bothe
1410 684 1453 718 ad
1478 685 1552 719 Ho-

274 731 358 765 meri
380 731 418 764 ll.
444 731 488 772 X,
510 732 586 766 173

53 775 105 809 Ad
132 776 190 819 VI,
216 779 260 812 12
284 789 360 822 pag.
373 778 451 812 240.
478 777 590 810 Verba
604 773 942 833 α’νάγωνὲκιίστοτε
945 773 1054 810 ἐπὶκε
1040 772 1128 831 ’ρας
1141 788 1172 809 n.
1182 787 1212 808 τ.
1225 776 1254 809 λ.
1272 787 1345 808 eurn
1363 775 1395 808 in
1417 775 1549 810 modurn

272 823 413 866 exponit
446 823 592 862 Nerrris:
619 821 782 869 ἐβγιίζων
806 820 894 857 καθ’
919 819 1063 877 ἡμέραν
1087 820 1134 855 τὰ
1162 819 1329 872 καρεξβια
1353 819 1396 856 τὸ
1419 819 1462 855 ἐν
1486 834 1548 855 κα-

270 867 359 903 τόπι
392 869 459 903 τοῦ
494 868 619 903 ἄλλον.
643 892 687 897 —
736 870 814 912 ὁηλ
840 866 1062 910 ἐπορεύοντο
1097 878 1378 922 παριστανοντα
1417 866 1551 902 στενώ-

271 926 388 948 τατον
411 913 583 958 μέτωπον
607 915 669 950 καὶ
694 910 850 959 ἄπειρον
869 913 1006 972 βάθος.
1057 914 1105 948 Ad
1131 926 1246 947 vocem
1259 912 1454 947 ὃιειεπλοον
1468 915 1551 948 haec

272 960 360 994 idem
398 962 599 1019 adscrixsstpsit
637 960 830 1001 διέκπλους
861 959 934 996 ἐστὶ
967 959 1012 996 τὸ
1039 957 1209 1006 ἐμβαλεῖν
1234 959 1297 994 καὶ
1319 958 1431 994 πάλιν
1454 957 1550 995 ‘zi-:rto

272 1004 432 1051 στρέψαι
453 1007 517 1042 καὶ
541 1007 655 1048 αὖθις
676 1004 857 1063 ἐμβαλεῖν.

53 1050 107 1085 Ad
133 1051 194 1095 VI,
221 1053 263 1087 12
288 1065 368 1097 pig.
390 1054 461 1088 242
486 1054 541 1088 lin.
570 1057 611 1089 12
636 1066 696 1099 pro
724 1050 747 1088 6'
770 1067 805 1088 τι
821 1054 875 1088 ὠν
898 1053 1078 1087 Bekkerus
1103 1051 1306 1086 coniunctim
1336 1051 1475 1098 scripsit
1510 1048 1550 1086 ὁ

271 1099 383 1140 τιών,
419 1100 509 1144 quod
541 1112 581 1135 eo
616 1100 726 1146 magis
758 1100 886 1142 miror,
912 1111 1014 1145 quum
1049 1099 1155 1142 V1‚3
1185 1099 1274 1133 idem
1301 1104 1396 1133 recte
1419 1099 1552 1132 dederit

273 1141 356 1178 κατ’
369 1142 392 1179 6¹
418 1158 464 1179 τι.

52 1188 105 1222 Ad
126 1189 186 1231 VI,
214 1191 258 1227 13
292 1203 371 1235 pag
395 1193 465 1228 243
489 1192 546 1227 lin.
574 1191 618 1228 14
652 1204 714 1238 pro
747 1190 816 1227 τὸν
848 1191 1012 1236 Δαρεῖον
1043 1190 1172 1236 Negris
1203 1190 1368 1236 praetulit
1400 1188 1443 1225 τὸ
1472 1193 1551 1224 Δα-

297 1248 389 1271 «nov.

54 1281 108 1315 Ad
132 1248 470 1326 V1‚189pag.247.
519 1284 572 1317 Ad
596 1284 775 1319 dictionem
791 1280 872 1318 κατ’
897 1279 1013 1326 ἄκρης
1036 1282 1135 1327 plura
1158 1282 1395 1326 suppeditabit
1417 1294 1553 1329 quoque

273 1329 461 1363 Blomfield.
487 1330 520 1364 in
546 1330 704 1365 Glossar.
729 1331 772 1364 ad
795 1329 953 1374 Aeschyl.
979 1329 1173 1374 Choephor.
1197 1329 1275 1364 679.

54 1373 107 1407 Ad
134 1374 193 1418 VI,
216 1376 260 1410 21
286 1387 365 1420 pag.
392 1378 472 1411 250.
520 1376 697 1418 Amicitia,
729 1388 817 1421 quae
852 1376 940 1410 inter
973 1375 1125 1419 Sybarin
1162 1379 1198 1408 et
1230 1375 1384 1409 Miletum
1409 1374 1556 1416 exstitit,

273 1433 315 1455 ex
332 1422 451 1456 lonica
474 1422 652 1467 utriusque
676 1423 826 1457 civitatis
850 1421 979 1465 origine
1002 1421 1119 1454 videtu
1176 1423 1387 1465 repetenda,
1412 1433 1555 1466 eamque

273 1471 467 1502 mercatura
491 1480 625 1514 quoque
648 1472 769 1513 postea
793 1473 928 1502 auctam
952 1467 1059 1501 fuisse
1083 1468 1170 1500 bene
1181 1467 1316 1501 credam
1340 1469 1416 1502 viro
1428 1467 1554 1502 doctis—

272 1513 356 1548 simo
390 1515 433 1548 R.
467 1515 627 1548 Lorentz.
642 1539 652 1555 ‚
687 1515 744 1560 qui
778 1526 887 1560 nuper
918 1514 969 1547 De
993 1514 1233 1547 Tarentinorr.
1258 1514 1399 1547 civitate
1425 1514 1554 1557 (Num-

273 1559 490 1605 burg.1833
514 1573 548 1606 p
574 1562 635 1602 16)
659 1561 837 1606 exposuit,
863 1561 894 1595 si
917 1560 1053 1605 quidem
1083 1559 1270 1603 Sybaritae
1304 1560 1426 1593 Mileto
1458 1564 1556 1604 pete-

275 1605 359 1640 bant
392 1612 504 1641 vestes
537 1619 556 1640 e
592 1607 670 1640 lana
701 1607 919 1642 subtilissima
952 1607 1125 1640 confectas
1156 1606 1361 1659 multumque
1393 1606 1471 1640 inde
1495 1618 1556 1651 per

268 1652 514 1698 vantiquitatem
532 1656 567 1686 et
591 1653 783 1688 celebratas
806 1659 842 1687 et
865 1653 1071 1695 diffamatas,
1094 1652 1138 1686 de
1161 1651 1284 1698 quibus
1309 1652 1378 1686 vid.
1401 1656 1487 1688 nott.
1512 1652 1555 1687 ad

282 1698 459 1733 Plutarchi
481 1699 644 1734 Alcibiad.
668 1713 703 1746 p.
729 1697 796 1736 194
819 1712 916 1746 seqq.

55 1754 107 1790 Ad
131 1755 190 1799 VI,
212 1757 259 1792 27
282 1767 361 1801 pag.
386 1757 465 1794 259.
514 1757 573 1799 Iis,
605 1768 694 1802 quae
722 1756 765 1790 ad
797 1756 903 1790 verba
934 1752 971 1795 ἐς
997 1753 1089 1799 γόνυ
1123 1753 1196 1799 τὴν
1226 1751 1337 1788 πόλιν
1362 1751 1471 1808 ἔβαλε
1492 1753 1555 1787 ad·

274 1802 410 1847 scripsi,
434 1803 513 1837 add.
538 1803 694 1858 AeschyL
725 1802 823 1837 Pers.
859 1803 928 1837 862
964 1802 1056 1845 (927
1080 1801 1239 1845 ΒΙοιιιῐω)
1262 1798 1359 1834 Ἀσία
1386 1797 1425 1833 δὲ
1449 1797 1555 1842 χθών
1591 1840 1593 1843 ⁴

277 1867 324 1873 —
349 1849 467 1889 αἰνῶς
491 1847 611 1894 ἐπὶγ
624 1846 711 1883 όνυ
736 1848 974 1889 κέκλιται,
998 1848 1056 1882 ubi
1080 1852 1116 1882 et
1130 1847 1294 1882 Abresch.
1321 1845 1555 1879 etBlomfield.

274 1894 393 1939 (quem
426 1896 492 1930 vid.
524 1896 558 1929 in
590 1895 771 1937 Glossar.)
806 1895 897 1928 hunc
932 1894 1101 1928 Herodoti
1124 1894 1232 1928 locum
1258 1892 1458 1927 attulerunt.
1506 1892 1556 1925 Et

274 1942 454 1975 conferunt
486 1954 620 1996 quoque
651 1942 788 1975 Homer.
824 1940 864 1974 ΙΙ.
899 1940 947 1983 Π,
978 1939 1068 1976 414.
1099 1940 1190 1986 πρίν
1221 1951 1266 1983 με
1291 1936 1387 1973 κατὰ
1419 1935 1556 1982 πρηνὲς

274 1984 422 2031 βαλέειν
446 1985 634 2031 Πριαμοιο
657 1984 860 2031 μέλαθρον,

56 2030 106 2066 Ad
122 2031 194 2076 VI,
216 2031 262 2068 30
289 2044 367 2087 pag.
392 2035 458 2069 261
492 2035 548 2069 lin.
582 2036 616 2069 5.
665 2033 792 2079 Negris
829 2031 872 2065 ad
906 2029 1102 2088 διαφυγών
1137 2044 1157 2066 e
1195 2030 1364 2077 prioribus
1397 2029 1560 2073 intelligit

275 2075 344 2123 τήν
376 2079 522 2124 αἰτίην,
562 2084 600 2114 ut
630 2079 694 2114 sit:
722 2061 952 2119 Όᾶπολυθεὶς
979 2079 1046 2113 τοῦ
1080 2075 1324 2123 ἐγκλήματος,
1363 2074 1413 2120 μὴ
1447 2087 1557 2119 τιμω-

7 2158 8 2164 ,
272 2125 414 2168 ρηθείς

57 2168 110 2202 Ad
134 2168 198 2212 Vl,
223 2170 270 2205 32
279 2183 365 2223 pag.
389 2174 470 2208 263.
519 2171 662 2213 Quem‘
652 2183 687 2205 ιιι
711 2173 794 2205 nota
811 2171 869 2206 lin.
893 2171 954 2205 ult
980 2169 1084 2204 citavi
1109 2170 1332 2205 Schaeserum
1344 2169 1470 2225 Appar.
1481 2168 1560 2202 crit.

276 2216 312 2250 in
337 2219 553 2252 Demosthen.
580 2218 616 2251 II
640 2229 674 2262 p.
686 2218 768 2260 564,
790 2218 820 2251 is
844 2218 909 2251 hoc
932 2218 1006 2251 loco
1030 2220 1147 2250 tuetur
1167 2217 1347 2250 lectionem
1371 2213 1558 2249 αντὶτοῦ

278 2257 386 2304 εἶναι,
409 2264 467 2297 ubi
491 2276 551 2297 nos
574 2263 754 2298 articulum
777 2275 859 2307 του,
883 2275 981 2309 quem
1013 2262 1136 2307 scripti
1165 2262 1244 2296 libri
1266 2262 1452 2307 ignorant,
1483 2261 1560 2295 iure

278 2308 432 2342 omisisse
454 2309 551 2342 nobis
575 2309 737 2345 videmur.

56 2354 110 2390 Ad
133 2355 195 2398 VI,
218 2355 264 2391 33
288 2366 367 2399 pag.
391 2353 460 2389 264
483 2355 624 2388 column.
658 2356 754 2389 alter.
782 2355 842 2389 lin.
867 2356 901 2391 5.
948 2354 1016 2388 Pro
1041 2354 1194 2388 Selivria
1227 2353 1397 2388 scribend.
1424 2353 1563 2388 Selivri.

278 2401 379 2434 Hanc
403 2412 484 2434 vero
508 2401 626 2433 urbem
650 2400 683 2434 in
707 2401 891 2434 laetissima
915 2401 1056 2444 regione
1079 2399 1180 2434 sitam
1212 2401 1367 2445 pulcrum
1395 2399 1563 2443 praebere

279 2448 479 2491 adspectum
513 2446 645 2487 scribit,
679 2447 737 2490 qui
770 2446 845 2490 ipse
870 2447 955 2480 haec
978 2446 1053 2480 loca
1074 2446 1206 2489 invisit,
1230 2446 1407 2481 Prokesch
1431 2445 1467 2478 in
1493 2446 1563 2477 An-

279 2494 360 2530 nall.
383 2492 555 2526 Viennens
594 2492 670 2526 Vol.
694 2492 813 2525 LXIII
839 2495 920 2526 Anz.
939 2492 990 2525 Bl.
1015 2504 1049 2537 p.
1074 2491 1130 2527 41.

59 2551 110 2586 Ad
131 2551 192 2597 VI,
214 2552 262 2588 36
284 2563 365 2605 pag.
386 2552 465 2585 270.
513 2549 605 2583 Muri
628 2549 717 2583 illius
743 2559 804 2593 per
830 2549 1077 2583 Chersonesum
1100 2549 1194 2582 ducti
1219 2548 1308 2583 nulla
1333 2546 1444 2580 adhuc
1467 2545 1563 2579 inve-

278 2598 344 2631 niri
367 2595 514 2640 vestigia
537 2596 626 2629 idem
649 2595 770 2629 scribit
793 2595 981 2629 Prokcsch.
1009 2595 1032 2629 l.
1056 2595 1078 2628 1.
1101 2606 1134 2640 p.
1144 2597 1199 2631 30.
1223 2597 1280 2635 31,
1304 2593 1364 2626 ubi
1388 2592 1488 2625 etiam
1513 2591 1564 2625 lo-

279 2655 376 2685 cum,
409 2654 509 2688 quem
543 2642 620 2675 olim
647 2642 779 2675 Cardia
803 2641 885 2674 urbs
908 2641 1109 2695 occupavit,
1134 2653 1154 2675 e
1170 2641 1232 2675 soli
1257 2640 1381 2672 natura
1405 2637 1562 2681 cognosci

278 2702 381 2736 posse
404 2693 505 2734 putat
527 2688 574 2722 ad
598 2687 775 2722 meridiem
796 2687 1021 2732 scopulorum,
1045 2687 1103 2732 qui
1126 2687 1161 2720 in
1187 2685 1289 2721 maris
1313 2685 1388 2718 sinu
1413 2687 1563 2717 exstant.

61 2747 113 2783 Ad
137 2747 197 2791 VI,
219 2749 265 2785 37
289 2760 373 2804 pag.
393 2749 473 2783 271.
522 2746 551 2779 Ῑ
554 2744 741 2779 ocutionem
767 2742 806 2778 ἐν
832 2742 957 2790 γνώμῃ
982 2756 1150 2798 γεγονως
1166 2742 1293 2786 Negris
1306 2741 1566 2796 interpretatur

279 2791 374 2828 και-οὶ
398 2790 558 2838 γνώμην,
578 2803 674 2826 κατα
698 2787 905 2834 ἀρέσκειαν,
929 2789 1024 2825 κατὰ
1048 2787 1175 2833 θυμόν
1196 2789 1269 2822 scil.
1291 2784 1465 2831 ἠγαπᾶτο
1483 2782 1560 2819 α’πὸ

117 2844 341 2882 ΗΕιιοοοΤ.
369 2845 438 2881 ΙΙΙ.
1183 2838 1237 2878 52
