1897 3340
490 255 966 297 POLYMNIA.
1023 255 1123 292 VII.

1372 260 1454 300 431

156 367 439 419 4,,δίκαςτῶν
468 366 688 422 ἐποίησαν.
717 362 827 407 ἀλλὰ
847 359 896 407 τὸ
928 361 1006 418 μὲν
1035 364 1120 406 νῦν
1147 364 1286 406 ταῦτα
1315 366 1454 422 πρήσ-

183 446 309 486 ,,σοις
338 433 390 477 τά
415 450 495 488 περ
519 433 565 476 ἐν
593 431 711 488 χερσὶ
731 431 857 487 ἔχεις·
886 428 1116 487 ἡμερώσας
1146 430 1193 474 δὲ
1224 432 1450 487 Αἴγυπτον
1465 441 1510 475 7ο

184 503 290 558 »τήν
331 503 645 558 ἐξυβρίσασαν,
699 498 983 554 στρατηλάτεε
1038 498 1107 542 ἐπὶ
1139 497 1217 550 τὰς
1251 498 1450 556 Ἀθήνας,

183 572 285 622 ,,ἱ’νοι
321 568 449 624 λόγος
477 567 521 611 τέ
551 579 597 610 σε
627 566 699 624 ἔχῃ
736 567 849 622 πρὸς
881 564 1137 622 ἀνθρώπων
1166 565 1349 622 ἀγαθὸς,
1378 569 1454 612 καί

153 655 276 747 5,,τις
305 637 489 691 ὕστερον
508 633 784 692 φυλάσσηται
809 634 878 678 ἐπι
897 638 980 690 γῆν
1009 633 1090 690 τὴν
1119 633 1200 689 σὴν
1230 634 1454 691 στρατεύε-

178 710 330 757 σθαι
336 710 359 728 “
419 697 559 754 Οὗτος
589 702 669 758 μέν
710 704 754 746 οἱ
783 702 807 746 ὁ
838 702 967 758 λόγος
995 703 1051 758 ἡν
1071 702 1280 758 τιμωρός·
1320 706 1452 748 τοῦδε

153 713 228 817 ὅδὲ
257 776 341 816 τοῦ
363 770 498 827 λόγου
526 768 811 828 παρενθήκην
849 771 1096 814 ποιεέσκετο
1126 769 1278 826 τήνδε,
1307 787 1366 822 ως
1394 770 1448 828 ’sti

178 839 374 896 Εὐρώπη
422 840 684 896 περικαλλὴς
731 838 869 896 χώρη,
915 839 990 883 καὶ
1032 837 1214 894 δένδρεα
1265 843 1506 883 παντοῖα75

123 1050 286 1092 515.-
305 1051 381 1086 Pro
405 1045 510 1095 εἰκός
527 1048 681 1101 inseqq‚
695 1061 785 1085 cum

122 1106 238 1144 Gaiss.
254 1105 340 1144 dedi
354 1103 475 1154 οἰκός,
487 1106 657 1156 pluribus
671 1104 782 1143 codd-

120 1163 428 1213 suffragantibus.
478 1161 541 1199 Ad
560 1164 783 1212 negationes

121 1217 176 1272 μή
205 1217 254 1259 ου’
288 1221 389 1258 conf.
410 1218 547 1259 Matth.
570 1220 637 1261 Gr.
659 1220 725 1259 Gr.
745 1233 783 1271 p.

121 1279 242 1318 1228.

176 1328 273 1372 ἄλλα
284 1329 327 1372 τό
342 1329 415 1384 μὲν
426 1333 507 1371 νῦν
519 1334 643 1372 ταῦτα
653 1327 785 1383 πρήσ-

120 1391 233 1438 σοις]
276 1389 496 1437 Mediceus‚
528 1390 782 1437 Florentium,

119 1447 183 1483 alii
204 1443 286 1486 ἄλλ’
306 1461 322 1486 ε
335 1446 371 1495 ἰ,
411 1445 516 1499 quod
536 1448 566 1483 si
585 1447 675 1483 ferri
691 1459 782 1497 pos-

117 1510 185 1552 set,
215 1505 255 1540 in
266 1504 402 1541 vocula
425 1502 605 1543 sleadem
623 1502 781 1554 optandi

117 1561 193 1608 vis,
225 1573 323 1613 quae
343 1561 382 1597 in
402 1561 586 1597 similibus
614 1561 782 1597 locutio-

117 1617 229 1654 nibus
257 1617 366 1665 εἴθε,
398 1617 434 1656 εἰ
468 1614 566 1669 γαρ,
595 1618 696 1661 aliis,
732 1616 780 1653 de

118 1674 255 1726 quibus
265 1673 401 1712 Matth.
415 1675 481 1711 Gr.
495 1675 561 1711 Gr.
580 1686 669 1724 pag.
683 1673 779 1714 975.

116 1729 163 1768 In
193 1733 380 1782 optativo,
427 1738 470 1768 ut
499 1731 599 1768 bene
629 1731 781 1767 monuit

118 1788 166 1825 G.
187 1789 397 1825 Hermann.
416 1787 464 1824 de
484 1789 618 1839 partic.
645 1784 695 1826 ἂν
713 1788 780 1835 ΙΠ,

118 1843 144 1884 5
173 1843 364 1895 (Opuscc.
390 1846 441 1881 IV
469 1858 508 1895 p.
544 1843 652 1893 155)
681 1844 781 1881 inest

115 1900 277 1938 iubendi
298 1901 536 1952 significatio,
557 1913 655 1953 quae
675 1914 780 1938 nunc

115 1959 333 2008 precatione
381 1959 617 2005 continetur,
676 1970 780 1995 nunc

116 2016 272 2066 propior
303 2021 357 2052 est
387 2015 574 2065 imperio,
616 2020 660 2050 ut
690 2012 728 2055 h.
750 2015 778 2057 l,

117 2071 192 2116 Qui
211 2070 315 2109 idem
334 2072 360 2110 l.
381 2073 408 2110 l.
427 2084 515 2123 pag.
541 2068 620 2111 114
648 2071 777 2108 obser-

117 2134 201 2176 vat,
237 2129 376 2166 multas
421 2129 632 2179 optationes
663 2128 778 2164 etiam

119 2196 209 2221 cum
227 2186 410 2236 particula
429 2184 677 2223 conditionali
684 2198 778 2236 pro-

118 2240 206 2278 ferri
217 2255 286 2292 per
301 2244 534 2293 optativum,
555 2240 622 2279 sed
640 2243 778 2279 omissa

118 2299 302 2348 particula
328 2295 402 2348 ἂν,
433 2312 531 2351 quae
557 2304 708 2336 tantum
730 2299 776 2335 ab

116 2355 232 2404 epicis
278 2353 351 2392 hac
398 2357 584 2406 particula
621 2356 776 2394 liberius

116 2411 309 2447 utentibus
328 2410 390 2448 hic
409 2413 486 2449 illic
510 2412 719 2453 adficiatur.

174 2463 413 2517 ημερῶσας]
461 2468 547 2508 Vid.
586 2476 682 2509 nott.
727 2467 776 2506 ad

117 2522 164 2570 V,
194 2525 233 2562 2.
262 2544 318 2549 —
361 2524 408 2559 In
441 2537 548 2594 seqq.
579 2523 628 2561 ad
659 2526 776 2562 verba

118 2578 188 2618 ι’να
213 2574 332 2632 λόγος
352 2577 391 2618 τέ
412 2590 455 2619 σε
482 2579 547 2634 ε’χῃ
558 2580 660 2619 conf.
678 2588 774 2620 nott.

119 2633 168 2672 ad
187 2635 233 2683 V,
250 2637 318 2677 86·

177 2693 304 2738 Οὑτος
314 2688 386 2742 μέν
415 2689 497 2731 οἷ’
472 2706 493 2731 ο
486 2689 629 2748 λόγος
646 2693 700 2742 ἥν
719 2707 778 2731 τι-

117 2745 268 2800 μωρός]
279 2749 337 2784 De
347 2761 441 2785 voce
453 2741 569 2794 οὗτος
580 2748 630 2785 cf.
640 2747 776 2786 Matth.

118 2804 187 2842 Gr.
218 2805 285 2842 Gr.
313 2805 351 2850 §.
381 2804 475 2852 470,
500 2807 519 2845 1
557 2810 594 2841 et
614 2802 662 2841 de
681 2816 776 2841 voce

118 2857 286 2913 τιμωρὸς
313 2867 410 2901 nott.
433 2834 482 2898 ad
509 2861 556 2909 V,
575 2860 642 2901 65.
663 2860 774 2907 Quod

842 1047 1033 1099 sequitur.
1065 1047 1184 1087 τοῦδε
1217 1045 1259 1087 δὲ
1276 1050 1351 1088 τοῦ
1370 1045 1503 1114 λογου,

842 1105 936 1153 (nbi
968 1103 1138 1142 Bekker.
1159 1104 1277 1141 edidit
1306 1121 1504 1146 τουτου

841 1159 884 1201 δὲ
905 1163 979 1200 τοῦ
998 1157 1148 1214 λόγου)
1178 1175 1267 1199 cum
1285 1162 1420 1200 Matth.
1441 1177 1506 1200 re·-

840 1219 937 1256 tinui
959 1219 1006 1255 ob
1024 1219 1279 1269 plurimorum
1300 1219 1412 1257 codd.
1433 1233 1504 1257 au-

842 1277 1067 1322 ctoritatem,
1080 1289 1197 1327 quam
1209 1275 1371 1313 deseruit
1385 1277 1503 1314 Gaisf.

846 1346 895 1369 ex
915 1345 993 1370 uno
1006 1333 1177 1369 Parisino
1203 1332 1288 1371 cod.
1320 1335 1499 1371 abiiciens

841 1388 895 1429 δέ.
954 1388 1033 1426 Sed
1067 1389 1147 1437 vid,
1174 1391 1257 1436 vn,
1292 1390 1359 1431 53.
1399 1392 1500 1439 vm,

837 1446 905 1487 40.
964 1447 1064 1482 Hinc
1087 1459 1241 1499 quoque
1259 1448 1329 1495 IX,
1350 1450 1399 1488 16
1419 1449 1503 1485 init.

837 1502 1099 1541 revocandum
1134 1504 1264 1540 censui
1305 1502 1427 1544 τάδε
1458 1501 1502 1544 δὲ

835 1556 917 1610 ἤδη
952 1556 999 1598 τοὶ
1033 1559 1219 1599 ἐπίλοιπα
1250 1575 1286 1599 κ.
1313 1575 1348 1598 τ.
1378 1563 1426 1609 λ.,
1457 1568 1501 1599 ut

836 1617 1076 1654 Florentinus
1091 1617 1187 1653 liber
1199 1630 1287 1654 cum
1298 1618 1376 1654 aliis
1386 1631 1500 1668 prae.-

837 1673 915 1710 bet.
972 1675 1035 1710 Ex
1069 1673 1210 1711 Aldina
1241 1680 1279 1711 et
1305 1674 1501 1712 Sancrofti

836 1731 932 1767 libro
972 1728 1188 1779 Schaefen,
1238 1744 1355 1783 quem
1387 1733 1520 1784 Grais--m

836 1786 936 1824 sord.
957 1788 1140 1839 sequitur,
1163 1786 1333 1825 ediderat
1371 1786 1428 1828 voi
1456 1787 1499 1828 δὲ

836 1841 918 1895 ἤδη
954 1841 1002 1882 τὰ
1036 1842 1236 1884 ἐπίλοιπα.
1305 1846 1364 1881 De
1403 1858 1499 1883 voce

836 1896 1076 1952 παρενθήκη
1105 1901 1209 1938 conf.
1240 1902 1304 1949 VI,
1328 1905 1379 1943 19
1406 1903 1498 1955 ibiq.

833 1964 931 1994 nott.
948 1956 1171 1997 ποιεέσκετο
1192 1965 1294 1995 recte
1315 1957 1407 1996 dant
1427 1966 1500 1996 tres

833 2014 1014 2060 Parisini3
1034 2015 1073 2050 in
1092 2015 1170 2051 aliis
1180 2015 1373 2052 invenitur
1392 2014 1500 2055 ποιέ-

835 2083 967 2116 σκετο,
996 2071 1036 2106 in
1065 2072 1143 2108 aliis
1165 2069 1351 2111 ἐποιέετο.
1410 2071 1498 2110 Vid.

832 2129 862 2176 Ι,
893 2129 959 2168 36.
985 2128 1049 2176 lv,
1079 2130 1132 2169 78
1163 2128 1256 2181 ibiq.
1286 2135 1386 2166 nott.
1415 2130 1496 2179 vn,

889 2237 1132 2292 περικαλλὴς
1161 2237 1298 2292 χώρη]
1328 2239 1496 2280 Additur

832 2296 872 2334 in
894 2296 1124 2350 quibusdam
1143 2298 1247 2335 libris
1276 2297 1360 2348 εἴη,
1391 2298 1496 2351 quod

832 2367 902 2391 nos
939 2368 1030 2391 cum
1054 2355 1172 2392 Gaisf.
1209 2356 1419 2393 omisimus.
1439 2377 1496 2384 —-

833 2409 999 2462 δένδρεα
1034 2408 1082 2450 τοὶ
1125 2407 1256 2462 ἥμερα
1292 2413 1494 2462 intellexit,

833 2469 980 2519 opinor,
993 2470 1128 2505 Noster
1138 2470 1377 2519 potissimum
1394 2471 1497 2508 oleas

832 2538 996 2577 eamque
1026 2526 1074 2562 ob
1104 2539 1260 2563 causam
1293 2527 1497 2564 articulum

832 2583 1065 2632 praeposuit.
1122 2583 1247 2619 Verba
1277 2577 1424 2635 οἷρετήν
1447 2578 1496 2622 οἷ-

833 2635 911 2688 κρή
949 2637 998 2675 ad
1027 2639 1097 2677 soli
1116 2639 1306 2677 bonitatem
1322 2647 1494 2691 spectare

832 2695 1078 2732 manifestum
1114 2702 1182 2735 est.
1239 2698 1339 2732 Nam
1371 2692 1494 2747 οἷκρός

833 2749 935 2800 apud
961 2750 1201 2789 Herodotum
1228 2753 1351 2790 ubivis
1389 2753 1493 2789 bono

830 2818 943 2843 sensu
966 2807 1232 2858 accipiendum
1272 2821 1352 2845 esse
1392 2814 1494 2844 recte

830 2860 971 2913 docuit,
992 2862 1031 2904 h.
1052 2865 1078 2902 1.
1108 2865 1235 2912 allato,
1256 2863 1431 2902 Werfer.
1451 2864 1492 2901 in
