<?xml version="1.0" encoding="UTF-8"?>
<!DOCTYPE html PUBLIC "-//W3C//DTD XHTML 1.0 Transitional//EN"
    "http://www.w3.org/TR/xhtml1/DTD/xhtml1-transitional.dtd">
<html xmlns="http://www.w3.org/1999/xhtml" xml:lang="en" lang="en">
 <head>
  <title>
</title>
<meta http-equiv="Content-Type" content="text/html;charset=utf-8" />
  <meta name='ocr-system' content='tesseract 3.04.00' />
  <meta name='ocr-capabilities' content='ocr_page ocr_carea ocr_par ocr_line ocrx_word'/>
</head>
<body>
  <div class='ocr_page' id='page_1' title='image "./musaeher03hero/musaeher03hero_0547.png"; bbox 0 0 1897 3340; ppageno 0'>
   <div class='ocr_carea' id='block_1_1' title="bbox 16 170 20 702">
    <p class='ocr_par' dir='ltr' id='par_1_1' title="bbox 16 170 20 702">
     <span class='ocr_line' id='line_1_1' title="bbox 16 170 20 702; baseline 0 0"><span class='ocrx_word' id='word_1_1' title='bbox 16 170 20 702; x_wconf 95' lang='lat' dir='ltr'> </span> 
     </span>
    </p>
   </div>
   <div class='ocr_carea' id='block_1_2' title="bbox 0 690 32 2879">
    <p class='ocr_par' dir='ltr' id='par_1_2' title="bbox 0 690 32 2879">
     <span class='ocr_line' id='line_1_2' title="bbox 0 690 32 2879; baseline 0 0"><span class='ocrx_word' id='word_1_2' title='bbox 0 690 32 2879; x_wconf 95' lang='lat' dir='ltr'> </span> 
     </span>
    </p>
   </div>
   <div class='ocr_carea' id='block_1_3' title="bbox 520 235 1472 280">
    <p class='ocr_par' dir='ltr' id='par_1_3' title="bbox 520 235 1472 280">
     <span class='ocr_line' id='line_1_3' title="bbox 520 235 1472 280; baseline 0 -6"><span class='ocrx_word' id='word_1_3' title='bbox 520 235 1156 274; x_wconf 73' lang='lat' dir='ltr'>POLYMN1A.V11.</span> <span class='ocrx_word' id='word_1_4' title='bbox 1389 240 1472 280; x_wconf 77' lang='lat'>533</span> 
     </span>
    </p>
   </div>
   <div class='ocr_carea' id='block_1_4' title="bbox 170 341 1527 540">
    <p class='ocr_par' dir='ltr' id='par_1_4' title="bbox 170 341 1527 540">
     <span class='ocr_line' id='line_1_4' title="bbox 198 341 1470 403; baseline -0.002 -12"><span class='ocrx_word' id='word_1_5' title='bbox 198 364 303 393; x_wconf 87' lang='grc' dir='ltr'><strong><em>τατα</em></strong></span> <span class='ocrx_word' id='word_1_6' title='bbox 334 348 406 391; x_wconf 89' lang='grc' dir='ltr'>καὶ</span> <span class='ocrx_word' id='word_1_7' title='bbox 437 344 890 403; x_wconf 81' lang='grc' dir='ltr'><strong><em>μεγαλοπρεπέστατα,</em></strong></span> <span class='ocrx_word' id='word_1_8' title='bbox 926 341 1064 386; x_wconf 80' lang='grc' dir='ltr'><em>ὀπίσω</em></span> <span class='ocrx_word' id='word_1_9' title='bbox 1096 343 1142 386; x_wconf 83' lang='grc' dir='ltr'>δὲ</span> <span class='ocrx_word' id='word_1_10' title='bbox 1171 343 1271 397; x_wconf 82' lang='grc' dir='ltr'><strong><em>περὶ</em></strong></span> <span class='ocrx_word' id='word_1_11' title='bbox 1303 343 1470 389; x_wconf 80' lang='grc' dir='ltr'><em>ἑωυτοῦ</em></span> 
     </span>
     <span class='ocr_line' id='line_1_5' title="bbox 170 409 1468 473; baseline 0 -17"><span class='ocrx_word' id='word_1_12' title='bbox 170 417 362 473; x_wconf 77' lang='grc' dir='ltr'><strong><em>3τρέχων</em></strong></span> <span class='ocrx_word' id='word_1_13' title='bbox 391 415 508 473; x_wconf 81' lang='grc' dir='ltr'><strong><em>ἥξειν</em></strong></span> <span class='ocrx_word' id='word_1_14' title='bbox 532 414 574 464; x_wconf 81' lang='grc' dir='ltr'>ἐς</span> <span class='ocrx_word' id='word_1_15' title='bbox 601 411 678 456; x_wconf 86' lang='grc' dir='ltr'>τὸν</span> <span class='ocrx_word' id='word_1_16' title='bbox 707 409 845 454; x_wconf 80' lang='grc' dir='ltr'><strong><em>αὐτόν</em></strong></span> <span class='ocrx_word' id='word_1_17' title='bbox 873 414 1032 466; x_wconf 77' lang='grc' dir='ltr'><strong><em>χῶρον.</em></strong></span> <span class='ocrx_word' id='word_1_18' title='bbox 1091 409 1283 466; x_wconf 82' lang='grc' dir='ltr'><em>Ἐγένετο</em></span> <span class='ocrx_word' id='word_1_19' title='bbox 1319 411 1366 455; x_wconf 79' lang='grc' dir='ltr'>δὲ</span> <span class='ocrx_word' id='word_1_20' title='bbox 1397 415 1468 456; x_wconf 83' lang='grc' dir='ltr'>καὶ</span> 
     </span>
     <span class='ocr_line' id='line_1_6' title="bbox 201 478 1527 540; baseline -0.004 -11"><span class='ocrx_word' id='word_1_21' title='bbox 201 485 347 540; x_wconf 77' lang='grc' dir='ltr'><strong><em>ἕτερον</em></strong></span> <span class='ocrx_word' id='word_1_22' title='bbox 377 482 496 539; x_wconf 73' lang='grc' dir='ltr'><strong><em>αὐτῷ</em></strong></span> <span class='ocrx_word' id='word_1_23' title='bbox 526 481 663 536; x_wconf 83' lang='grc' dir='ltr'><strong><em>τέρας,</em></strong></span> <span class='ocrx_word' id='word_1_24' title='bbox 695 478 810 522; x_wconf 83' lang='grc' dir='ltr'><strong><em>ἐόντι</em></strong></span> <span class='ocrx_word' id='word_1_25' title='bbox 841 478 888 522; x_wconf 76' lang='grc' dir='ltr'><strong><em>ἐν</em></strong></span> <span class='ocrx_word' id='word_1_26' title='bbox 919 479 1135 534; x_wconf 79' lang='grc' dir='ltr'><em>Σάρδισι·</em></span> <span class='ocrx_word' id='word_1_27' title='bbox 1172 478 1356 536; x_wconf 81' lang='grc' dir='ltr'><strong><em>ἡμίονος</em></strong></span> <span class='ocrx_word' id='word_1_28' title='bbox 1387 481 1470 536; x_wconf 72' lang='grc' dir='ltr'>γὰρ</span> <span class='ocrx_word' id='word_1_29' title='bbox 1482 486 1527 524; x_wconf 73' lang='lat'>45</span> 
     </span>
    </p>
   </div>
   <div class='ocr_carea' id='block_1_5' title="bbox 193 583 414 590">
    <p class='ocr_par' dir='ltr' id='par_1_5' title="bbox 193 583 414 590">
     <span class='ocr_line' id='line_1_7' title="bbox 193 583 414 590; baseline 0 0"><span class='ocrx_word' id='word_1_30' title='bbox 193 583 414 590; x_wconf 95' lang='lat' dir='ltr'> </span> 
     </span>
    </p>
   </div>
   <div class='ocr_carea' id='block_1_6' title="bbox 131 640 801 1434">
    <p class='ocr_par' dir='ltr' id='par_1_6' title="bbox 131 640 801 1434">
     <span class='ocr_line' id='line_1_8' title="bbox 198 640 800 694; baseline -0.01 -8"><span class='ocrx_word' id='word_1_31' title='bbox 198 642 327 686; x_wconf 72' lang='grc' dir='ltr'><strong><em>ὀπίσω</em></strong></span> <span class='ocrx_word' id='word_1_32' title='bbox 357 641 400 684; x_wconf 79' lang='grc' dir='ltr'>δὲ</span> <span class='ocrx_word' id='word_1_33' title='bbox 420 640 510 694; x_wconf 82' lang='grc' dir='ltr'><strong><em>περὶ</em></strong></span> <span class='ocrx_word' id='word_1_34' title='bbox 539 640 692 682; x_wconf 74' lang='grc' dir='ltr'><strong><em>ἑωυτοῦ</em></strong></span> <span class='ocrx_word' id='word_1_35' title='bbox 712 641 800 694; x_wconf 82' lang='grc' dir='ltr'><strong><em>τρέ-</em></strong></span> 
     </span>
     <span class='ocr_line' id='line_1_9' title="bbox 140 695 801 754; baseline -0.009 -11"><span class='ocrx_word' id='word_1_36' title='bbox 140 717 220 754; x_wconf 82' lang='grc' dir='ltr'>χων</span> <span class='ocrx_word' id='word_1_37' title='bbox 235 699 374 754; x_wconf 75' lang='grc' dir='ltr'><strong><em>ἥξειν]</em></strong></span> <span class='ocrx_word' id='word_1_38' title='bbox 403 695 530 740; x_wconf 76' lang='grc' dir='ltr'><strong><em>ὀπίσω</em></strong></span> <span class='ocrx_word' id='word_1_39' title='bbox 559 700 723 750; x_wconf 76' lang='lat' dir='ltr'>pertinet</span> <span class='ocrx_word' id='word_1_40' title='bbox 752 698 801 737; x_wconf 88' lang='lat' dir='ltr'>ad</span> 
     </span>
     <span class='ocr_line' id='line_1_10' title="bbox 138 756 800 810; baseline -0.011 -11"><span class='ocrx_word' id='word_1_41' title='bbox 138 757 251 810; x_wconf 72' lang='grc' dir='ltr'><strong><em>’ἥξειν</em></strong></span> <span class='ocrx_word' id='word_1_42' title='bbox 264 758 474 810; x_wconf 63' lang='lat' dir='ltr'>(rediturum</span> <span class='ocrx_word' id='word_1_43' title='bbox 489 757 590 806; x_wconf 81' lang='lat' dir='ltr'>esse).</span> <span class='ocrx_word' id='word_1_44' title='bbox 633 756 696 793; x_wconf 87' lang='lat' dir='ltr'>Ad</span> <span class='ocrx_word' id='word_1_45' title='bbox 712 770 800 793; x_wconf 84' lang='lat' dir='ltr'>ver-</span> 
     </span>
     <span class='ocr_line' id='line_1_11' title="bbox 138 812 799 867; baseline -0.006 -13"><span class='ocrx_word' id='word_1_46' title='bbox 138 817 186 853; x_wconf 83' lang='lat' dir='ltr'>ba</span> <span class='ocrx_word' id='word_1_47' title='bbox 215 813 304 867; x_wconf 76' lang='grc' dir='ltr'><strong><em>περὶ</em></strong></span> <span class='ocrx_word' id='word_1_48' title='bbox 330 812 480 853; x_wconf 75' lang='grc' dir='ltr'><strong><em>ἑωυτοῦ</em></strong></span> <span class='ocrx_word' id='word_1_49' title='bbox 501 812 648 865; x_wconf 73' lang='grc' dir='ltr'><strong><em>τρέχων</em></strong></span> <span class='ocrx_word' id='word_1_50' title='bbox 673 814 799 864; x_wconf 83' lang='lat' dir='ltr'><strong>suppl.</strong></span> 
     </span>
     <span class='ocr_line' id='line_1_12' title="bbox 135 867 800 924; baseline -0.003 -15"><span class='ocrx_word' id='word_1_51' title='bbox 135 873 196 909; x_wconf 83' lang='lat' dir='ltr'>vel</span> <span class='ocrx_word' id='word_1_52' title='bbox 217 867 375 924; x_wconf 74' lang='grc' dir='ltr'><strong><em>οἷγοῖνα,</em></strong></span> <span class='ocrx_word' id='word_1_53' title='bbox 410 868 515 922; x_wconf 81' lang='lat' dir='ltr'>quod</span> <span class='ocrx_word' id='word_1_54' title='bbox 550 872 676 921; x_wconf 87' lang='lat' dir='ltr'>ipsum</span> <span class='ocrx_word' id='word_1_55' title='bbox 698 870 800 907; x_wconf 84' lang='lat' dir='ltr'>adie-</span> 
     </span>
     <span class='ocr_line' id='line_1_13' title="bbox 133 926 798 978; baseline -0.003 -12"><span class='ocrx_word' id='word_1_56' title='bbox 133 936 240 967; x_wconf 85' lang='lat' dir='ltr'>ctum</span> <span class='ocrx_word' id='word_1_57' title='bbox 276 928 462 978; x_wconf 84' lang='lat' dir='ltr'>reperitur</span> <span class='ocrx_word' id='word_1_58' title='bbox 509 926 611 978; x_wconf 80' lang='lat' dir='ltr'>apud</span> <span class='ocrx_word' id='word_1_59' title='bbox 648 929 798 978; x_wconf 84' lang='lat' dir='ltr'>Eunap.</span> 
     </span>
     <span class='ocr_line' id='line_1_14' title="bbox 134 983 798 1035; baseline 0.003 -13"><span class='ocrx_word' id='word_1_60' title='bbox 134 987 206 1023; x_wconf 81' lang='lat' dir='ltr'>Vit.</span> <span class='ocrx_word' id='word_1_61' title='bbox 228 986 388 1022; x_wconf 75' lang='lat' dir='ltr'>Maxim.</span> <span class='ocrx_word' id='word_1_62' title='bbox 409 983 510 1021; x_wconf 86' lang='lat' dir='ltr'>Phil.</span> <span class='ocrx_word' id='word_1_63' title='bbox 531 997 618 1035; x_wconf 81' lang='lat' dir='ltr'>pag.</span> <span class='ocrx_word' id='word_1_64' title='bbox 639 987 718 1024; x_wconf 86' lang='lat'>100</span> <span class='ocrx_word' id='word_1_65' title='bbox 741 986 798 1035; x_wconf 87' lang='lat' dir='ltr'>(p.</span> 
     </span>
     <span class='ocr_line' id='line_1_15' title="bbox 134 1040 799 1091; baseline -0.009 -8"><span class='ocrx_word' id='word_1_66' title='bbox 134 1045 200 1083; x_wconf 81' lang='lat'>69.</span> <span class='ocrx_word' id='word_1_67' title='bbox 231 1044 312 1083; x_wconf 79' lang='lat'>340</span> <span class='ocrx_word' id='word_1_68' title='bbox 334 1040 396 1079; x_wconf 84' lang='lat' dir='ltr'>ed.</span> <span class='ocrx_word' id='word_1_69' title='bbox 425 1042 619 1091; x_wconf 82' lang='lat' dir='ltr'>Boisson.)</span> <span class='ocrx_word' id='word_1_70' title='bbox 653 1040 799 1078; x_wconf 87' lang='lat' dir='ltr'>Herod.</span> 
     </span>
     <span class='ocr_line' id='line_1_16' title="bbox 132 1093 799 1150; baseline -0.001 -14"><span class='ocrx_word' id='word_1_71' title='bbox 132 1100 232 1147; x_wconf 83' lang='lat' dir='ltr'>VIII,</span> <span class='ocrx_word' id='word_1_72' title='bbox 276 1100 355 1139; x_wconf 84' lang='grc'>102</span> <span class='ocrx_word' id='word_1_73' title='bbox 389 1099 451 1135; x_wconf 82' lang='lat' dir='ltr'>vel</span> <span class='ocrx_word' id='word_1_74' title='bbox 490 1093 652 1148; x_wconf 74' lang='grc' dir='ltr'><strong><em>δρόμον,</em></strong></span> <span class='ocrx_word' id='word_1_75' title='bbox 694 1098 799 1150; x_wconf 90' lang='lat' dir='ltr'>quod</span> 
     </span>
     <span class='ocr_line' id='line_1_17' title="bbox 131 1154 798 1208; baseline 0 -15"><span class='ocrx_word' id='word_1_76' title='bbox 131 1154 236 1193; x_wconf 88' lang='lat' dir='ltr'>idem</span> <span class='ocrx_word' id='word_1_77' title='bbox 256 1154 454 1208; x_wconf 72' lang='lat' dir='ltr'>aliquoties</span> <span class='ocrx_word' id='word_1_78' title='bbox 483 1155 657 1192; x_wconf 83' lang='lat' dir='ltr'>additum</span> <span class='ocrx_word' id='word_1_79' title='bbox 685 1157 798 1193; x_wconf 86' lang='lat' dir='ltr'>inve-</span> 
     </span>
     <span class='ocr_line' id='line_1_18' title="bbox 131 1210 799 1260; baseline 0 -10"><span class='ocrx_word' id='word_1_80' title='bbox 131 1215 255 1260; x_wconf 87' lang='lat' dir='ltr'>nitur,</span> <span class='ocrx_word' id='word_1_81' title='bbox 308 1219 466 1249; x_wconf 81' lang='lat' dir='ltr'>notante</span> <span class='ocrx_word' id='word_1_82' title='bbox 520 1210 715 1250; x_wconf 83' lang='lat' dir='ltr'>Schaefer.</span> <span class='ocrx_word' id='word_1_83' title='bbox 750 1211 799 1250; x_wconf 87' lang='lat' dir='ltr'>ad</span> 
     </span>
     <span class='ocr_line' id='line_1_19' title="bbox 131 1270 797 1320; baseline -0.002 -13"><span class='ocrx_word' id='word_1_84' title='bbox 131 1271 268 1307; x_wconf 85' lang='lat' dir='ltr'>Lamb.</span> <span class='ocrx_word' id='word_1_85' title='bbox 288 1270 377 1306; x_wconf 86' lang='lat' dir='ltr'>Bos.</span> <span class='ocrx_word' id='word_1_86' title='bbox 399 1271 456 1306; x_wconf 90' lang='lat' dir='ltr'>De</span> <span class='ocrx_word' id='word_1_87' title='bbox 476 1270 626 1320; x_wconf 89' lang='lat' dir='ltr'>Ellipss.</span> <span class='ocrx_word' id='word_1_88' title='bbox 646 1282 685 1320; x_wconf 88' lang='lat' dir='ltr'>p.</span> <span class='ocrx_word' id='word_1_89' title='bbox 705 1272 797 1310; x_wconf 89' lang='grc'>120.</span> 
     </span>
     <span class='ocr_line' id='line_1_20' title="bbox 134 1326 798 1379; baseline -0.009 -11"><span class='ocrx_word' id='word_1_90' title='bbox 134 1330 226 1375; x_wconf 84' lang='grc'>122,</span> <span class='ocrx_word' id='word_1_91' title='bbox 247 1328 309 1365; x_wconf 83' lang='lat' dir='ltr'>vel</span> <span class='ocrx_word' id='word_1_92' title='bbox 321 1326 487 1379; x_wconf 83' lang='lat' dir='ltr'>denique</span> <span class='ocrx_word' id='word_1_93' title='bbox 507 1327 711 1374; x_wconf 78' lang='grc' dir='ltr'><strong><em>κίνδυνον,</em></strong></span> <span class='ocrx_word' id='word_1_94' title='bbox 729 1339 798 1363; x_wconf 85' lang='lat' dir='ltr'>eo-</span> 
     </span>
     <span class='ocr_line' id='line_1_21' title="bbox 133 1382 796 1434; baseline 0 -13"><span class='ocrx_word' id='word_1_95' title='bbox 133 1384 221 1421; x_wconf 88' lang='lat' dir='ltr'>dem</span> <span class='ocrx_word' id='word_1_96' title='bbox 242 1391 426 1421; x_wconf 76' lang='lat' dir='ltr'>monente</span> <span class='ocrx_word' id='word_1_97' title='bbox 448 1382 654 1421; x_wconf 83' lang='lat' dir='ltr'>Schaefero</span> <span class='ocrx_word' id='word_1_98' title='bbox 675 1383 701 1419; x_wconf 94' lang='lat' dir='ltr'>l.</span> <span class='ocrx_word' id='word_1_99' title='bbox 722 1384 796 1434; x_wconf 89' lang='lat' dir='ltr'>1.p.</span> 
     </span>
    </p>
   </div>
   <div class='ocr_carea' id='block_1_7' title="bbox 58 1437 798 1489">
    <p class='ocr_par' dir='ltr' id='par_1_7' title="bbox 58 1437 798 1489">
     <span class='ocr_line' id='line_1_22' title="bbox 58 1437 798 1489; baseline -0.009 -6"><span class='ocrx_word' id='word_1_100' title='bbox 58 1437 62 1442; x_wconf 52' lang='grc'><em>’</em></span> <span class='ocrx_word' id='word_1_101' title='bbox 131 1444 214 1483; x_wconf 88' lang='grc'>222</span> <span class='ocrx_word' id='word_1_102' title='bbox 234 1449 271 1478; x_wconf 85' lang='lat' dir='ltr'>et</span> <span class='ocrx_word' id='word_1_103' title='bbox 291 1442 385 1489; x_wconf 80' lang='lat'>919,</span> <span class='ocrx_word' id='word_1_104' title='bbox 408 1441 798 1478; x_wconf 86' lang='lat' dir='ltr'>ubiAmmian.Mar-</span> 
     </span>
    </p>
   </div>
   <div class='ocr_carea' id='block_1_8' title="bbox 128 1496 799 2908">
    <p class='ocr_par' dir='ltr' id='par_1_8' title="bbox 128 1496 799 2908">
     <span class='ocr_line' id='line_1_23' title="bbox 131 1496 799 1546; baseline -0.006 -10"><span class='ocrx_word' id='word_1_105' title='bbox 131 1499 257 1536; x_wconf 86' lang='lat' dir='ltr'>celliu.</span> <span class='ocrx_word' id='word_1_106' title='bbox 277 1498 419 1546; x_wconf 86' lang='lat' dir='ltr'>XXIV,</span> <span class='ocrx_word' id='word_1_107' title='bbox 439 1497 466 1538; x_wconf 83' lang='lat'>4</span> <span class='ocrx_word' id='word_1_108' title='bbox 496 1496 638 1540; x_wconf 78' lang='lat' dir='ltr'>laudat,</span> <span class='ocrx_word' id='word_1_109' title='bbox 670 1496 799 1534; x_wconf 86' lang='lat' dir='ltr'>dicen-</span> 
     </span>
     <span class='ocr_line' id='line_1_24' title="bbox 131 1553 798 1604; baseline -0.003 -12"><span class='ocrx_word' id='word_1_110' title='bbox 131 1563 231 1593; x_wconf 87' lang='lat' dir='ltr'>tem:</span> <span class='ocrx_word' id='word_1_111' title='bbox 267 1553 396 1604; x_wconf 80' lang='lat' dir='ltr'>„nihil</span> <span class='ocrx_word' id='word_1_112' title='bbox 432 1554 688 1591; x_wconf 79' lang='lat' dir='ltr'>munitoribus</span> <span class='ocrx_word' id='word_1_113' title='bbox 719 1561 798 1591; x_wconf 88' lang='lat' dir='ltr'>erat</span> 
     </span>
     <span class='ocr_line' id='line_1_25' title="bbox 130 1612 796 1664; baseline -0.005 -14"><span class='ocrx_word' id='word_1_114' title='bbox 130 1624 200 1664; x_wconf 86' lang='lat' dir='ltr'>pro</span> <span class='ocrx_word' id='word_1_115' title='bbox 219 1613 338 1650; x_wconf 84' lang='lat' dir='ltr'>salute</span> <span class='ocrx_word' id='word_1_116' title='bbox 370 1612 589 1650; x_wconf 76' lang='lat' dir='ltr'>currentibus</span> <span class='ocrx_word' id='word_1_117' title='bbox 614 1618 796 1648; x_wconf 86' lang='lat' dir='ltr'>metuen-</span> 
     </span>
     <span class='ocr_line' id='line_1_26' title="bbox 129 1667 793 1706; baseline 0 0"><span class='ocrx_word' id='word_1_118' title='bbox 129 1668 224 1706; x_wconf 88' lang='lat' dir='ltr'>dum</span> <span class='ocrx_word' id='word_1_119' title='bbox 268 1676 334 1706; x_wconf 88' lang='lat' dir='ltr'>aut</span> <span class='ocrx_word' id='word_1_120' title='bbox 364 1667 535 1706; x_wconf 87' lang='lat' dir='ltr'>dirum.“</span> <span class='ocrx_word' id='word_1_121' title='bbox 594 1670 663 1705; x_wconf 85' lang='lat' dir='ltr'>Est</span> <span class='ocrx_word' id='word_1_122' title='bbox 702 1681 793 1706; x_wconf 72' lang='lat' dir='ltr'>vero</span> 
     </span>
     <span class='ocr_line' id='line_1_27' title="bbox 130 1720 796 1778; baseline 0.002 -14"><span class='ocrx_word' id='word_1_123' title='bbox 130 1725 277 1764; x_wconf 87' lang='lat' dir='ltr'>dictum</span> <span class='ocrx_word' id='word_1_124' title='bbox 311 1725 460 1778; x_wconf 76' lang='grc' dir='ltr'><strong><em>τρέχειν</em></strong></span> <span class='ocrx_word' id='word_1_125' title='bbox 507 1724 600 1777; x_wconf 79' lang='grc' dir='ltr'>περὶ</span> <span class='ocrx_word' id='word_1_126' title='bbox 643 1720 796 1765; x_wconf 75' lang='grc' dir='ltr'><strong><em>ἑωυτοῦ</em></strong></span> 
     </span>
     <span class='ocr_line' id='line_1_28' title="bbox 129 1782 796 1835; baseline 0 -15"><span class='ocrx_word' id='word_1_127' title='bbox 129 1797 198 1835; x_wconf 89' lang='lat' dir='ltr'>pro</span> <span class='ocrx_word' id='word_1_128' title='bbox 226 1782 318 1835; x_wconf 85' lang='grc' dir='ltr'><strong><em>περὶ</em></strong></span> <span class='ocrx_word' id='word_1_129' title='bbox 347 1786 419 1834; x_wconf 78' lang='grc' dir='ltr'><strong><em>τῆς</em></strong></span> <span class='ocrx_word' id='word_1_130' title='bbox 444 1784 580 1833; x_wconf 77' lang='grc' dir='ltr'><strong><em>’ψυχῆς</em></strong></span> <span class='ocrx_word' id='word_1_131' title='bbox 607 1796 634 1820; x_wconf 82' lang='lat' dir='ltr'>S.</span> <span class='ocrx_word' id='word_1_132' title='bbox 669 1795 796 1833; x_wconf 84' lang='grc' dir='ltr'><strong><em>σωτη-</em></strong></span> 
     </span>
     <span class='ocr_line' id='line_1_29' title="bbox 130 1837 796 1892; baseline -0.006 -13"><span class='ocrx_word' id='word_1_133' title='bbox 130 1839 220 1891; x_wconf 79' lang='grc' dir='ltr'>ρίας</span> <span class='ocrx_word' id='word_1_134' title='bbox 238 1838 409 1892; x_wconf 70' lang='grc' dir='ltr'><strong><em>τοέχεινς</em></strong></span> <span class='ocrx_word' id='word_1_135' title='bbox 439 1852 531 1876; x_wconf 79' lang='lat' dir='ltr'>nam</span> <span class='ocrx_word' id='word_1_136' title='bbox 553 1837 599 1875; x_wconf 83' lang='lat' dir='ltr'>de</span> <span class='ocrx_word' id='word_1_137' title='bbox 615 1840 691 1875; x_wconf 79' lang='lat' dir='ltr'>vita</span> <span class='ocrx_word' id='word_1_138' title='bbox 711 1852 796 1875; x_wconf 84' lang='lat' dir='ltr'>cer—</span> 
     </span>
     <span class='ocr_line' id='line_1_30' title="bbox 129 1893 796 1947; baseline 0.001 -14"><span class='ocrx_word' id='word_1_139' title='bbox 129 1903 251 1934; x_wconf 86' lang='lat' dir='ltr'>tantes</span> <span class='ocrx_word' id='word_1_140' title='bbox 282 1896 505 1934; x_wconf 77' lang='lat' dir='ltr'>dicebantur</span> <span class='ocrx_word' id='word_1_141' title='bbox 535 1893 626 1946; x_wconf 69' lang='grc' dir='ltr'>περὶ</span> <span class='ocrx_word' id='word_1_142' title='bbox 661 1898 796 1947; x_wconf 80' lang='grc' dir='ltr'><strong><em>ψυχῆς</em></strong></span> 
     </span>
     <span class='ocr_line' id='line_1_31' title="bbox 131 1948 794 2007; baseline -0.005 -15"><span class='ocrx_word' id='word_1_143' title='bbox 131 1952 279 2007; x_wconf 81' lang='grc' dir='ltr'><strong><em>τοέχειν</em></strong></span> <span class='ocrx_word' id='word_1_144' title='bbox 321 1953 384 1991; x_wconf 86' lang='lat' dir='ltr'>vel</span> <span class='ocrx_word' id='word_1_145' title='bbox 420 1948 586 2004; x_wconf 79' lang='grc' dir='ltr'><strong><em>οἷγωνίζε</em></strong></span> <span class='ocrx_word' id='word_1_146' title='bbox 591 1956 688 1991; x_wconf 77' lang='grc' dir='ltr'><strong><em>σθαι</em></strong></span> <span class='ocrx_word' id='word_1_147' title='bbox 731 1953 794 1990; x_wconf 80' lang='lat' dir='ltr'>vel</span> 
     </span>
     <span class='ocr_line' id='line_1_32' title="bbox 130 2005 791 2060; baseline -0.008 -10"><span class='ocrx_word' id='word_1_148' title='bbox 130 2005 408 2059; x_wconf 74' lang='grc' dir='ltr'><strong><em>κινδυνεύειν,</em></strong></span> <span class='ocrx_word' id='word_1_149' title='bbox 445 2017 488 2046; x_wconf 88' lang='lat' dir='ltr'>ut</span> <span class='ocrx_word' id='word_1_150' title='bbox 518 2008 619 2060; x_wconf 85' lang='lat' dir='ltr'>apud</span> <span class='ocrx_word' id='word_1_151' title='bbox 648 2008 791 2046; x_wconf 83' lang='lat' dir='ltr'>Herod.</span> 
     </span>
     <span class='ocr_line' id='line_1_33' title="bbox 129 2064 792 2118; baseline -0.002 -13"><span class='ocrx_word' id='word_1_152' title='bbox 129 2069 198 2116; x_wconf 91' lang='lat' dir='ltr'>IX,</span> <span class='ocrx_word' id='word_1_153' title='bbox 208 2070 261 2108; x_wconf 83' lang='lat'>37</span> <span class='ocrx_word' id='word_1_154' title='bbox 281 2067 440 2118; x_wconf 80' lang='lat' dir='ltr'>aliisque</span> <span class='ocrx_word' id='word_1_155' title='bbox 459 2067 582 2103; x_wconf 82' lang='lat' dir='ltr'>locisa</span> <span class='ocrx_word' id='word_1_156' title='bbox 599 2064 792 2104; x_wconf 84' lang='lat' dir='ltr'>Gatakero</span> 
     </span>
     <span class='ocr_line' id='line_1_34' title="bbox 131 2123 790 2175; baseline -0.003 -13"><span class='ocrx_word' id='word_1_157' title='bbox 131 2125 250 2162; x_wconf 87' lang='lat' dir='ltr'>allatis</span> <span class='ocrx_word' id='word_1_158' title='bbox 280 2124 322 2161; x_wconf 85' lang='lat' dir='ltr'>in</span> <span class='ocrx_word' id='word_1_159' title='bbox 351 2125 448 2161; x_wconf 77' lang='lat' dir='ltr'>Diss.</span> <span class='ocrx_word' id='word_1_160' title='bbox 481 2123 528 2160; x_wconf 85' lang='lat' dir='ltr'>de</span> <span class='ocrx_word' id='word_1_161' title='bbox 548 2124 646 2175; x_wconf 80' lang='lat' dir='ltr'>stylo</span> <span class='ocrx_word' id='word_1_162' title='bbox 670 2124 718 2163; x_wconf 90' lang='lat' dir='ltr'>N.</span> <span class='ocrx_word' id='word_1_163' title='bbox 739 2123 790 2160; x_wconf 92' lang='lat' dir='ltr'>T.</span> 
     </span>
     <span class='ocr_line' id='line_1_35' title="bbox 128 2178 794 2233; baseline -0.005 -13"><span class='ocrx_word' id='word_1_164' title='bbox 128 2194 212 2233; x_wconf 87' lang='lat' dir='ltr'>cap.</span> <span class='ocrx_word' id='word_1_165' title='bbox 247 2183 312 2221; x_wconf 88' lang='lat'>10.</span> <span class='ocrx_word' id='word_1_166' title='bbox 370 2182 504 2233; x_wconf 81' lang='lat' dir='ltr'>Neque</span> <span class='ocrx_word' id='word_1_167' title='bbox 532 2178 610 2217; x_wconf 84' lang='lat' dir='ltr'>huo</span> <span class='ocrx_word' id='word_1_168' title='bbox 640 2193 719 2217; x_wconf 89' lang='lat' dir='ltr'>non</span> <span class='ocrx_word' id='word_1_169' title='bbox 739 2180 794 2217; x_wconf 81' lang='lat' dir='ltr'>fa-</span> 
     </span>
     <span class='ocr_line' id='line_1_36' title="bbox 130 2235 792 2285; baseline -0.002 -10"><span class='ocrx_word' id='word_1_170' title='bbox 130 2239 181 2275; x_wconf 83' lang='lat' dir='ltr'>cit</span> <span class='ocrx_word' id='word_1_171' title='bbox 218 2235 358 2274; x_wconf 88' lang='lat' dir='ltr'><strong>Herod.</strong></span> <span class='ocrx_word' id='word_1_172' title='bbox 387 2238 487 2285; x_wconf 77' lang='lat' dir='ltr'>VIII,</span> <span class='ocrx_word' id='word_1_173' title='bbox 518 2239 588 2278; x_wconf 84' lang='grc'>26.</span> <span class='ocrx_word' id='word_1_174' title='bbox 608 2236 674 2277; x_wconf 84' lang='grc'>74.</span> <span class='ocrx_word' id='word_1_175' title='bbox 701 2238 792 2277; x_wconf 81' lang='grc'>102.</span> 
     </span>
     <span class='ocr_line' id='line_1_37' title="bbox 133 2293 794 2345; baseline 0.003 -15"><span class='ocrx_word' id='word_1_176' title='bbox 133 2293 232 2334; x_wconf 69' lang='grc'>1403</span> <span class='ocrx_word' id='word_1_177' title='bbox 284 2295 420 2345; x_wconf 86' lang='lat' dir='ltr'>quibus</span> <span class='ocrx_word' id='word_1_178' title='bbox 475 2295 568 2331; x_wconf 89' lang='lat' dir='ltr'>locis</span> <span class='ocrx_word' id='word_1_179' title='bbox 615 2294 794 2332; x_wconf 80' lang='lat' dir='ltr'>omnibns</span> 
     </span>
     <span class='ocr_line' id='line_1_38' title="bbox 130 2349 793 2403; baseline 0.003 -18"><span class='ocrx_word' id='word_1_180' title='bbox 130 2351 450 2401; x_wconf 65' lang='lat' dir='ltr'>praepositionem</span> <span class='ocrx_word' id='word_1_181' title='bbox 468 2349 559 2403; x_wconf 74' lang='grc' dir='ltr'>περὶ</span> <span class='ocrx_word' id='word_1_182' title='bbox 572 2352 711 2401; x_wconf 85' lang='lat' dir='ltr'>excipit</span> <span class='ocrx_word' id='word_1_183' title='bbox 721 2363 793 2400; x_wconf 86' lang='lat' dir='ltr'>ge-</span> 
     </span>
     <span class='ocr_line' id='line_1_39' title="bbox 130 2407 792 2444; baseline 0.003 -2"><span class='ocrx_word' id='word_1_184' title='bbox 130 2407 297 2442; x_wconf 75' lang='lat' dir='ltr'>nitivus:</span> <span class='ocrx_word' id='word_1_185' title='bbox 339 2413 380 2441; x_wconf 84' lang='lat' dir='ltr'>ut</span> <span class='ocrx_word' id='word_1_186' title='bbox 406 2418 496 2443; x_wconf 88' lang='lat' dir='ltr'>sane</span> <span class='ocrx_word' id='word_1_187' title='bbox 524 2407 671 2444; x_wconf 79' lang='lat' dir='ltr'>mireris</span> <span class='ocrx_word' id='word_1_188' title='bbox 704 2407 743 2444; x_wconf 86' lang='lat' dir='ltr'>h.</span> <span class='ocrx_word' id='word_1_189' title='bbox 765 2408 792 2444; x_wconf 92' lang='lat' dir='ltr'>l.</span> 
     </span>
     <span class='ocr_line' id='line_1_40' title="bbox 132 2460 794 2514; baseline 0.006 -15"><span class='ocrx_word' id='word_1_190' title='bbox 132 2475 156 2498; x_wconf 83' lang='lat' dir='ltr'>a</span> <span class='ocrx_word' id='word_1_191' title='bbox 185 2460 391 2499; x_wconf 81' lang='lat' dir='ltr'>Schaesero</span> <span class='ocrx_word' id='word_1_192' title='bbox 421 2475 499 2499; x_wconf 87' lang='lat' dir='ltr'>esse</span> <span class='ocrx_word' id='word_1_193' title='bbox 526 2462 672 2500; x_wconf 81' lang='lat' dir='ltr'>editum</span> <span class='ocrx_word' id='word_1_194' title='bbox 702 2462 794 2514; x_wconf 79' lang='grc' dir='ltr'>περὶ</span> 
     </span>
     <span class='ocr_line' id='line_1_41' title="bbox 134 2517 792 2571; baseline -0.003 -13"><span class='ocrx_word' id='word_1_195' title='bbox 134 2517 269 2571; x_wconf 76' lang='grc' dir='ltr'><strong><em>ἑωυτῷ</em></strong></span> <span class='ocrx_word' id='word_1_196' title='bbox 289 2530 337 2554; x_wconf 82' lang='lat' dir='ltr'>ex</span> <span class='ocrx_word' id='word_1_197' title='bbox 366 2530 444 2555; x_wconf 90' lang='lat' dir='ltr'>uno</span> <span class='ocrx_word' id='word_1_198' title='bbox 474 2518 663 2555; x_wconf 81' lang='lat' dir='ltr'>Sancrofti</span> <span class='ocrx_word' id='word_1_199' title='bbox 682 2520 792 2557; x_wconf 88' lang='lat' dir='ltr'>libro.</span> 
     </span>
     <span class='ocr_line' id='line_1_42' title="bbox 134 2573 794 2625; baseline 0.002 -14"><span class='ocrx_word' id='word_1_200' title='bbox 134 2574 310 2611; x_wconf 78' lang='lat' dir='ltr'>Pluribus</span> <span class='ocrx_word' id='word_1_201' title='bbox 340 2583 494 2625; x_wconf 85' lang='lat' dir='ltr'>quoque</span> <span class='ocrx_word' id='word_1_202' title='bbox 525 2573 572 2611; x_wconf 88' lang='lat' dir='ltr'>de</span> <span class='ocrx_word' id='word_1_203' title='bbox 591 2573 664 2611; x_wconf 82' lang='lat' dir='ltr'>hac</span> <span class='ocrx_word' id='word_1_204' title='bbox 682 2576 794 2612; x_wconf 88' lang='lat' dir='ltr'>locu-</span> 
     </span>
     <span class='ocr_line' id='line_1_43' title="bbox 134 2629 791 2668; baseline 0 0"><span class='ocrx_word' id='word_1_205' title='bbox 134 2632 237 2668; x_wconf 84' lang='lat' dir='ltr'>tione</span> <span class='ocrx_word' id='word_1_206' title='bbox 258 2629 430 2668; x_wconf 80' lang='lat' dir='ltr'>disseruit</span> <span class='ocrx_word' id='word_1_207' title='bbox 451 2632 586 2667; x_wconf 87' lang='lat' dir='ltr'>Portus</span> <span class='ocrx_word' id='word_1_208' title='bbox 605 2632 643 2667; x_wconf 85' lang='lat' dir='ltr'>in</span> <span class='ocrx_word' id='word_1_209' title='bbox 660 2633 791 2668; x_wconf 86' lang='lat' dir='ltr'>Lexic.</span> 
     </span>
     <span class='ocr_line' id='line_1_44' title="bbox 134 2686 794 2739; baseline 0.002 -16"><span class='ocrx_word' id='word_1_210' title='bbox 134 2689 252 2725; x_wconf 84' lang='lat' dir='ltr'>Ionio.</span> <span class='ocrx_word' id='word_1_211' title='bbox 281 2702 311 2725; x_wconf 85' lang='lat' dir='ltr'>s.</span> <span class='ocrx_word' id='word_1_212' title='bbox 331 2701 368 2724; x_wconf 77' lang='lat' dir='ltr'>v.</span> <span class='ocrx_word' id='word_1_213' title='bbox 399 2688 555 2739; x_wconf 80' lang='lat' dir='ltr'>eiusque</span> <span class='ocrx_word' id='word_1_214' title='bbox 585 2686 686 2724; x_wconf 72' lang='lat' dir='ltr'>&#39;nunc</span> <span class='ocrx_word' id='word_1_215' title='bbox 715 2688 794 2724; x_wconf 84' lang='lat' dir='ltr'>fere</span> 
     </span>
     <span class='ocr_line' id='line_1_45' title="bbox 136 2743 796 2781; baseline 0 0"><span class='ocrx_word' id='word_1_216' title='bbox 136 2756 288 2781; x_wconf 85' lang='lat' dir='ltr'>sensum</span> <span class='ocrx_word' id='word_1_217' title='bbox 300 2757 378 2781; x_wconf 90' lang='lat' dir='ltr'>esse</span> <span class='ocrx_word' id='word_1_218' title='bbox 398 2751 500 2780; x_wconf 77' lang='lat' dir='ltr'>recte</span> <span class='ocrx_word' id='word_1_219' title='bbox 520 2744 671 2780; x_wconf 75' lang='lat' dir='ltr'>statuit:</span> <span class='ocrx_word' id='word_1_220' title='bbox 703 2743 746 2781; x_wconf 83' lang='lat' dir='ltr'>de</span> <span class='ocrx_word' id='word_1_221' title='bbox 760 2757 796 2781; x_wconf 79' lang='lat' dir='ltr'>se</span> 
     </span>
     <span class='ocr_line' id='line_1_46' title="bbox 135 2800 796 2851; baseline 0.003 -15"><span class='ocrx_word' id='word_1_222' title='bbox 135 2803 210 2849; x_wconf 76' lang='lat' dir='ltr'>ipso</span> <span class='ocrx_word' id='word_1_223' title='bbox 223 2801 418 2850; x_wconf 73' lang='lat' dir='ltr'>periculum</span> <span class='ocrx_word' id='word_1_224' title='bbox 429 2800 529 2837; x_wconf 78' lang='lat' dir='ltr'>adire</span> <span class='ocrx_word' id='word_1_225' title='bbox 537 2813 567 2837; x_wconf 90' lang='lat' dir='ltr'>s.</span> <span class='ocrx_word' id='word_1_226' title='bbox 573 2813 638 2851; x_wconf 82' lang='lat' dir='ltr'>pro</span> <span class='ocrx_word' id='word_1_227' title='bbox 656 2812 719 2836; x_wconf 82' lang='lat' dir='ltr'>suo</span> <span class='ocrx_word' id='word_1_228' title='bbox 731 2813 796 2838; x_wconf 86' lang='lat' dir='ltr'>ca-</span> 
     </span>
     <span class='ocr_line' id='line_1_47' title="bbox 131 2856 796 2908; baseline 0.002 -15"><span class='ocrx_word' id='word_1_229' title='bbox 131 2858 206 2908; x_wconf 80' lang='lat' dir='ltr'>pite</span> <span class='ocrx_word' id='word_1_230' title='bbox 211 2856 404 2907; x_wconf 79' lang='lat' dir='ltr'>periculum</span> <span class='ocrx_word' id='word_1_231' title='bbox 414 2858 429 2895; x_wconf 82' lang='lat' dir='ltr'>i</span> <span class='ocrx_word' id='word_1_232' title='bbox 431 2858 644 2906; x_wconf 80' lang='lat' dir='ltr'>ncurrere,in</span> <span class='ocrx_word' id='word_1_233' title='bbox 656 2856 796 2908; x_wconf 77' lang='lat' dir='ltr'>aliquid</span> 
     </span>
    </p>
   </div>
   <div class='ocr_carea' id='block_1_9' title="bbox 857 642 1529 751">
    <p class='ocr_par' dir='ltr' id='par_1_9' title="bbox 857 642 1529 751">
     <span class='ocr_line' id='line_1_48' title="bbox 857 642 1529 694; baseline 0.001 -14"><span class='ocrx_word' id='word_1_234' title='bbox 857 645 988 694; x_wconf 64' lang='lat' dir='ltr'>capitis</span> <span class='ocrx_word' id='word_1_235' title='bbox 996 642 1194 694; x_wconf 68' lang='lat' dir='ltr'>periculum</span> <span class='ocrx_word' id='word_1_236' title='bbox 1205 643 1425 691; x_wconf 75' lang='lat' dir='ltr'>incz&#39;dere,a‹l</span> <span class='ocrx_word' id='word_1_237' title='bbox 1435 644 1529 694; x_wconf 81' lang='lat' dir='ltr'>quod</span> 
     </span>
     <span class='ocr_line' id='line_1_49' title="bbox 857 701 1528 751; baseline 0.003 -14"><span class='ocrx_word' id='word_1_238' title='bbox 857 701 1041 738; x_wconf 77' lang='lat' dir='ltr'>vitandum</span> <span class='ocrx_word' id='word_1_239' title='bbox 1069 702 1229 738; x_wconf 78' lang='lat' dir='ltr'>maxima</span> <span class='ocrx_word' id='word_1_240' title='bbox 1258 703 1412 751; x_wconf 76' lang='lat' dir='ltr'>corporis</span> <span class='ocrx_word' id='word_1_241' title='bbox 1447 703 1528 739; x_wconf 77' lang='lat' dir='ltr'>ani-</span> 
     </span>
    </p>
   </div>
   <div class='ocr_carea' id='block_1_10' title="bbox 857 758 1534 807">
    <p class='ocr_par' dir='ltr' id='par_1_10' title="bbox 857 758 1534 807">
     <span class='ocr_line' id='line_1_50' title="bbox 857 758 1534 807; baseline 0.001 -13"><span class='ocrx_word' id='word_1_242' title='bbox 857 760 972 807; x_wconf 73' lang='lat' dir='ltr'>mique</span> <span class='ocrx_word' id='word_1_243' title='bbox 993 760 1230 805; x_wconf 76' lang='lat' dir='ltr'>contentione,</span> <span class='ocrx_word' id='word_1_244' title='bbox 1260 758 1390 805; x_wconf 63' lang='lat' dir='ltr'>studio,</span> <span class='ocrx_word' id='word_1_245' title='bbox 1420 771 1534 802; x_wconf 62' lang='lat' dir='ltr'>cursu⁴</span> 
     </span>
    </p>
   </div>
   <div class='ocr_carea' id='block_1_11' title="bbox 847 815 1526 2800">
    <p class='ocr_par' dir='ltr' id='par_1_11' title="bbox 847 815 1526 2800">
     <span class='ocr_line' id='line_1_51' title="bbox 857 815 1526 865; baseline -0.001 -14"><span class='ocrx_word' id='word_1_246' title='bbox 857 818 889 851; x_wconf 85' lang='lat' dir='ltr'>et</span> <span class='ocrx_word' id='word_1_247' title='bbox 909 816 1086 851; x_wconf 72' lang='lat' dir='ltr'>celeritate</span> <span class='ocrx_word' id='word_1_248' title='bbox 1102 816 1149 850; x_wconf 74' lang='lat' dir='ltr'>sit</span> <span class='ocrx_word' id='word_1_249' title='bbox 1170 828 1268 865; x_wconf 75' lang='lat' dir='ltr'>opus.</span> <span class='ocrx_word' id='word_1_250' title='bbox 1309 816 1428 852; x_wconf 81' lang='lat' dir='ltr'>Recte</span> <span class='ocrx_word' id='word_1_251' title='bbox 1449 815 1526 865; x_wconf 80' lang='lat' dir='ltr'>igi-</span> 
     </span>
     <span class='ocr_line' id='line_1_52' title="bbox 857 869 1524 922; baseline 0.001 -14"><span class='ocrx_word' id='word_1_252' title='bbox 857 878 920 908; x_wconf 85' lang='lat' dir='ltr'>tur</span> <span class='ocrx_word' id='word_1_253' title='bbox 959 869 1181 921; x_wconf 76' lang='lat' dir='ltr'>Sclnveigh.</span> <span class='ocrx_word' id='word_1_254' title='bbox 1229 873 1524 922; x_wconf 80' lang='lat' dir='ltr'>interpretatur:</span> 
     </span>
     <span class='ocr_line' id='line_1_53' title="bbox 858 928 1524 979; baseline 0.002 -14"><span class='ocrx_word' id='word_1_255' title='bbox 858 928 1040 976; x_wconf 70' lang='lat' dir='ltr'>„Xerxem</span> <span class='ocrx_word' id='word_1_256' title='bbox 1080 930 1219 976; x_wconf 75' lang='lat' dir='ltr'>ingenti</span> <span class='ocrx_word' id='word_1_257' title='bbox 1258 929 1396 978; x_wconf 70' lang='lat' dir='ltr'>quidem</span> <span class='ocrx_word' id='word_1_258' title='bbox 1418 928 1524 979; x_wconf 74' lang='lat' dir='ltr'>sustu</span> 
     </span>
     <span class='ocr_line' id='line_1_54' title="bbox 855 986 1525 1036; baseline 0 -13"><span class='ocrx_word' id='word_1_259' title='bbox 855 989 888 1023; x_wconf 78' lang='lat' dir='ltr'>et</span> <span class='ocrx_word' id='word_1_260' title='bbox 912 986 1177 1036; x_wconf 76' lang='lat' dir='ltr'>magnificentia</span> <span class='ocrx_word' id='word_1_261' title='bbox 1206 987 1396 1023; x_wconf 73' lang='lat' dir='ltr'>exercitum</span> <span class='ocrx_word' id='word_1_262' title='bbox 1424 999 1525 1023; x_wconf 78' lang='lat' dir='ltr'>suum</span> 
     </span>
     <span class='ocr_line' id='line_1_55' title="bbox 857 1042 1525 1091; baseline 0 -11"><span class='ocrx_word' id='word_1_263' title='bbox 857 1043 1046 1080; x_wconf 72' lang='lat' dir='ltr'>(lucturum</span> <span class='ocrx_word' id='word_1_264' title='bbox 1069 1055 1142 1079; x_wconf 79' lang='lat' dir='ltr'>esse</span> <span class='ocrx_word' id='word_1_265' title='bbox 1159 1044 1200 1080; x_wconf 80' lang='lat' dir='ltr'>in</span> <span class='ocrx_word' id='word_1_266' title='bbox 1231 1042 1443 1091; x_wconf 76' lang='lat' dir='ltr'><em>Graeciam,</em></span> <span class='ocrx_word' id='word_1_267' title='bbox 1464 1043 1525 1081; x_wconf 83' lang='lat' dir='ltr'>sed</span> 
     </span>
     <span class='ocr_line' id='line_1_56' title="bbox 856 1099 1523 1149; baseline 0.001 -12"><span class='ocrx_word' id='word_1_268' title='bbox 856 1112 933 1137; x_wconf 83' lang='lat' dir='ltr'>cum</span> <span class='ocrx_word' id='word_1_269' title='bbox 958 1100 1123 1149; x_wconf 80' lang='lat' dir='ltr'>propriae</span> <span class='ocrx_word' id='word_1_270' title='bbox 1141 1101 1239 1136; x_wconf 74' lang='lat' dir='ltr'>vitae</span> <span class='ocrx_word' id='word_1_271' title='bbox 1254 1099 1410 1149; x_wconf 78' lang='lat' dir='ltr'>periculo</span> <span class='ocrx_word' id='word_1_272' title='bbox 1439 1113 1523 1138; x_wconf 80' lang='lat' dir='ltr'>eun·</span> 
     </span>
     <span class='ocr_line' id='line_1_57' title="bbox 855 1156 1524 1202; baseline -0.001 -8"><span class='ocrx_word' id='word_1_273' title='bbox 855 1156 931 1194; x_wconf 83' lang='lat' dir='ltr'>dem</span> <span class='ocrx_word' id='word_1_274' title='bbox 953 1159 991 1194; x_wconf 81' lang='lat' dir='ltr'>in</span> <span class='ocrx_word' id='word_1_275' title='bbox 1020 1157 1131 1193; x_wconf 72' lang='lat' dir='ltr'><em>locum</em></span> <span class='ocrx_word' id='word_1_276' title='bbox 1157 1156 1394 1194; x_wconf 79' lang='lat' dir='ltr'>rediturum.“</span> <span class='ocrx_word' id='word_1_277' title='bbox 1425 1157 1524 1202; x_wconf 80' lang='lat' dir='ltr'>Qui-</span> 
     </span>
     <span class='ocr_line' id='line_1_58' title="bbox 857 1211 1525 1251; baseline 0 -1"><span class='ocrx_word' id='word_1_278' title='bbox 857 1214 926 1250; x_wconf 88' lang='lat' dir='ltr'>bus</span> <span class='ocrx_word' id='word_1_279' title='bbox 976 1213 1194 1251; x_wconf 77' lang='lat' dir='ltr'>Valcken.</span> <span class='ocrx_word' id='word_1_280' title='bbox 1234 1211 1330 1250; x_wconf 89' lang='lat' dir='ltr'>haec</span> <span class='ocrx_word' id='word_1_281' title='bbox 1379 1211 1525 1250; x_wconf 86' lang='lat' dir='ltr'>adscri-</span> 
     </span>
     <span class='ocr_line' id='line_1_59' title="bbox 855 1268 1525 1321; baseline 0 -14"><span class='ocrx_word' id='word_1_282' title='bbox 855 1272 950 1321; x_wconf 83' lang='lat' dir='ltr'>psit:</span> <span class='ocrx_word' id='word_1_283' title='bbox 1000 1269 1190 1318; x_wconf 79' lang='lat' dir='ltr'>„Quando</span> <span class='ocrx_word' id='word_1_284' title='bbox 1211 1271 1359 1307; x_wconf 85' lang='lat' dir='ltr'>Xerxes</span> <span class='ocrx_word' id='word_1_285' title='bbox 1380 1268 1443 1307; x_wconf 84' lang='lat' dir='ltr'>hic</span> <span class='ocrx_word' id='word_1_286' title='bbox 1462 1269 1525 1307; x_wconf 80' lang='lat' dir='ltr'>di-</span> 
     </span>
     <span class='ocr_line' id='line_1_60' title="bbox 855 1326 1522 1378; baseline 0.001 -14"><span class='ocrx_word' id='word_1_287' title='bbox 855 1329 954 1364; x_wconf 83' lang='lat' dir='ltr'>citur</span> <span class='ocrx_word' id='word_1_288' title='bbox 981 1328 1022 1363; x_wconf 87' lang='lat' dir='ltr'>in</span> <span class='ocrx_word' id='word_1_289' title='bbox 1051 1340 1218 1378; x_wconf 84' lang='lat' dir='ltr'>regnum</span> <span class='ocrx_word' id='word_1_290' title='bbox 1255 1326 1446 1364; x_wconf 87' lang='lat' dir='ltr'>rediturus</span> <span class='ocrx_word' id='word_1_291' title='bbox 1478 1333 1522 1365; x_wconf 86' lang='lat' dir='ltr'>ut</span> 
     </span>
     <span class='ocr_line' id='line_1_61' title="bbox 854 1382 1520 1436; baseline 0.005 -16"><span class='ocrx_word' id='word_1_292' title='bbox 854 1385 963 1435; x_wconf 84' lang='lat' dir='ltr'>lepus</span> <span class='ocrx_word' id='word_1_293' title='bbox 1016 1383 1108 1436; x_wconf 82' lang='grc' dir='ltr'><strong><em>περὶ</em></strong></span> <span class='ocrx_word' id='word_1_294' title='bbox 1154 1383 1308 1423; x_wconf 79' lang='grc' dir='ltr'><strong><em>ἑωυτοῦ</em></strong></span> <span class='ocrx_word' id='word_1_295' title='bbox 1357 1382 1520 1435; x_wconf 78' lang='grc' dir='ltr'><strong><em>τρέχειν,</em></strong></span> 
     </span>
     <span class='ocr_line' id='line_1_62' title="bbox 857 1439 1522 1492; baseline -0.002 -14"><span class='ocrx_word' id='word_1_296' title='bbox 857 1442 1105 1492; x_wconf 86' lang='lat' dir='ltr'>proverbium</span> <span class='ocrx_word' id='word_1_297' title='bbox 1144 1442 1344 1492; x_wconf 86' lang='lat' dir='ltr'>respicitur</span> <span class='ocrx_word' id='word_1_298' title='bbox 1375 1439 1522 1479; x_wconf 85' lang='lat' dir='ltr'>Suidae</span> 
     </span>
     <span class='ocr_line' id='line_1_63' title="bbox 856 1494 1521 1550; baseline 0.003 -15"><span class='ocrx_word' id='word_1_299' title='bbox 856 1506 1115 1536; x_wconf 85' lang='lat' dir='ltr'>memoratum</span> <span class='ocrx_word' id='word_1_300' title='bbox 1160 1499 1202 1535; x_wconf 86' lang='lat' dir='ltr'>in</span> <span class='ocrx_word' id='word_1_301' title='bbox 1241 1494 1389 1550; x_wconf 78' lang='grc' dir='ltr'>Λαγώς</span> <span class='ocrx_word' id='word_1_302' title='bbox 1428 1496 1521 1550; x_wconf 79' lang='grc' dir='ltr'><strong><em>περὶ</em></strong></span> 
     </span>
     <span class='ocr_line' id='line_1_64' title="bbox 853 1553 1519 1607; baseline -0.006 -12"><span class='ocrx_word' id='word_1_303' title='bbox 853 1558 935 1595; x_wconf 75' lang='grc' dir='ltr'>τῶν</span> <span class='ocrx_word' id='word_1_304' title='bbox 952 1558 1081 1607; x_wconf 78' lang='grc' dir='ltr'><strong><em>κρεῶν</em></strong></span> <span class='ocrx_word' id='word_1_305' title='bbox 1103 1556 1157 1604; x_wconf 89' lang='lat'>[11</span> <span class='ocrx_word' id='word_1_306' title='bbox 1173 1569 1212 1606; x_wconf 91' lang='lat' dir='ltr'>p.</span> <span class='ocrx_word' id='word_1_307' title='bbox 1234 1554 1351 1603; x_wconf 80' lang='grc'>408],</span> <span class='ocrx_word' id='word_1_308' title='bbox 1375 1553 1519 1592; x_wconf 77' lang='lat' dir='ltr'>dictum</span> 
     </span>
     <span class='ocr_line' id='line_1_65' title="bbox 852 1610 1522 1658; baseline -0.006 -5"><span class='ocrx_word' id='word_1_309' title='bbox 852 1611 918 1653; x_wconf 73' lang='grc' dir='ltr'>ἐπὶ</span> <span class='ocrx_word' id='word_1_310' title='bbox 938 1616 1018 1652; x_wconf 79' lang='grc' dir='ltr'>τῶν</span> <span class='ocrx_word' id='word_1_311' title='bbox 1031 1610 1418 1652; x_wconf 78' lang='grc' dir='ltr'><strong><em>διακινδυνευόντων</em></strong></span> <span class='ocrx_word' id='word_1_312' title='bbox 1435 1615 1522 1658; x_wconf 83' lang='grc' dir='ltr'><strong><em>ταῖς</em></strong></span> 
     </span>
     <span class='ocr_line' id='line_1_66' title="bbox 851 1669 1519 1721; baseline -0.006 -13"><span class='ocrx_word' id='word_1_313' title='bbox 851 1673 1024 1721; x_wconf 83' lang='grc' dir='ltr'><em>ψυχαῖς;</em></span> <span class='ocrx_word' id='word_1_314' title='bbox 1058 1669 1162 1708; x_wconf 88' lang='lat' dir='ltr'>conf.</span> <span class='ocrx_word' id='word_1_315' title='bbox 1193 1669 1343 1706; x_wconf 89' lang='lat' dir='ltr'>Zenob.</span> <span class='ocrx_word' id='word_1_316' title='bbox 1363 1669 1426 1716; x_wconf 89' lang='lat' dir='ltr'>IV,</span> <span class='ocrx_word' id='word_1_317' title='bbox 1452 1669 1519 1710; x_wconf 89' lang='grc'>85.</span> 
     </span>
     <span class='ocr_line' id='line_1_67' title="bbox 851 1723 1520 1777; baseline -0.004 -13"><span class='ocrx_word' id='word_1_318' title='bbox 851 1728 946 1764; x_wconf 90' lang='lat' dir='ltr'>Illuc</span> <span class='ocrx_word' id='word_1_319' title='bbox 985 1727 1180 1777; x_wconf 81' lang='lat' dir='ltr'>spectabat</span> <span class='ocrx_word' id='word_1_320' title='bbox 1209 1732 1247 1763; x_wconf 87' lang='lat' dir='ltr'>et</span> <span class='ocrx_word' id='word_1_321' title='bbox 1289 1723 1520 1776; x_wconf 87' lang='lat' dir='ltr'>Aristopha-</span> 
     </span>
     <span class='ocr_line' id='line_1_68' title="bbox 852 1782 1519 1836; baseline -0.003 -15"><span class='ocrx_word' id='word_1_322' title='bbox 852 1798 932 1831; x_wconf 86' lang='lat' dir='ltr'>nes,</span> <span class='ocrx_word' id='word_1_323' title='bbox 947 1782 1052 1836; x_wconf 89' lang='lat' dir='ltr'>quod</span> <span class='ocrx_word' id='word_1_324' title='bbox 1070 1783 1166 1822; x_wconf 80' lang='lat' dir='ltr'>vidit</span> <span class='ocrx_word' id='word_1_325' title='bbox 1185 1784 1337 1819; x_wconf 86' lang='lat' dir='ltr'>Kuster.</span> <span class='ocrx_word' id='word_1_326' title='bbox 1357 1783 1397 1818; x_wconf 86' lang='lat' dir='ltr'>in</span> <span class='ocrx_word' id='word_1_327' title='bbox 1419 1784 1519 1819; x_wconf 84' lang='lat' dir='ltr'>Ran.</span> 
     </span>
     <span class='ocr_line' id='line_1_69' title="bbox 858 1837 1519 1892; baseline 0.003 -16"><span class='ocrx_word' id='word_1_328' title='bbox 858 1843 959 1888; x_wconf 79' lang='lat'>193,</span> <span class='ocrx_word' id='word_1_329' title='bbox 1007 1839 1162 1892; x_wconf 87' lang='lat' dir='ltr'>quando</span> <span class='ocrx_word' id='word_1_330' title='bbox 1195 1840 1365 1890; x_wconf 84' lang='lat' dir='ltr'>scripsit:</span> <span class='ocrx_word' id='word_1_331' title='bbox 1399 1838 1436 1878; x_wconf 81' lang='grc' dir='ltr'>εἰ</span> <span class='ocrx_word' id='word_1_332' title='bbox 1462 1837 1519 1890; x_wconf 72' lang='grc' dir='ltr'>μή</span> 
     </span>
     <span class='ocr_line' id='line_1_70' title="bbox 851 1893 1521 1948; baseline -0.003 -12"><span class='ocrx_word' id='word_1_333' title='bbox 851 1894 1130 1948; x_wconf 70' lang='grc' dir='ltr'><strong><em>νεναυμάχηκε</em></strong></span> <span class='ocrx_word' id='word_1_334' title='bbox 1169 1893 1246 1946; x_wconf 76' lang='grc' dir='ltr'><strong><em>τήν</em></strong></span> <span class='ocrx_word' id='word_1_335' title='bbox 1304 1894 1396 1947; x_wconf 81' lang='grc' dir='ltr'><strong><em>περὶ</em></strong></span> <span class='ocrx_word' id='word_1_336' title='bbox 1436 1897 1521 1934; x_wconf 77' lang='grc' dir='ltr'><strong><em>ταῖν</em></strong></span> 
     </span>
     <span class='ocr_line' id='line_1_71' title="bbox 850 1950 1518 2006; baseline -0.006 -14"><span class='ocrx_word' id='word_1_337' title='bbox 850 1956 995 2006; x_wconf 77' lang='grc' dir='ltr'><strong><em>κρεῶν.</em></strong></span> <span class='ocrx_word' id='word_1_338' title='bbox 1035 1952 1151 1990; x_wconf 90' lang='lat' dir='ltr'>Aliud</span> <span class='ocrx_word' id='word_1_339' title='bbox 1172 1950 1234 1989; x_wconf 84' lang='lat' dir='ltr'>hic</span> <span class='ocrx_word' id='word_1_340' title='bbox 1246 1953 1383 1989; x_wconf 78' lang='lat' dir='ltr'>Nostro</span> <span class='ocrx_word' id='word_1_341' title='bbox 1404 1965 1518 2003; x_wconf 86' lang='lat' dir='ltr'>prae-</span> 
     </span>
     <span class='ocr_line' id='line_1_72' title="bbox 849 2010 1519 2062; baseline -0.001 -15"><span class='ocrx_word' id='word_1_342' title='bbox 849 2017 952 2048; x_wconf 79' lang='lat' dir='ltr'>terea</span> <span class='ocrx_word' id='word_1_343' title='bbox 978 2011 1104 2062; x_wconf 87' lang='lat' dir='ltr'>potuit</span> <span class='ocrx_word' id='word_1_344' title='bbox 1139 2010 1330 2047; x_wconf 86' lang='lat' dir='ltr'>obversari</span> <span class='ocrx_word' id='word_1_345' title='bbox 1359 2022 1519 2059; x_wconf 87' lang='lat' dir='ltr'>prover—</span> 
     </span>
     <span class='ocr_line' id='line_1_73' title="bbox 848 2064 1518 2120; baseline -0.003 -16"><span class='ocrx_word' id='word_1_346' title='bbox 848 2069 969 2114; x_wconf 85' lang='lat' dir='ltr'>bium,</span> <span class='ocrx_word' id='word_1_347' title='bbox 992 2066 1097 2120; x_wconf 90' lang='lat' dir='ltr'>quod</span> <span class='ocrx_word' id='word_1_348' title='bbox 1116 2068 1156 2104; x_wconf 89' lang='lat' dir='ltr'>in</span> <span class='ocrx_word' id='word_1_349' title='bbox 1176 2066 1436 2105; x_wconf 83' lang='lat' dir='ltr'>adversarium</span> <span class='ocrx_word' id='word_1_350' title='bbox 1448 2064 1518 2102; x_wconf 88' lang='lat' dir='ltr'>de-</span> 
     </span>
     <span class='ocr_line' id='line_1_74' title="bbox 850 2123 1517 2177; baseline -0.004 -15"><span class='ocrx_word' id='word_1_351' title='bbox 850 2132 1004 2177; x_wconf 86' lang='lat' dir='ltr'>torquet</span> <span class='ocrx_word' id='word_1_352' title='bbox 1023 2123 1274 2162; x_wconf 77' lang='lat' dir='ltr'>Demosthen.</span> <span class='ocrx_word' id='word_1_353' title='bbox 1296 2125 1354 2160; x_wconf 86' lang='lat' dir='ltr'>De</span> <span class='ocrx_word' id='word_1_354' title='bbox 1375 2123 1517 2160; x_wconf 84' lang='lat' dir='ltr'>Coron.</span> 
     </span>
     <span class='ocr_line' id='line_1_75' title="bbox 849 2176 1517 2233; baseline -0.003 -13"><span class='ocrx_word' id='word_1_355' title='bbox 849 2195 888 2232; x_wconf 91' lang='lat' dir='ltr'>p.</span> <span class='ocrx_word' id='word_1_356' title='bbox 914 2184 992 2223; x_wconf 79' lang='lat'>183</span> <span class='ocrx_word' id='word_1_357' title='bbox 1016 2182 1085 2233; x_wconf 89' lang='lat' dir='ltr'>[p.</span> <span class='ocrx_word' id='word_1_358' title='bbox 1108 2179 1202 2228; x_wconf 81' lang='lat'>314,</span> <span class='ocrx_word' id='word_1_359' title='bbox 1226 2179 1279 2221; x_wconf 78' lang='grc'>24</span> <span class='ocrx_word' id='word_1_360' title='bbox 1300 2180 1377 2229; x_wconf 86' lang='lat' dir='ltr'>R.]</span> <span class='ocrx_word' id='word_1_361' title='bbox 1409 2176 1517 2232; x_wconf 63' lang='grc' dir='ltr'><strong><em>λαγοὶ</em></strong></span> 
     </span>
     <span class='ocr_line' id='line_1_76' title="bbox 850 2234 1517 2290; baseline -0.003 -12"><span class='ocrx_word' id='word_1_362' title='bbox 850 2239 941 2290; x_wconf 80' lang='grc' dir='ltr'><strong><em>βίον</em></strong></span> <span class='ocrx_word' id='word_1_363' title='bbox 965 2238 1072 2290; x_wconf 71' lang='grc' dir='ltr'><strong><em>ἔζης,</em></strong></span> <span class='ocrx_word' id='word_1_364' title='bbox 1104 2234 1243 2283; x_wconf 70' lang='grc' dir='ltr'><strong><em>δεδιώς</em></strong></span> <span class='ocrx_word' id='word_1_365' title='bbox 1267 2235 1336 2277; x_wconf 82' lang='grc' dir='ltr'>καὶ</span> <span class='ocrx_word' id='word_1_366' title='bbox 1361 2235 1517 2289; x_wconf 78' lang='grc' dir='ltr'><strong><em>τρέμων</em></strong></span> 
     </span>
     <span class='ocr_line' id='line_1_77' title="bbox 848 2291 1518 2346; baseline -0.003 -12"><span class='ocrx_word' id='word_1_367' title='bbox 848 2294 916 2335; x_wconf 79' lang='grc' dir='ltr'>καὶ</span> <span class='ocrx_word' id='word_1_368' title='bbox 948 2291 1010 2334; x_wconf 86' lang='grc' dir='ltr'>αέὶ</span> <span class='ocrx_word' id='word_1_369' title='bbox 1032 2291 1312 2346; x_wconf 76' lang='grc' dir='ltr'><strong><em>πληγήσεσθαι</em></strong></span> <span class='ocrx_word' id='word_1_370' title='bbox 1341 2293 1518 2345; x_wconf 77' lang='grc' dir='ltr'><strong><em>προσδο-</em></strong></span> 
     </span>
     <span class='ocr_line' id='line_1_78' title="bbox 848 2349 1513 2402; baseline -0.003 -10"><span class='ocrx_word' id='word_1_371' title='bbox 848 2355 953 2392; x_wconf 74' lang='grc' dir='ltr'><strong><em>κῶνε</em></strong></span> <span class='ocrx_word' id='word_1_372' title='bbox 1002 2350 1118 2389; x_wconf 83' lang='lat' dir='ltr'>habet</span> <span class='ocrx_word' id='word_1_373' title='bbox 1148 2358 1185 2388; x_wconf 86' lang='lat' dir='ltr'>et</span> <span class='ocrx_word' id='word_1_374' title='bbox 1214 2352 1288 2388; x_wconf 92' lang='lat' dir='ltr'>Dio</span> <span class='ocrx_word' id='word_1_375' title='bbox 1319 2349 1513 2402; x_wconf 86' lang='lat' dir='ltr'>Chrysost.</span> 
     </span>
     <span class='ocr_line' id='line_1_79' title="bbox 847 2406 1514 2460; baseline -0.009 -9"><span class='ocrx_word' id='word_1_376' title='bbox 847 2424 887 2460; x_wconf 89' lang='lat' dir='ltr'>p.</span> <span class='ocrx_word' id='word_1_377' title='bbox 921 2412 999 2451; x_wconf 88' lang='lat'>611</span> <span class='ocrx_word' id='word_1_378' title='bbox 1043 2411 1091 2447; x_wconf 90' lang='lat' dir='ltr'>D.</span> <span class='ocrx_word' id='word_1_379' title='bbox 1132 2407 1209 2448; x_wconf 82' lang='lat' dir='ltr'>vid.</span> <span class='ocrx_word' id='word_1_380' title='bbox 1249 2406 1514 2445; x_wconf 87' lang='lat' dir='ltr'>Hemsterhus.</span> 
     </span>
     <span class='ocr_line' id='line_1_80' title="bbox 848 2465 1514 2516; baseline -0.005 -13"><span class='ocrx_word' id='word_1_381' title='bbox 848 2465 896 2503; x_wconf 88' lang='lat' dir='ltr'>ad</span> <span class='ocrx_word' id='word_1_382' title='bbox 918 2467 1075 2504; x_wconf 80' lang='lat' dir='ltr'>Lucian.</span> <span class='ocrx_word' id='word_1_383' title='bbox 1097 2466 1235 2504; x_wconf 84' lang='lat' dir='ltr'>Somn.</span> <span class='ocrx_word' id='word_1_384' title='bbox 1266 2479 1306 2516; x_wconf 90' lang='lat' dir='ltr'>p.</span> <span class='ocrx_word' id='word_1_385' title='bbox 1337 2467 1388 2506; x_wconf 81' lang='lat'>13</span> <span class='ocrx_word' id='word_1_386' title='bbox 1412 2465 1456 2513; x_wconf 89' lang='lat'>[1</span> <span class='ocrx_word' id='word_1_387' title='bbox 1475 2479 1514 2516; x_wconf 83' lang='lat' dir='ltr'>p.</span> 
     </span>
     <span class='ocr_line' id='line_1_81' title="bbox 851 2522 1515 2574; baseline -0.008 -12"><span class='ocrx_word' id='word_1_388' title='bbox 851 2525 930 2563; x_wconf 87' lang='lat'>187</span> <span class='ocrx_word' id='word_1_389' title='bbox 972 2523 1095 2574; x_wconf 86' lang='lat' dir='ltr'>Bip.].</span> <span class='ocrx_word' id='word_1_390' title='bbox 1152 2523 1253 2559; x_wconf 82' lang='lat' dir='ltr'>Hinc</span> <span class='ocrx_word' id='word_1_391' title='bbox 1286 2522 1515 2559; x_wconf 89' lang='lat' dir='ltr'>nonnemini</span> 
     </span>
     <span class='ocr_line' id='line_1_82' title="bbox 847 2576 1512 2631; baseline -0.003 -15"><span class='ocrx_word' id='word_1_392' title='bbox 847 2577 1000 2627; x_wconf 82' lang='grc' dir='ltr'><strong><em>τρέμων</em></strong></span> <span class='ocrx_word' id='word_1_393' title='bbox 1039 2581 1234 2631; x_wconf 83' lang='lat' dir='ltr'>placuerat</span> <span class='ocrx_word' id='word_1_394' title='bbox 1279 2580 1320 2615; x_wconf 86' lang='lat' dir='ltr'>in</span> <span class='ocrx_word' id='word_1_395' title='bbox 1368 2576 1512 2614; x_wconf 87' lang='lat' dir='ltr'>Herod.</span> 
     </span>
     <span class='ocr_line' id='line_1_83' title="bbox 849 2633 1514 2687; baseline 0.003 -18"><span class='ocrx_word' id='word_1_396' title='bbox 849 2633 1061 2684; x_wconf 82' lang='lat' dir='ltr'>Antiphon.</span> <span class='ocrx_word' id='word_1_397' title='bbox 1095 2650 1134 2687; x_wconf 92' lang='lat' dir='ltr'>p.</span> <span class='ocrx_word' id='word_1_398' title='bbox 1158 2637 1249 2681; x_wconf 89' lang='grc'>118,</span> <span class='ocrx_word' id='word_1_399' title='bbox 1271 2634 1324 2675; x_wconf 83' lang='lat'>34</span> <span class='ocrx_word' id='word_1_400' title='bbox 1354 2635 1410 2684; x_wconf 88' lang='lat' dir='ltr'>[p.</span> <span class='ocrx_word' id='word_1_401' title='bbox 1433 2634 1514 2675; x_wconf 79' lang='lat'>646</span> 
     </span>
     <span class='ocr_line' id='line_1_84' title="bbox 850 2687 1514 2742; baseline -0.015 -7"><span class='ocrx_word' id='word_1_402' title='bbox 850 2691 896 2727; x_wconf 78' lang='lat' dir='ltr'>R·</span> <span class='ocrx_word' id='word_1_403' title='bbox 910 2692 995 2730; x_wconf 80' lang='lat'><strong>001¹·</strong></span> <span class='ocrx_word' id='word_1_404' title='bbox 1014 2692 1114 2742; x_wconf 85' lang='lat'>655]</span> <span class='ocrx_word' id='word_1_405' title='bbox 1125 2691 1216 2741; x_wconf 83' lang='grc' dir='ltr'><strong><em>περὶ</em></strong></span> <span class='ocrx_word' id='word_1_406' title='bbox 1231 2706 1302 2741; x_wconf 79' lang='grc' dir='ltr'><strong><em>της</em></strong></span> <span class='ocrx_word' id='word_1_407' title='bbox 1325 2687 1514 2738; x_wconf 70' lang='grc' dir='ltr'><strong><em>εὐδαιιιο-</em></strong></span> 
     </span>
     <span class='ocr_line' id='line_1_85' title="bbox 851 2743 1492 2800; baseline -0.002 -15"><span class='ocrx_word' id='word_1_408' title='bbox 851 2746 941 2793; x_wconf 82' lang='grc' dir='ltr'>νίας</span> <span class='ocrx_word' id='word_1_409' title='bbox 955 2746 1106 2799; x_wconf 82' lang='grc' dir='ltr'><strong><em>τρέμων</em></strong></span> <span class='ocrx_word' id='word_1_410' title='bbox 1120 2764 1175 2800; x_wconf 88' lang='grc' dir='ltr'>μη</span> <span class='ocrx_word' id='word_1_411' title='bbox 1190 2743 1332 2787; x_wconf 61' lang='lat' dir='ltr'>cimon</span> <span class='ocrx_word' id='word_1_412' title='bbox 1326 2747 1492 2799; x_wconf 54' lang='grc' dir='ltr'>ρηθῆἔ*</span> 
     </span>
    </p>
   </div>
   <div class='ocr_carea' id='block_1_12' title="bbox 851 2801 1512 2911">
    <p class='ocr_par' dir='ltr' id='par_1_12' title="bbox 851 2801 1512 2911">
     <span class='ocr_line' id='line_1_86' title="bbox 906 2801 1509 2856; baseline -0.01 -12"><span class='ocrx_word' id='word_1_413' title='bbox 906 2802 1076 2854; x_wconf 84' lang='grc' dir='ltr'><strong><em>ημίονος</em></strong></span> <span class='ocrx_word' id='word_1_414' title='bbox 1093 2801 1169 2856; x_wconf 74' lang='grc' dir='ltr'>γιὶρ</span> <span class='ocrx_word' id='word_1_415' title='bbox 1193 2802 1295 2843; x_wconf 74' lang='grc' dir='ltr'><strong><em>ἔτεκε</em></strong></span> <span class='ocrx_word' id='word_1_416' title='bbox 1318 2801 1509 2853; x_wconf 81' lang='grc' dir='ltr'><strong><em>ημίονον]</em></strong></span> 
     </span>
     <span class='ocr_line' id='line_1_87' title="bbox 851 2858 1512 2911; baseline -0.006 -14"><span class='ocrx_word' id='word_1_417' title='bbox 851 2859 937 2897; x_wconf 78' lang='lat' dir='ltr'>vid.</span> <span class='ocrx_word' id='word_1_418' title='bbox 956 2867 1053 2898; x_wconf 83' lang='lat' dir='ltr'>nott.</span> <span class='ocrx_word' id='word_1_419' title='bbox 1074 2859 1124 2898; x_wconf 90' lang='lat' dir='ltr'>ad</span> <span class='ocrx_word' id='word_1_420' title='bbox 1153 2859 1344 2908; x_wconf 80' lang='lat'>111,153‚</span> <span class='ocrx_word' id='word_1_421' title='bbox 1374 2858 1512 2911; x_wconf 82' lang='lat' dir='ltr'>quibus</span> 
     </span>
    </p>
   </div>
   <div class='ocr_carea' id='block_1_13' title="bbox 1877 2309 1897 3340">
    <p class='ocr_par' dir='ltr' id='par_1_13' title="bbox 1877 2309 1897 3340">
     <span class='ocr_line' id='line_1_88' title="bbox 1877 2309 1897 3340; baseline 0 0"><span class='ocrx_word' id='word_1_422' title='bbox 1877 2309 1897 3340; x_wconf 95' lang='lat' dir='ltr'> </span> 
     </span>
    </p>
   </div>
   <div class='ocr_carea' id='block_1_14' title="bbox 1890 2074 1897 2252">
    <p class='ocr_par' dir='ltr' id='par_1_14' title="bbox 1890 2074 1897 2252">
     <span class='ocr_line' id='line_1_89' title="bbox 1891 2074 1897 2191; baseline 0 -27"><span class='ocrx_word' id='word_1_423' title='bbox 1891 2074 1897 2191; x_wconf 60' lang='grc' dir='ltr'>ξ</span> 
     </span>
     <span class='ocr_line' id='line_1_90' title="bbox 1890 2205 1897 2252; baseline 0 0"><span class='ocrx_word' id='word_1_424' title='bbox 1890 2205 1897 2252; x_wconf 81' lang='grc' dir='ltr'>Ι</span> 
     </span>
    </p>
   </div>
  </div>
 </body>
</html>
