1897 3340
521 260 994 301 POLYMNIA.
1056 259 1154 296 VII.
1383 262 1467 300 453

206 372 284 424 „to'c
313 373 358 416 δὲ
389 371 544 427 σμικρὰ
576 369 706 414 ου’δὲν
735 384 811 423 μιν
839 367 994 418 κνίζεις
1026 365 1133 421 ὁρᾷς
1164 365 1209 408 δὲ
1239 363 1299 415 ὥς
1327 364 1370 415 ἐς
1401 368 1467 408 οἰ-

207 439 406 495 ,,κήματα
443 439 495 482 τὰ
532 437 710 492 μέγιστα
752 435 834 477 αἰεὶ
875 435 946 476 καὶ
983 433 1165 487 δένδρεα
1202 430 1255 475 τοὶ
1284 436 1468 474 τοιαῦτα

206 506 498 563 ,,οἷποσκη’πτει
524 503 577 547 τὰ
597 502 743 557 βέλεας
775 501 913 558 φιλέει
942 502 1026 557 γὰρ
1049 501 1071 546 ὁ
1103 502 1206 553 θεὸς
1225 499 1277 544 τοὶ
1307 499 1467 553 ὑπερέ-
1480 508 1525 540 80

155 583 366 630 14,,χοντα
394 572 534 616 πάντα
564 569 779 614 κολούειν.
825 569 940 613 οὕτω
967 569 1020 624 δὴ
1050 569 1121 612 καὶ
1152 568 1335 622 στρατὸς
1366 573 1469 612 πολ-

149 773 265 807 Marc.
279 769 462 806 Antonin.
484 769 513 816 1,
539 770 589 808 10
610 781 647 818 p.
675 770 699 809 8
718 769 805 805 coll.

147 826 286 864 Athen.
309 827 375 872 XI,
393 828 446 866 39
466 839 502 875 p.
514 823 804 875 240.Schwgh.

146 898 175 920 s.
196 897 232 933 p.
253 882 334 923 470
354 884 425 930 D.,
457 882 523 918 ubi
550 882 735 932 κυμαίνει
758 879 803 922 τό

147 938 266 985 δέπας
284 933 688 987 φανταζόμενος.

199 993 246 1034 τοὶ
268 993 310 1034 δὲ
332 992 476 1046 σμικροὶ
489 990 608 1034 οὐδέν
629 1010 697 1046 μιν
716 994 804 1033 κνί-

144 1053 223 1100 ζει]
273 1053 552 1101 Wesselingius
592 1065 681 1088 cum
711 1053 803 1088 Rei-

141 1122 238 1146 ners.
259 1109 365 1148 Verr.
383 1111 506 1146 Lectt.
528 1110 594 1155 III,
618 1108 642 1149 5
663 1107 804 1145 horum

140 1166 345 1202 verborum
377 1167 453 1203 vim
488 1166 538 1202 ita
566 1166 702 1201 Latine
733 1179 805 1202 ex—

139 1223 253 1273 primi
284 1223 386 1260 vult:
419 1224 552 1259 minora
574 1224 686 1272 ipsum
714 1222 805 1258 nihil

138 1283 289 1327 angunt.
337 1280 420 1324 Quo
441 1280 577 1315 rectius
600 1277 802 1329 Schweig-

138 1333 344 1372 haeuserus
363 1336 525 1373 verbum
555 1336 702 1381 κνίζειν
721 1349 801 1372 non

138 1399 219 1429 tam
237 1405 365 1441 angere
386 1393 562 1443 exponit,
588 1405 704 1444 quam
710 1406 801 1442 pun-

138 1462 242 1498 gere,
272 1450 446 1496 mordere,
486 1451 644 1496 irritare,
667 1450 801 1485 confe-

138 1519 225 1542 rens
242 1495 310 1550 Vs,
331 1508 384 1545 62
406 1506 490 1554 (ubi
510 1505 585 1542 vicl.
616 1506 731 1554 nott.)
763 1513 800 1543 et

139 1563 220 1609 VII,
237 1565 301 1609 12,
323 1563 388 1598 ubi
402 1562 554 1607 eadem,
576 1576 674 1613 quae
696 1561 733 1598 h.
756 1563 795 1609 l.‚

140 1620 285 1656 obtinet
301 1621 419 1656 notio.
441 1620 569 1664 Quum
591 1621 693 1655 euim
709 1632 802 1655 mox

139 1677 242 1712 Deus
272 1676 427 1713 invidere
448 1675 597 1712 dicatur
617 1689 802 1726 arrogan-

139 1733 261 1780 tibus,
292 1733 406 1769 verba
429 1728 547 1771 οὐδέν
578 1748 645 1782 μιν
666 1734 799 1780 κνίζει,

140 1796 184 1826 ut
194 1789 298 1826 idem
309 1790 407 1826 bene
429 1796 584 1826 annotat
598 1788 800 1839 Schweig-

140 1843 357 1893 haeuserus,
368 1846 584 1896 significant
598 1858 608 1882 τ
630 1846 799 1883 invidiam

140 1903 239 1940 illius
280 1900 350 1939 n‘on
397 1906 529 1940 movent
542 1932 572 1948 ,⁴
607 1903 800 1939 vindictam

139 1959 288 1997 eiusdem
304 1961 342 1995 in
365 1972 399 1995 se
416 1973 485 1996 non
506 1962 658 2006 vertunt,
673 1972 800 2010 quau-

138 2015 349 2068 doquidem
369 2017 519 2052 minora
540 2022 639 2064 suut,
670 2029 798 2067 neque

137 2086 250 2123 supra
270 2074 439 2124 ipsorum
450 2080 627 2108 naturam
644 2086 722 2109 sese
739 2079 799 2108 at-

137 2130 270 2167 tollere
310 2128 465 2170 audent,
498 2129 565 2166 Cr.
599 2128 647 2166 de
679 2130 797 2166 verbo

137 2186 284 2233 κνίζειν
311 2184 372 2223 hic
403 2193 597 2237 praeterea
637 2186 802 2222 conferri

138 2243 219 2280 vult
248 2244 377 2293 Ilgen:
421 2242 469 2279 ad
500 2244 799 2281 Hermesianact.

140 2299 178 2335 iu
200 2300 359 2349 Opuscc.
382 2298 528 2349 philon.
551 2302 567 2335 Ι
587 2312 673 2350 pag.
702 2299 798 2340 295.

194 2352 242 2393 τὰ
271 2358 433 2394 τοιαῦτα
470 2352 716 2406 ἀποσκήπτει
752 2354 799 2394 τοὶ

142 2408 283 2461 βέλεα]
328 2412 542 2448 Articulum
574 2410 620 2450 τα’
634 2442 643 2460 ,
681 2426 797 2464 quem

143 2473 229 2502 ante
251 2465 362 2516 βέλεα
383 2465 455 2515 (de
487 2481 561 2517 qua
580 2482 674 2506 voce
696 2470 796 2507 conf.

142 2529 237 2558 nott.
268 2521 316 2557 ad
353 2522 417 2569 IV,
461 2524 540 2573 79)
593 2526 798 2562 omiserant

142 2577 337 2616 Schaefer.
372 2585 408 2614 et
440 2578 589 2627 Manli„
619 2581 799 2632 equidem

143 2648 232 2671 cum
249 2633 485 2684 Scliweigh.⁷
503 2636 618 2672 Gaisf.
641 2644 677 2673 et
688 2636 797 2673 Bek-

144 2690 224 2729 ker.
249 2692 297 2728 ob
308 2692 510 2727 meliomun
524 2692 707 2728 librorum
727 2705 797 2729 au-

141 2748 353 2784 ctoritatem
374 2748 522 2787 retinui.
564 2745 612 2785 τοὶ
634 2750 798 2787 τοιαῦτα

141 2804 329 2850 (eiusmodi
344 2804 499 2853 arbores)
530 2817 618 2840 cum
642 2805 679 2840 vi
701 2817 798 2855 qua-

141 2858 230 2896 dam
242 2859 329 2908 dici,
341 2867 384 2897 ut
393 2860 651 2910 intelligantur
659 2857 706 2899 τοὶ
727 2859 799 2910 μέ-

865 779 988 818 γιστα,
1001 779 1117 803 nemo
1127 778 1205 803 non
1220 767 1344 804 sentit.
1369 764 1429 802 Ad
1443 780 1523 802 ver-

862 825 957 861 bum
988 818 1260 873 ἀποσκήπτειν
1282 822 1330 859 de
1348 823 1524 858 fulmini-

862 882 943 928 bus,
959 893 1055 932 quae
1068 880 1220 927 feriunt,
1253 879 1397 916 dictum
1419 892 1525 916 com-

859 937 976 975 mode
1011 938 1128 974 citant
1165 935 1347 986 Sophocl.
1379 935 1524 973 Trach.

863 997 982 1042 1103,
1004 995 1070 1030 ubi
1092 989 1425 1044 ε’γκατασκήπτειν
1456 991 1523 1043 βέ-

859 1053 938 1097 λος.
980 1052 1045 1088 Tu
1066 1049 1142 1087 vid.
1166 1051 1196 1095 I,
1220 1050 1299 1089 105
1320 1050 1409 1100 ibiq.
1427 1056 1522 1086 nott.

859 1108 922 1153 IV,
950 1109 1004 1147 79
1037 1114 1074 1143 et
1109 1107 1210 1143 conf.
1232 1102 1523 1153 κατασκήπτειν

859 1163 940 1211 VII,
959 1162 1190 1204 134—137.
1211 1163 1309 1210 VIII,
1331 1162 1395 1202 65.
1418 1164 1524 1199 Pau-

860 1234 940 1259 san.
962 1222 1028 1268 111,
1053 1222 1105 1260 12
1128 1221 1164 1265 ξ.
1189 1222 1227 1259 6.
1284 1221 1461 1270 Namque
1474 1219 1523 1256 ad

860 1279 933 1314 alia
955 1290 1107 1328 quoque
1120 1276 1207 1313 dein
1221 1276 1442 1312 transfertur
1451 1289 1523 1313 vo-

861 1335 983 1371 cabuli
1006 1333 1117 1370 huius
1137 1335 1194 1371 vis
1223 1346 1266 1370 ac
1286 1340 1465 1384 potestas.

916 1389 1042 1441 φιλέει
1060 1387 1134 1442 γάρ
1153 1389 1176 1430 ὁ
1195 1387 1290 1437 θεὸς
1312 1386 1359 1428 τοὶ
1378 1387 1523 1439 ὖπερέ-

858 1462 978 1499 χοντα
1012 1445 1145 1485 πάντα
1176 1443 1386 1494 κολούειν]
1419 1446 1525 1496 „Qui

857 1506 1021 1555 superbos
1038 1505 1196 1553 sequitur
1214 1504 1313 1540 ultor
1333 1502 1437 1550 deus,
1458 1516 1523 1540 so-

858 1562 911 1597 let
932 1559 1024 1607 τοῦς
1037 1556 1448 1612 μεγαληγορήσαντας,
1466 1558 1522 1605 οἷς

858 1621 994 1656 πλεῖον
1015 1619 1291 1668 φρονοῦντας,
1322 1618 1521 1655 ταπεινῶ-

858 1686 935 1722 σαι,
949 1681 991 1710 ut
1011 1675 1179 1725 loquitur
1190 1671 1372 1723 Xenoph.
1393 1673 1519 1711 Anab.

856 1732 918 1777 VI,
945 1734 963 1770 1
985 1732 1019 1776 ξ.
1045 1733 1095 1770 18
1114 1729 1191 1768 vid.
1214 1729 1393 1780 AeschyI.
1415 1731 1520 1766 Pers.

857 1789 980 1828 829.“
1007 1787 1152 1824 Valck
1166 1800 1227 1825 en.
1258 1786 1320 1823 Ad
1341 1785 1521 1838 Aeschyli

856 1842 960 1880 huuc
983 1845 1112 1881 locum
1134 1843 1215 1893 (vs.
1239 1843 1344 1894 832)
1375 1843 1520 1884 Blomfi

855 1901 894 1936 in
917 1902 1082 1937 Glossar.
1112 1901 1346 1937 simillimam
1366 1900 1522 1950 Euripi-

856 1956 912 1993 dis
944 1958 1172 1994 senteutiam
1203 1957 1343 1992 excitat
1367 1958 1407 1992 in
1439 1958 1522 1992 He·-

855 2015 945 2050 racl.
969 2017 1064 2055 388.
1121 2014 1333 2050 Coniuncta
1353 2020 1440 2050 sunt
1460 2020 1521 2049 ta-

856 2071 905 2106 lia
934 2084 1023 2107 cum
1054 2069 1239 2107 Herodoti
1267 2071 1454 2106 sententia
1473 2068 1520 2106 de

858 2127 1018 2163 deorum
1038 2126 1192 2175 invidia,
1225 2127 1331 2163 cuius
1351 2140 1444 2162 mox
1463 2127 1520 2162 in-

856 2185 981 2220 iicitur
1019 2185 1188 2231 mentio,
1238 2182 1285 2219 de
1326 2196 1401 2234 qua
1436 2182 1515 2219 vid.

856 2248 950 2277 nott.
993 2240 1041 2277 ad
1080 2242 1109 2288 Ι,
1140 2243 1205 2281 32.
1234 2241 1300 2287 III,
1336 2239 1390 2279 40
1431 2240 1519 2276 coll.

856 2297 1115 2334 Hoffmeister.
1145 2298 1170 2333 l.
1191 2298 1217 2333 l.
1238 2311 1277 2347 p.
1299 2299 1366 2337 29.
1396 2298 1519 2332 Nam—

858 2368 932 2406 que
946 2385 955 2402 ,
1005 2362 1047 2391 ut
1082 2355 1132 2391 ait
1171 2355 1316 2404 laeger.
1353 2355 1519 2404 Disputt.

857 2410 1026 2450 Herodd.
1050 2424 1138 2461 pag.
1159 2409 1225 2457 41,
1257 2411 1356 2447 vitae
1376 2409 1518 2447 huma-

853 2482 928 2504 nae
959 2482 1008 2505 ex
1042 2466 1228 2504 Herodoti
1257 2474 1387 2504 mente
1415 2472 1518 2503 certa

855 2524 1039 2562 destinata
1069 2531 1124 2561 est
1151 2522 1317 2561 conditio
1338 2531 1375 2560 et
1395 2523 1517 2560 felici-

853 2583 938 2618 tatis
971 2580 1129 2633 quidam
1147 2579 1308 2628 modus,
1343 2593 1419 2633 quo
1441 2579 1516 2616 hu—

854 2651 969 2674 mana
989 2637 1127 2675 distant
1142 2651 1163 2673 a
1184 2637 1332 2674 divinis.
1391 2638 1515 2682 Quam

853 2707 982 2730 rerum
1001 2693 1258 2730 humanarum
1269 2701 1411 2730 sortem
1423 2692 1516 2728 deus

854 2756 964 2787 tuens
993 2758 1107 2802 atque
1137 2763 1314 2797 servans,
1345 2748 1517 2799 reprimit

855 2804 1058 2843 hominum
1077 2813 1234 2843 conatus
1245 2807 1343 2842 ultra
1355 2803 1517 2840 modum

854 2875 934 2899 sese
955 2862 1149 2901 efferendi.
1209 2864 1308 2898 Hinc
1336 2861 1399 2897 illa
1421 2858 1516 2896 deo-

1890 0 1897 149 ..-,-·-.

1880 1696 1897 1707 3
1881 1540 1897 1681 lim

1876 1855 1897 2086 ς
