1897 3340
83 868 168 897 Unde
196 870 354 904 pecuniam

83 902 280 929 Athenienses
297 904 336 930 ad

122 944 173 962 ves
199 936 349 963 sabi-Icau-

81 969 135 997 das
150 970 320 997 sumserint.

403 229 491 269 656

802 229 1262 267 HERODOTI

386 335 820 390 4παρασκευάζεσθαι
869 332 931 380 ὦν
981 334 1144 388 αὐτούς
1203 335 1263 387 ὥς
1310 335 1726 393 ναυμαχήσονταςδο

385 402 715 458 δσυνεβούλευε,
747 404 804 455 ὠς
834 404 994 448 τούτου
1024 404 1171 455 ἐόντος
1199 407 1281 447 τοῦ
1303 405 1481 454 ξυλίνου
1505 405 1671 459 τείχεος.

418 472 563 527 Ταύτῃ
591 471 898 525 Θεμιστοκλέος
919 470 1293 527 ἀποφαινομένου,
1324 469 1548 527 Ἀθηναῖοι
1566 475 1671 514 ταῦ-

414 536 465 581 τά
494 550 571 594 σφι
602 539 795 592 ἔγνωσαν
827 539 1085 594 αἱρετώτερα
1113 538 1224 582 εἶναι
1255 543 1421 594 μᾶλλον
1450 538 1479 595 ἢ
1510 540 1562 582 τοὶ
1584 543 1672 582 τῶν

413 604 743 661 χρησμολόγων.
775 607 817 647 οἳ
847 603 928 648 οὐκ
959 607 1042 649 ἔων
1071 608 1316 662 ναυμαχίην
1347 605 1593 660 ἀρτέεσθαι,
1624 606 1728 650 τὸ35

413 673 458 716 δὲ
501 671 677 726 σύμπαν
717 669 851 724 εἶναι,
897 671 1000 716 ου’ὂὲ
1038 678 1182 728 χεῖρας
1212 675 1533 728 ἀνταείρεσθαι,
1563 672 1670 717 ἀλλὰ

411 739 666 789 ἐκλιπόντας
707 738 855 795 χώρην
893 738 973 793 τήν
1002 737 1223 794 Ἀττικήν,
1263 741 1397 798 ἄλλην
1426 741 1525 785 τινα
1566 743 1687 785 οἰκί-,

411 811 508 860 ζειν.
562 805 718 861 ”Ετε’ρη
748 823 791 850 τε
826 806 1102 862 Θεμιστοκλέι·
1127 807 1279 864 γνώμη
1320 810 1540 864 ἔμπροσθε
1569 807 1670 851 ταύ-

409 891 485 929 της
523 873 566 925 ἐς
609 873 764 927 καιρόν
792 872 1030 929 ἠρίστευσε.

1092 873 1162 917 ὅτε
1198 873 1466 931 Ἀθηναίοισι
1495 875 1671 931 γενομέ-

411 957 501 984 νων
537 940 768 998 χρημάτων
807 941 1007 997 μεγάλων
1049 941 1096 984 ἐν
1134 945 1194 999 τῷ
1224 947 1383 1000 κοινῷ,
1420 943 1472 986 τὰ
1508 943 1555 986 ἐκ
1582 945 1671 985 τῶν

412 1007 634 1064 μετάλλων
705 1020 785 1065 σφι
853 1012 1076 1065 προσῆλθε
1130 1013 1219 1052 τῶν
1283 1008 1368 1053 ἀπὸ
1427 1011 1727 1065 Λαυρείου,4ο

356 1192 419 1230 Gr.
443 1193 477 1238 ξ.
500 1195 552 1233 78
568 1207 656 1244 pag.
671 1196 764 1235 176.
780 1216 831 1221 —-
851 1195 896 1230 Iu
907 1206 1012 1245 seqq.

323 1265 325 1269 ·
355 1249 452 1287 bene
472 1256 599 1286 tuetur
626 1251 856 1300 VVesseling.
877 1263 1012 1288 vocem

354 1308 503 1356 μᾶλλον
537 1314 620 1356 post
660 1302 895 1359 αἱρετώτερα
916 1307 1011 1342 'illa-

353 1369 432 1398 tam
453 1363 547 1398 etin
576 1362 723 1400 duobus
754 1362 864 1402 codd.
893 1364 1012 1400 omis-

353 1431 447 1458 sam.
479 1419 625 1456 Similia
641 1427 789 1457 exstant
807 1421 836 1467 Ι,
858 1422 922 1469 32,
943 1420 1011 1455 ubi

353 1474 451 1512 conf.
478 1476 588 1512 citata
610 1478 678 1525 IX,
701 1479 740 1518 7.
761 1475 940 1528 Aeschyl.
964 1476 1008 1517 S.

354 1544 388 1569 ο.
411 1529 486 1567 Th.
509 1535 604 1572 679.

410 1588 448 1626 οἳ
462 1583 533 1626 οὐκ
555 1587 631 1627 ἔων
650 1604 688 1627 κ.
703 1602 734 1628 τ.
750 1589 803 1637 λ.]
835 1587 897 1625 Ad
909 1595 1011 1625 stru-

352 1649 499 1681 cturam
530 1645 603 1681 loci
623 1645 694 1682 vid.
718 1646 797 1692 VII,
822 1645 900 1685 104
920 1645 1010 1696 ibiq.

351 1698 568 1739 Matth.G1-.
587 1702 652 1739 Gr.
677 1714 762 1752 pag.
789 1703 894 1741 1306
912 1730 921 1748 ,
945 1702 1010 1752 qui

352 1755 455 1793 idem
483 1770 569 1807 pag.
603 1760 706 1799 1071
742 1759 776 1803 ξ.
799 1756 892 1804 545,
924 1758 1009 1794 coll.

352 1814 458 1851 Reiz,
481 1813 527 1850 ad
543 1815 663 1864 Viger.
678 1828 716 1865 p.
727 1814 823 1859 752,
835 1813 1008 1850 videatur

353 1868 524 1906 adverba
544 1867 586 1909 τὸ
607 1866 770 1921 σύμπαν
788 1867 905 1910 εἶναι.
933 1871 1008 1907 Pro

352 1926 576 1976 ναυμαχίην
597 1921 804 1977 ἀρτέεσθαι
822 1924 890 1980 (ad
907 1939 1008 1977 proe-

352 1982 438 2018 lium
453 1983 578 2019 navale
602 1997 635 2020 se
652 1997 806 2033 parare,
841 1985 1009 2032 accinge-

353 2038 420 2086 re)
450 2040 584 2075 Nostro
605 2041 766 2076 scribere
788 2053 941 2091 quoque
961 2040 1010 2075 li-

353 2095 471 2131 cuisse
493 2095 530 2141 ἐς
556 2096 778 2147 ναυμαχίην
799 2092 1010 2146 ἀρτέεσθαι

351 2158 437 2200 apte
467 2152 638 2188 observat
667 2151 1010 2202 Schweighaeuse-

350 2218 411 2242 rus
441 2209 640 2257 respiciens
662 2208 709 2245 ad
732 2208 830 2255 VIII,
857 2210 921 2254 97,
942 2208 1008 2244 ubi

349 2261 510 2310 legimus
541 2259 691 2313 ἀρτέετο
731 2263 780 2309 ἐς
818 2259 1005 2312 πόλεμον,

349 2318 435 2354 coll.
460 2318 502 2364 V,
525 2321 596 2364 20,
627 2320 690 2355 ubi
710 2320 920 2369 simplicem
942 2320 1004 2354 in-

349 2372 537 2409 finitivum
568 2373 654 2410 huic
671 2376 785 2412 verbo
807 2374 1002 2421 adstruxit,

350 2429 676 2480 quemadmodum
698 2431 810 2467 verbo
843 2427 1006 2481 ἀναρτέ-

353 2489 467 2524 εσθαι
496 2486 578 2530 VII,
613 2489 637 2527 8
667 2488 703 2531 ξ.
734 2490 771 2526 3.
799 2487 859 2532 Vl,
892 2488 1003 2534 88.I,

351 2542 418 2582 90.
476 2544 596 2592 Magis
631 2541 704 2578 liuc
733 2544 821 2579 sac-it
850 2544 917 2591 lx,
949 2546 1002 2583 29

351 2599 431 2645 ποῖς
451 2613 508 2645 τις
524 2594 749 2651 παρήρτητο
772 2597 827 2646 ὥς
849 2599 897 2646 ἐς
928 2596 1005 2639 πό-

351 2656 484 2706 λεμον.

535 2744 627 2795 cap.
653 2744 818 2781 CXLIV.

401 2820 533 2876 Ἑτέρη
547 2838 586 2864 τε
598 2821 854 2874 Θεμιστοκλέι·
862 2819 1001 2875 γνώμη

1069 1207 1107 1231 κ.
1117 1207 1151 1234 τ.
1171 1193 1225 1241 λ.]
1237 1193 1364 1230 Altera
1377 1206 1510 1244 quoque
1538 1194 1728 1232 Themisto.

1068 1249 1133 1286 clz's
1160 1251 1332 1287 sententia
1354 1250 1408 1288 vel
1430 1255 1514 1288 ante
1533 1251 1620 1289 lcaec
1651 1251 1731 1289 ecli-

1068 1309 1108 1342 ta
1137 1310 1326 1356 opportune
1355 1309 1489 1344 vicerat
1531 1310 1729 1358 optimaque

1066 1361 1228 1399 iudicata
1252 1366 1342 1400 erat.
1399 1362 1547 1400 Accidit
1567 1363 1639 1402 hoc
1660 1376 1727 1400 an-

1066 1431 1117 1454 no
1147 1418 1228 1459 493
1261 1432 1295 1456 a.
1324 1418 1412 1456 Chr.
1442 1433 1481 1459 n.
1512 1433 1542 1457 5.
1573 1421 1728 1472 Olymp-

1066 1475 1207 1522 LXXI,
1240 1473 1289 1523 4,
1336 1477 1454 1513 tribus
1495 1478 1601 1515 annis
1640 1483 1728 1514 aute

1066 1530 1349 1568 Marathoniam
1387 1545 1569 1583 pugnam,
1609 1545 1728 1586 quam

1066 1588 1106 1623 in
1135 1590 1287 1624 'anuum
1317 1588 1400 1628 490
1430 1601 1464 1628 a.
1496 1588 1584 1627 Chr.
1613 1603 1654 1627 n.
1692 1603 1725 1628 s-

1069 1644 1220 1695 Olymp.
1242 1646 1398 1691 LXXII,
1421 1648 1444 1686 3
1476 1644 1612 1682 cadere
1633 1658 1725 1683 con-

1067 1707 1152 1737 stat.
1184 1702 1337 1737 Bellum
1357 1702 1635 1751 Aegineticum,
1657 1715 1726 1739 cu-

1066 1757 1123 1793 ius
1142 1769 1235 1794 mox
1255 1758 1296 1794 fit
1314 1759 1476 1802 mentio,
1497 1758 1656 1795 refertur
1676 1756 1725 1796 ad

1067 1826 1211 1849 anuum
1223 1813 1301 1854 491
1316 1826 1350 1850 a.
1364 1812 1451 1851 Chr.
1464 1827 1502 1850 u.
1525 1827 1554 1851 s.
1571 1815 1724 1866 Olymp.

1065 1871 1224 1918 LXXII,
1249 1873 1285 1909 1.
1318 1870 1427 1907 Cous.
1449 1869 1723 1909 Wachsmuth.

1065 1928 1214 1963 Hellen.
1235 1925 1514 1964 Alterlhumsk.
1533 1929 1563 1975 I,
1586 1930 1613 1969 2
1632 1940 1722 1978 pag.

1065 1982 1159 2030 474,
1180 1985 1227 2029 II,
1251 1985 1269 2022 1
1294 1996 1381 2033 pag.
1403 1984 1499 2024 530.

1122 2038 1164 2078 ἐν
1197 2041 1252 2093 τῷ
1292 2040 1451 2094 κοινῷ]
1496 2038 1595 2074 Male
1629 2038 1722 2076 olim

1065 2093 1107 2133 ἐκ
1129 2098 1208 2134 τῶν
1227 2097 1386 2134 κοινῶν.
1417 2096 1524 2130 Bene
1538 2092 1720 2146 Thucyd.

1063 2152 1092 2197 I,
1125 2154 1178 2191 30
1211 2163 1233 2186 a
1264 2151 1425 2188 wessel.
1463 2150 1645 2187 excitatus
1675 2150 1720 2190 ἐν

1063 2208 1119 2259 τῷ
1141 2208 1288 2259 κοινῷ,
1323 2207 1388 2242 ubi
1405 2204 1627 2243 Scholium:
1650 2222 1720 2245 τα-

1063 2262 1158 2314 μείῳ
1171 2258 1352 2311 δηλονότι
1369 2265 1423 2311 (in
1435 2264 1606 2309 aerario).
1627 2263 1719 2300 Plu-

1061 2330 1100 2353 ra
1132 2318 1266 2355 Lamb.
1298 2320 1386 2355 Bos.
1416 2320 1474 2354 De
1504 2319 1651 2369 Ellipss.
1671 2321 1719 2358 L.

1061 2375 1126 2410 Gr.
1156 2388 1244 2424 pag.
1279 2374 1385 2422 461,
1414 2375 1542 2426 ibique
1575 2375 1719 2413 Herod.

1060 2431 1127 2478 IX,
1147 2433 1213 2471 87.
1271 2430 1332 2467 Ad
1361 2432 1520 2468 verbum
1540 2433 1718 2484 προσῆλ-

1059 2489 1111 2525 θε
1139 2487 1236 2524 conf.
1260 2488 1371 2524 citata
1392 2487 1439 2525 ad
1459 2488 1505 2536 V,
1531 2490 1595 2528 17.

1115 2545 1193 2581 τῶν
1215 2538 1293 2583 ἀπό
1312 2544 1544 2595 Λαυρείου]
1565 2545 1715 2594 Exspe-

1062 2600 1186 2636 clabes
1216 2598 1258 2638 ἐν
1276 2601 1475 2654 Λαυρείῳ.
1524 2599 1602 2637 Sed
1635 2599 1713 2637 vid.

1061 2654 1254 2694 Schaefer.
1268 2657 1449 2707 Apparat.
1465 2654 1712 2696 Demosthen.

1059 2712 1175 2749 Tom.
1196 2713 1247 2749 IV
1267 2725 1303 2763 p.
1330 2715 1484 2752 119.—
1502 2713 1588 2749 Duo
1599 2711 1711 2751 codd.

1057 2768 1252 2820 Ααυρίου.
1316 2769 1462 2805 Dicitur
1509 2769 1612 2804 enim
1650 2769 1713 2806 vel

1057 2821 1263 2877 Λαύρειον
1282 2824 1343 2865 vel
1353 2819 1550 2877 Λαύριον,
1570 2825 1630 2864 vel
1640 2823 1711 2862 ad-
