1897 3340
413 186 1069 230 TEnPslcuoRE.
1130 186 1174 222 Υ.

163 320 277 359 ματα
303 306 465 352 ταῦτα,
494 315 555 350 ως
585 297 811 352 σφετέρων
841 293 982 348 ξύλων
1011 293 1161 345 ἐόντα,
1191 292 1429 346 ἐπειρῶντο
1486 304 1568 331 malo
1552 313 1614 365 “i‘'
1616 306 1669 336 «ιι
1692 311 1722 334 uc

163 372 209 415 ἐκ
238 375 328 415 τῶν
355 368 541 426 βάθρων
571 365 842 416 ἐξανασπᾶν.
882 365 956 406 ἵνα
984 363 1100 416 σφέα
1129 360 1185 405 ἄν
1187 362 1429 417 ακομίσων-

309 437 364 482 οὕ
402 433 679 489 δυναμένους
715 433 763 476 δὲ
806 431 947 488 τούτῳ
985 434 1047 488 τῷ
1091 429 1239 488 τρόπω
1282 427 1429 472 αὐτῶν

131 447 153 480 ‘2
168 457 254 484 ται.

1348 186 1429 226 15Ί

160 509 387 561 κρατῆσαι,
413 499 731 556 περιβαλόντας
760 501 932 555 σχοινία
956 498 1098 543 ἕλκειν
1117 497 1170 541 τὰ
1190 495 1427 553 ἀγάλματα.

133 575 242 618 3καί
269 584 350 627 σφι
380 571 575 617 ἕλκουσι,
605 566 800 626 βροντήν
828 584 895 620 τε,
935 567 1006 611 καὶ
1039 566 1128 622 ἅμα
1163 569 1218 621 τῇ
1256 567 1424 622 βροντῇ
1482 579 1564 621 415

161 637 340 695 σεισμὸν
367 637 663 694 ἐπιγενέσθαι·
697 636 804 688 τούς
830 636 877 680 δὲ
898 637 1119 692 τριηρίτας
1144 632 1252 684 τούς
1282 633 1484 676 &nov-35

159 725 255 760 τας,
285 706 374 753 ὑπὸ
404 706 596 750 τουτέων
617 704 972 760 ἀλλοφρονῆσαι·
1001 702 1228 753 παθόντας
1258 701 1304 746 δὲ
1324 704 1428 744 τοῦ·

159 793 232 827 το,
260 777 445 820 κτείνειν
475 771 690 830 ἀλλήλους
720 773 794 817 ἅτε
823 773 1084 828 πολεμίους,
1115 770 1158 822 ἐς
1187 769 1214 814 ὃ
1242 769 1289 814 ἐκ
1318 768 1428 813 πᾶν·

101 995 205 1050 quod
246 997 416 1049 pluribus
447 997 760 1034 commonstravit

102 1052 468 1105 Schweighaeuser..
481 1052 543 1090 hic
558 1054 762 1105 praeterire

101 1112 326 1155 maiuimus3
358 1123 595 1163 quamquam
618 1112 762 1147 mirum

101 1181 212 1216 sane,
244 1170 310 1221 qui
346 1169 511 1213 facttun,
552 1175 593 1205 ut
623 1169 662 1204 in
691 1168 762 1205 illis

101 1226 204 1263 libris
240 1232 459 1277 compareat
500 1226 643 1274 πειρᾶν
692 1237 762 1276 pro

101 1282 395 1332 ἐπειρῶντο.-
415 1283 508 1319 Mox
519 1277 652 1320 αὐτῶν
668 1283 762 1318 scri-

101 1340 158 1391 psi
197 1352 265 1390 pro
286 1333 454 1377 αιῖτέων.
493 1359 548 1366 —
591 1338 761 1374 Verbum

103 1394 370 1448 ἐπιγενέσθαι,
396 1408 472 1448 quo
494 1396 532 1431 in
553 1408 658 1447 seqq.
681 1397 763 1431 No·-

101 1460 177 1490 ster
203 1453 341 1500 utitur,
373 1451 421 1489 de
448 1453 492 1489 iis
523 1451 620 1498 dici,
662 1464 762 1503 quae

100 1510 225 1547 subito
246 1515 283 1546 et
302 1510 561 1560 inexspectato
577 1509 686 1546 nobis
697 1510 761 1544 in-

100 1579 237 1618 gruere
267 1572 382 1618 atque
414 1564 586 1602 accidere
623 1565 759 1611 solent,

101 1621 306 1660 ostendunt
345 1622 409 1659 alii
443 1622 540 1670 loci,
585 1629 627 1659 ut
654 1622 760 1666 Vm,

103 1682 167 1721 13.
198 1681 265 1721 37.
286 1681 353 1720 70.

153 1733 251 1775 ν”πὸ
280 1731 479 1774 τούτων
512 1730 761 1786 ἀλλοφρονῆ-

100 1793 191 1841 σαι]
223 1789 304 1832 ahto*
317 1787 472 1832 τούτων
491 1793 561 1840 (ita
583 1791 670 1830 dedi
691 1805 760 1843 pro

97 1848 282 1895 τουτέων,
315 1850 339 1886 i.
362 1862 396 1886 e.
425 1849 472 1886 ab
497 1863 526 1887 s.
548 1862 638 1899 prae
669 1849 758 1892 iltis)

98 1907 179 1944 noli
217 1912 367 1943 mutare
405 1906 445 1943 in
485 1902 563 1945 α’πὸ
608 1903 760 1946 τούτων

97 1963 323 2015 (propterea)
353 1969 395 1999 ut
423 1963 543 2000 voluit
574 1962 760 2001 Valcken.

99 2022 218 2058 citans
246 2021 298 2065 11,
331 2019 427 2060 175.
454 2021 524 2067 IX,
559 2021 628 2061 72.
658 2021 758 2066 VIII,

99 2077 167 2119 85.
213 2077 278 2114 Tu
299 2075 387 2113 vide
406 2076 452 2122 V,
469 2080 544 2123 613
574 2075 677 2114 unde
697 2091 761 2115 sa-

101 2134 149 2170 tis
169 2134 329 2185 perspici
347 2140 469 2186 potest
488 2134 544 2171 vis
562 2136 760 2186 praeposi-

99 2191 211 2228 tionis
231 2187 313 2230 ύπό
328 2219 339 2238 ,
369 2203 468 2242 qnae
497 2203 652 2228 causam
673 2191 761 2228 effi-

99 2247 265 2284 cientem
283 2248 322 2283 in
344 2247 480 2285 talibus
501 2247 669 2285 indicare
694 2262 760 2287 so-

98 2303 163 2341 let.
240 2304 409 2341 verbum
462 2304 761 2356 ἀλλοφρονῆσαι

100 2358 272 2397 Eustath.
313 2360 362 2397 ad
392 2359 526 2412 Odyss.
567 2375 605 2413 p.
638 2365 760 2409 1661,

101 2415 154 2456 44
173 2430 204 2453 s.
235 2416 330 2462 401,
360 2417 414 2458 44
443 2420 600 2469 exponit
630 2421 763 2469 μανῆ-

104 2485 170 2511 ναι
186 2468 476 2521 ἆλλοιωθὲντας
498 2490 572 2525 την
604 2471 761 2526 φρόνη-

106 2538 182 2575 σιν,
211 2536 253 2566 nt
273 2531 424 2567 monuit
448 2532 683 2582 wesseling.
703 2533 760 2570 oi-

105 2589 187 2621 tans
206 2585 362 2623 Homer.
378 2587 422 2624 11.
442 2588 586 2634 xxm,
607 2589 688 2629 698
710 2596 759 2637 et,

106 2639 171 2676 ubi
191 2641 263 2678 aiio
282 2655 394 2680 sensu
414 2642 488 2681 hoc
508 2645 669 2682 verbum
702 2659 762 2683 re-

105 2696 258 2746 peritur,
277 2699 419 2737 Herod.
429 2701 509 2747 vn,
521 2701 615 2742 205.
627 2699 765 2741 Theo-

105 2752 187 2788 crit.
206 2751 264 2791 ld.
282 2755 409 2801 XXII,
435 2759 525 2798 129.
538 2778 593 2785 —
612 2756 765 2796 AdHe-

107 2807 230 2845 rodoti
293 2813 549 2850 narrationem
623 2815 765 2854 similes

818 993 1008 1048 quaedam
1039 1007 1060 1031 a
1092 995 1135 1033 C.
1165 994 1213 1031 Ο.
1242 991 1404 1028 Miillero
1442 990 1482 1027 in

819 1054 1009 1103 Aeginett.
1037 1064 1127 1103 pag.
1148 1054 1198 1092 71
1233 1050 1368 1086 allatae
1393 1061 1483 1099 per-

818 1112 942 1147 tinent
972 1110 1124 1146 fabulae
1157 1107 1205 1145 de
1229 1107 1358 1144 surore
1386 1119 1483 1142 con-

819 1168 955 1218 spectis
974 1165 1197 1203 numinibus
1225 1171 1359 1200 exorto
1380 1161 1482 1213 apud

820 1226 986 1261 Pausan.
1014 1225 1043 1267 Ι,
1079 1225 1142 1269 18,
1174 1225 1212 1263 2.
1245 1222 1321 1266 111,
1356 1223 1420 1265 16,
1444 1222 1483 1260 6.

818 1281 999 1326 V11‚19;
1031 1281 1203 1331 itemque
1251 1275 1483 1314 Macedones

819 1339 961 1374 tonitru
997 1336 1044 1374 ad
1089 1336 1276 1373 insaniam
1307 1332 1482 1384 perducti

819 1407 909 1432 cum
932 1395 1154 1431 Cabirorum
1192 1391 1483 1442 ingrederentur

818 1452 1020 1502 tempium,
1043 1457 1137 1488 teste
1157 1447 1295 1486 eodem
1315 1449 1481 1486 Pausau.

818 1509 977 1553 1x‚27
1008 1508 1044 1552 ξ.
1076 1509 1117 1547 7.
1174 1507 1232 1542 De
1263 1506 1400 1557 quibus
1430 1505 1483 1541 ita

817 1564 1109 1602 statuitMiilier.
1132 1563 1157 1600 l.
1170 1564 1195 1600 1.
1217 1576 1255 1613 p.
1266 1566 1343 1603 71:
1376 1562 1484 1604 Ae·-

817 1622 982 1673 ginetica
1024 1628 1154 1657 autem
1192 1619 1358 1656 narratio
1397 1619 1484 1669 opi-

818 1680 925 1716 nioni
963 1675 1119 1722 insistit,
1160 1675 1321 1713 deorum
1359 1671 1482 1723 ξόανα

818 1738 1039 1787 praesertim
1071 1735 1159 1771 artis
1197 1734 1483 1785 antiquissimae

817 1806 932 1844 opera
952 1794 1032 1829 vim
1063 1789 1274 1829 adhibitam
1303 1790 1482 1826 reformi-

817 1848 949 1886 dantes
967 1849 1205 1886 vohintatem
1227 1849 1342 1884 etiam
1362 1847 1482 1896 gesti-

817 1907 887 1944 bus
907 1905 1134 1956 significare.
1175 1905 1241 1942 Sic
1264 1903 1420 1956 quidem
1440 1903 1481 1939 in

815 1976 944 2014 genua
974 1964 1143 2014 proiecta
1175 1961 1334 1998 dearum
1371 1961 1481 2011 signa

815 2022 931 2058 etiam
969 2018 1154 2057 Herodoti
1192 2025 1229 2056 et
1268 2018 1482 2055 Pausaniae

815 2084 988 2129 tempore
1022 2077 1314 2114 cernebantur.“
1372 2075 1481 2112 Tum

817 2133 943 2172 adiicit
965 2135 1153 2178 fabulam,
1183 2146 1301 2185 quam
1332 2129 1479 2170 Athen.

816 2192 902 2233 XV.
936 2193 986 2231 12
1011 2205 1050 2243 p.
1081 2193 1164 2231 672
1192 2191 1238 2227 Β.
1268 2190 1480 2226 memoriae

816 2247 1008 2300 prodidit,
1040 2246 1264 2299 Tyrrhenos
1286 2247 1333 2283 ab
1362 2247 1482 2296 Argi-

816 2307 872 2343 vis
909 2312 1106 2356 corruptos
1140 2306 1294 2355 signum
1322 2303 1482 2340 Iunonis

817 2363 972 2400 Samiae
992 2375 1042 2399 ex
1058 2363 1206 2399 Heraeo
1222 2362 1401 2412 rapuisse.
1418 2373 1481 2396 re-

816 2420 984 2456 luctante
1014 2426 1144 2456 autem
1184 2417 1256 2455 dea
1285 2417 1335 2455 ad
1365 2429 1480 2454 naves

815 2474 1034 2528 pertrahere.
1049 2489 1129 2512 non
1144 2476 1329 2521 valuisse3
1350 2487 1394 2511 ac
1410 2472 1481 2510 de-

1487 345 1573 364 tam
1635 341 1742 368 occisi.

1439 348 1624 402 30mondon

1487 414 1602 442 spese-x
1592 382 1722 435 indus-w

814 2534 933 2586 nique
952 2534 1004 2570 ita
1014 2531 1209 2570 conciudit
1227 2532 1478 2570 sententiam:
1517 2552 1520 2557 ·

817 2591 886 2638 „Si
925 2589 1018 2642 quid
1050 2603 1098 2627 ex
1137 2589 1274 2626 sabulis
1313 2587 1482 2625 historici

818 2648 1003 2684 extricare
1022 2645 1163 2693 studes,
1182 2646 1328 2683 iuvabit
1347 2651 1384 2681 te
1394 2645 1479 2680 Du-

819 2705 896 2741 rius
917 2704 1070 2741 Samius
1090 2705 1129 2740 in
1150 2701 1313 2741 Scholiis
1334 2700 1381 2738 ad
1396 2701 1479 2736 Eu-

819 2759 932 2811 ripid.
963 2760 1111 2797 Hecub.
1141 2773 1197 2797 vs.
1226 2761 1321 2805 983,
1358 2755 1481 2792 Athe-

820 2817 971 2855 niemes
1011 2829 1168 2854 narrans
1205 2816 1481 2865 Aeginetarum
