1897 3340
224 462 228 467 .
250 427 347 473 103

79 491 196 521 Eodem
215 493 279 520 exit
301 493 340 519 Α-

78 525 281 553 theniensium
301 533 353 553 ex-

410 191 494 231 370

812 189 1271 227 HERODOTI

411 302 489 355 κῆς
529 298 808 351 ἐνιππεῦσαι,
854 298 926 342 καὶ
967 295 1189 354 ἀγχοτάτω
1238 300 1315 353 τῆς
1350 296 1583 352 Ἐρετρίης,
1631 295 1674 347 ἐς

410 366 539 410 τοῦτό
571 379 651 423 σφι
680 366 908 420 κατηγέετο
934 364 1098 421 Ἱππίης
1128 364 1151 407 ὁ
1182 364 1511 419 Πεισιστράτεω.
1554 362 1729 419 Ἀθη-75

409 439 528 479 ναῖοι
560 435 629 486 δὲ,
661 434 720 483 ὡς
750 432 972 476 ἐπύθοντο
1003 436 1158 483 ταῦτα,
1198 431 1409 489 ἐβοήθεον
1448 432 1520 476 καὶ
1550 430 1676 474 αὐτοὶ

79 560 207 592 ercitns,
234 559 283 586 cui
301 559 354 587 de-

80 602 144 621 cem
161 596 317 629 praetores

353 699 517 750 regionis
548 694 809 733 Marathoniae
843 692 1014 731 delinea-

354 757 500 793 tionem
522 753 625 791 dedit
636 753 805 788 Krusein
823 751 929 788 Atlas
941 759 1012 790 etc.

355 813 456 849 Tab.
477 810 541 847 IV.
582 811 640 846 De
662 808 802 858 Campis
824 806 1016 844 ‚Maratho-

355 870 425 906 niis
446 867 617 904 disseruit
643 878 797 917 quoque
816 863 945 900 Leake
976 866 1016 900 in

356 925 466 961 libro
485 923 532 960 de
563 922 684 960 demis
714 922 871 966 Atticis,
900 933 1017 972 quem

356 987 484 1018 tamen
517 980 657 1016 librum
691 976 787 1013 mihi
813 975 862 1013 ad
880 989 1016 1013 manus

355 1050 435 1074 non
454 1037 568 1073 fuisse
598 1035 730 1079 doleo3
750 1035 920 1085 itemque
942 1046 1018 1069 nu-

355 1095 520 1145 perrime
532 1121 542 1137 ‚
562 1093 649 1140 ipsis
668 1091 760 1128 locis
783 1091 1019 1127 accuratissi-

355 1163 419 1187 me
440 1151 634 1200 inspectis,
665 1149 723 1185 vir
734 1146 879 1194 doctus,
900 1157 1019 1198 quem

358 1206 463 1254 Ross,
482 1207 639 1242 Danum
666 1204 821 1241 natione
835 1234 844 1251 ‚
868 1216 947 1240 esse
960 1203 1019 1239 fe'-

357 1270 458 1310 runt,
477 1264 518 1299 in
539 1262 654 1299 Blatt.
678 1261 704 1297 f.
724 1261 863 1298 literar.
876 1260 1018 1296 Unter-

337 1318 532 1369 ·}1altung.
556 1321 662 1359 1833
683 1329 741 1355 nr.
777 1315 855 1356 104
876 1330 913 1367 p.
936 1316 1017 1356 427

357 1372 438 1427 seq.
461 1374 540 1416 105
560 1380 598 1426 p.
619 1373 698 1414 431
723 1380 760 1410 et
779 1373 950 1423 inprimis
960 1386 1019 1411 nr.

360 1435 439 1473 106
459 1444 547 1482 pag.
569 1431 650 1472 435
671 1443 791 1482 seqq.7
820 1431 886 1466 ubi
904 1430 1021 1465 etiam

358 1490 399 1525 in
429 1488 524 1525 illud
554 1487 729 1538 inquirit,
782 1487 847 1537 qui
877 1485 1021 1522 sactum

358 1546 426 1592 sit,
464 1551 507 1581 ut
541 1545 697 1591 Persae,
737 1555 831 1594 quos
862 1543 1018 1593 Hippias

358 1602 533 1638 locorum
581 1600 680 1637 bene
704 1611 862 1648 vgnarus
901 1598 1020 1635 duce-

360 1658 427 1695 bat
448 1686 458 1704 ,
520 1650 602 1693 tam
642 1655 787 1693 difficili
823 1655 907 1691 loco
951 1667 1022 1705 ap-

359 1714 547 1765 pulerint,
576 1725 702 1764 neque
722 1710 930 1748 Phalernm
950 1723 1022 1747 na-

358 1771 522 1821 vigarint
543 1776 608 1806 aut
623 1769 791 1815 Prasias,
813 1766 1020 1805 commodo

359 1828 445 1864 loco
458 1856 468 1874 ,
498 1826 737 1877 appulerint,
759 1824 862 1861 unde
878 1827 939 1862 via
959 1836 1021 1861 sa-

360 1885 406 1920 tis
426 1884 514 1920 trita
533 1881 702 1919 Athenas
713 1880 889 1927 ducebat,
912 1881 1023 1932 equi-

359 1941 459 1977 'tibus
487 1940 630 1989 pervia.
697 1937 808 1983 Quod
846 1937 1023 1974 Herodo-

359 2003 421 2033 tus
442 1997 525 2044 (VI,
552 1994 649 2044 102)
665 1994 798 2031 afferat
818 1993 866 2030 de
886 2006 1023 2045 campo

365 2051 604 2089 Maratl10ni0
650 2052 839 2103 equitibus
900 2051 1022 2101 magis

365 2107 679 2155 accommodato,
735 2107 776 2143 id
815 2107 904 2143 ferri
944 2118 1022 2144 non

363 2176 472 2216 posse
491 2171 622 2215 putat3
651 2162 755 2200 unde
782 2162 1024 2199 Herodotum

365 2222 516 2258 coniicit
534 2233 577 2256 ea
595 2227 745 2256 tantum
755 2217 891 2266 dicere,
926 2231 1024 2270 quae

363 2278 480 2326 vulgo
510 2275 611 2327 apud
633 2277 797 2312 Graecos
821 2274 868 2312 de
889 2274 960 2312 hnc
984 2287 1025 2311 re

364 2333 500 2370 tradita
520 2334 678 2380 fuerint,
717 2344 807 2368 cum
835 2344 965 2369 verani
993 2332 1024 2368 si

364 2389 547 2439 indagare
568 2390 728 2426 velimus
749 2389 1024 2439 cansa1n,Hip—

365 2448 446 2497 pias
472 2458 558 2481 eani
579 2446 628 2481 ob
650 2457 766 2480 unam
788 2457 939 2481 cansam
963 2443 1023 2481 hic

366 2503 552 2553 appulisse
571 2502 764 2548 videatur,
794 2508 835 2538 ut
855 2508 1025 2551 praeter-

355 2559 589 2608 'navigantes
636 2559 773 2593 Persae
826 2558 1023 2608 Tetrapoli

367 2617 577 2666 potirentur
589 2644 598 2662 ‚
628 2613 920 2650 Atheniensibus
934 2627 1023 2651 vero

367 2673 490 2709 subito
519 2670 827 2717 advenientibus,
872 2670 919 2707 ad
951 2685 1026 2721 pu·-

368 2741 486 2779 gnam
498 2729 618 2765 coacti
638 2728 790 2763 fuerint.
807 2728 862 2762 De
875 2728 953 2777 ipso
967 2729 1025 2764 Ιο-

365 2798 432 2833 co,
463 2786 501 2822 in
524 2797 599 2837 quo
619 2791 833 2835 pugnatum
855 2791 930 2832 est,
953 2797 1020 2820 ac·-

409 501 452 553 ἐς
481 501 560 545 τόν
590 504 865 556 Μαραθῶνα.
913 495 1021 556 ἦγον
1051 501 1096 544 δέ
1123 512 1257 555 σφεας
1287 499 1520 556 στρατηγοὶ
1550 498 1673 542 δέκα·

1070 696 1234 732 curatius
1252 693 1447 743 disserens,
1469 694 1558 731 inde
1578 694 1728 745 potissi-

1069 764 1180 787 mum
1209 752 1360 787 Graecis
1381 765 1541 788 numero
1571 752 1729 802 paucio-

1071 808 1172 845 ribus
1210 809 1406 844 victoriam
1437 809 1613 858 obtigisse
1652 815 1730 844 sta-

1071 865 1166 911 tuit,
1189 863 1292 915 quod
1314 866 1444 901 Persas
1466 867 1503 900 in
1525 865 1651 902 castris
1671 865 1729 900 in-

1072 927 1130 957 ter
1150 922 1310 956 tentoria
1331 928 1612 958 commorantes
1638 921 1732 958 sub-

1073 978 1126 1013 ito
1138 977 1279 1013 suerint
1293 978 1459 1026 aggressi
1472 990 1481 1026 3
1495 978 1627 1014 Persas
1638 990 1733 1014 mox

1074 1033 1124 1069 ait
1154 1033 1266 1070 celeri
1303 1032 1393 1083 fugai
1407 1063 1417 1081 ,
1467 1031 1644 1070 omnibus
1671 1046 1732 1070 re-

1072 1089 1181 1138 lictis,
1201 1103 1307 1126 mare
1318 1091 1467 1140 petiisse
1486 1089 1653 1142 indeque
1674 1090 1734 1126 fa·-

1074 1147 1144 1183 cile
1166 1147 1324 1183 navibus
1345 1153 1510 1184 servatos
1531 1160 1623 1195 esse,
1645 1159 1736 1183 cum

1074 1205 1135 1240 vel
1166 1201 1290 1240 adhuc
1323 1215 1439 1241 naves
1460 1204 1574 1252 tales,
1605 1203 1735 1256 quales

1073 1266 1248 1297 veterum
1267 1272 1383 1297 naves
1413 1259 1526 1297 fuisse
1546 1262 1736 1308 novimus,

1076 1318 1252 1368 proxime
1282 1316 1370 1354 litus
1399 1318 1527 1368 ipsum
1555 1315 1737 1354 accedere

1076 1374 1234 1424 possint.
1289 1374 1420 1424 Ipsum
1465 1373 1630 1426 denique
1662 1386 1737 1424 pu-

1077 1443 1177 1480 gnae
1201 1430 1331 1467 locum
1343 1431 1382 1466 iu
1396 1443 1438 1466 ea
1451 1431 1620 1481 planitiei
1631 1437 1738 1481 parte

1074 1489 1208 1537 ponit,
1250 1500 1348 1539 quae
1378 1487 1581 1524 meridiem
1608 1500 1738 1524 versus

1074 1544 1316 1594 potissimum
1338 1550 1483 1594 spectat
1499 1573 1508 1591 ,
1529 1544 1595 1580 ubi
1614 1542 1739 1580 Athe-

1076 1601 1266 1636 niensium
1299 1601 1364 1651 qui
1396 1601 1646 1638 occubuerint
1673 1607 1738 1637 tu-

1077 1657 1174 1692 muli
1194 1663 1356 1693 exstent.

1307 1790 1399 1841 Cap.
1422 1790 1519 1827 cm.

1135 1878 1346 1933 στρατηγοὶ
1397 1878 1524 1930 δέκα]
1578 1878 1741 1917 Athenis

1081 1939 1258 1974 novimus
1307 1949 1447 1973 novem
1497 1935 1741 1973 archontibus

1078 1995 1275 2044 proximos
1311 1994 1509 2030 accessisse
1541 1992 1675 2030 ordine
1695 2002 1740 2029 ac

1079 2049 1262 2100 dignitate
1292 2048 1426 2086 decem
1458 2046 1699 2102 στρατηγούς
1720 2061 1741 2085 e

1078 2105 1215 2143 decem
1251 2104 1377 2157 phylis
1418 2113 1574 2143 creatos.
1641 2107 1742 2143 Hino

1079 2163 1141 2206 VI,
1170 2165 1246 2202 104
1273 2163 1340 2199 fin.
1375 2158 1605 2212 Μιλτιάδης
1621 2174 1742 2214 στρα-

1079 2213 1500 2270 τηγός-Ἀθηναίων
1534 2214 1740 2270 ἀπεδέχθη

1083 2273 1261 2325 αἱρεθεὶς
1285 2273 1367 2314 tino*
1391 2277 1463 2314 τοῦ
1481 2272 1624 2326 δήμου.
1664 2276 1742 2321 Qui

1080 2330 1217 2368 decem
1238 2344 1371 2368 omnes
1399 2333 1438 2367 in
1470 2345 1601 2383 pugna
1618 2333 1742 2369 Mara,

1078 2387 1212 2424 thonia
1240 2387 1343 2439 quod
1375 2388 1549 2437 adfuere,
1580 2390 1742 2440 imperio

1080 2446 1181 2496 pari,
1229 2444 1266 2480 id
1301 2444 1504 2496 postmodo
1533 2447 1651 2483 rarius
1681 2445 1742 2482 fa·

1079 2508 1183 2538 ctum
1206 2514 1285 2537 esse
1314 2501 1508 2551 videmus,
1538 2514 1628 2539 cum
1657 2502 1742 2553 ple-

1080 2571 1243 2609 rumque
1264 2565 1356 2606 tres,
1387 2560 1486 2595 inter
1517 2571 1612 2610 quos
1642 2569 1742 2596 unus

1081 2627 1278 2652 summum
1318 2615 1482 2652 obtinuit
1522 2616 1742 2666 imperium,

1081 2671 1128 2709 ad
1140 2673 1281 2708 bellum
1291 2672 1631 2722 proficiscerentur.
1653 2671 1740 2710 Vid-

1080 2727 1354 2765 Wachsmuth.
1377 2729 1526 2765 Hellen.
1547 2727 1740 2765 Alterthk.

1080 2786 1109 2834 1,
1140 2788 1166 2826 2
1196 2798 1283 2837 pag.
1314 2785 1368 2826 49
1398 2785 1485 2823 coll.
1514 2785 1556 2823 C.
1578 2786 1619 2822 F.
1642 2786 1742 2821 Her-
