1897 3340
449 238 534 278 676
854 236 1319 274 HERODOTI

115 346 185 378 post
206 343 248 378 Sy
252 351 339 370 risaei
342 351 372 370 a·

116 385 181 403 rum
207 382 254 412 tyr
241 384 349 404 rannus

114 409 213 439 factus
231 412 280 444 sit,

454 361 528 396 τος
557 343 635 388 τὸν
661 345 773 400 βίον,
801 343 850 396 ὃς
878 344 1161 399 ἐτυράννευσε
1190 344 1268 400 μὲν
1298 342 1432 400 Γέλης
1459 343 1564 388 ἑπτὰ
1590 345 1699 398 ἔτεα,

450 412 638 457 ἀπέθανε
668 412 714 455 δὲ
741 409 831 455 ὑπὸ
852 411 1086 468 Σαβύλλου
1110 410 1270 466 ἀνδρὸς
1292 415 1333 454 Γ
1328 411 1479 465 ελτόου,
1508 412 1701 457 ἐνθαῦτα

444 477 738 536 ἀναλαμβάνει
777 478 856 533 τὴν
895 481 1166 536 μουναρχίην
1189 477 1496 535 Ἱπποκράτης,
1539 479 1754 524 Κλεᾶν-35

414 551 558 604 Ξδρου
595 547 682 590 ἐών
721 545 943 599 α’δελφεός.
1003 546 1176 602 ἔχοντος
1205 547 1250 590 δὲ
1287 544 1587 601 Ἱπποκράτεος
1617 548 1698 604 τὴν

442 615 705 668 τυραννίδα,
744 611 768 655 ὁ
798 613 963 665 Γέλων,
1002 613 1086 657 ἐών
1119 615 1306 669 Τηλίνεω
1345 617 1426 657 τοῦ
1456 615 1700 670 ἱροφάντεω

443 681 676 737 ἀπόγονος,
706 684 880 723 πολλῶν
910 678 996 735 μετ’
1026 680 1169 723 ἄλλων
1199 682 1270 724 καὶ
1293 680 1595 738 Αἰνησιδήμου
1617 684 1699 724 τοῦ

446 747 672 792 Παταῖκοῦ
702 742 757 803 ἦν
788 745 1042 803 δορυφόρος
1065 746 1390 800 Ἱπποκράτεος·
1433 749 1538 805 μετὰ
1565 749 1612 793 δὲ
1642 746 1697 792 οὐ

441 817 607 860 πολλόν
638 813 799 871 χρόνον
830 813 881 858 δι’
914 812 1070 869 ἀρετὴν
1101 812 1314 871 ἀπεδέχθη
1344 815 1483 872 πάσης
1522 820 1597 872 τῆς
1627 817 1699 859 ἴπ-

412 890 532 927 3που
562 881 674 926 εἶναι
705 883 935 938 ἵππαρχος.
991 881 1326 936 πολιορκέοντος
1363 884 1447 940 γὰρ
1472 882 1757 939 Ἱπποκρά-40

387 1089 539 1140 Olymp.
554 1091 622 1135 73,
634 1087 659 1128 4
681 1089 957 1141 Syracusarum
967 1089 1044 1126 im-

385 1147 548 1195 perium,
569 1145 634 1193 (in
658 1159 734 1197 quo
759 1147 840 1197 ipso
868 1147 1044 1184 successit

385 1203 502 1238 Hiero
524 1202 674 1253 Olymp,
696 1202 762 1250 75,
778 1203 820 1254 3)
843 1203 952 1240 illum
973 1204 1044 1240 ob-

320 1260 323 1263 ’
386 1259 506 1294 tinere
535 1260 699 1308 potuisse
729 1266 913 1296 monstrat
947 1272 1045 1311 quo-

385 1328 462 1366 que
482 1312 633 1366 Grysar.
662 1317 720 1351 De
749 1316 938 1353 Dorienss.
968 1316 1045 1352 Co-

384 1370 512 1411 moed.
546 1384 635 1421 pag.
668 1370 760 1413 148.
802 1371 871 1409 Cr.
902 1373 1041 1409 excitat

383 1427 426 1464 C.
445 1428 488 1464 Ο.
508 1428 659 1468 Miiller.
690 1426 919 1466 Orchomen.
951 1441 1038 1479 pag.

384 1486 465 1524 338
485 1497 564 1539 seq.
586 1506 638 1511 -
669 1485 912 1536 μουναρχίην
948 1498 1042 1521 eall-

384 1538 486 1587 dem,
505 1552 621 1591 quam
640 1553 733 1577 mox
744 1542 958 1591 τυραννίδα
970 1554 1042 1578 vo-

383 1603 454 1632 cat.
490 1595 577 1633 Vid.
607 1603 702 1634 nott.
733 1596 845 1645 adv,
866 1598 978 1642 92§·
1001 1601 1040 1638 2·

438 1666 492 1701 ην
529 1649 785 1703 δορυφόρος]
853 1654 1040 1690 Voculam

382 1703 428 1754 ὃς
446 1706 504 1744 his
523 1709 639 1758 vulgo
668 1710 913 1759 praemissam
935 1709 1041 1746 dele-

382 1764 420 1801 vi
457 1777 547 1801 cum
586 1763 804 1815 Schweigh.
844 1766 892 1802 ob
929 1779 1042 1803 voces

380 1833 487 1872 seqq.
509 1818 604 1872 μετοὶ
631 1818 685 1859 δὲ
717 1818 765 1860 ου’
782 1818 929 1861 πολλόν
949 1819 1040 1887 χρό-

379 1891 455 1915 νον
475 1891 512 1915 κ.
535 1892 567 1914 τ
584 1879 617 1915 λ.
648 1877 774 1914 minus
804 1880 1039 1916 couvenien-

380 1939 454 1977 tes,
504 1933 535 1969 si
563 1934 741 1970 voculam
791 1930 856 1982 ὃς,
921 1947 1038 1987 quam

381 1990 506 2039 potius
558 1996 642 2040 post
685 1985 895 2058 απόγονος
950 1998 1038 2028 ante

380 2047 540 2084 πολλῶν
609 2041 696 2096 μετ’
770 2043 901 2085 α’λλων
967 2061 1039 2084 ex-

379 2102 596 2151 spectabas,
640 2103 882 2140 retineamus.
931 2105 1038 2141 Reti-

380 2159 463 2193 nuit
483 2165 610 2194 tamen
625 2158 868 2199 Gaisfordius.
892 2159 1039 2196 Sohae—

378 2213 480 2249 ferus
516 2225 585 2263 pro
615 2211 661 2260 ὃς
697 2214 745 2251 de
774 2228 842 2251 suo
883 2214 1038 2252 dederat

380 2268 487 2313 τέως.
531 2270 608 2305 Nec
620 2271 740 2320 magis
761 2271 883 2320 placet
904 2284 1037 2306 emen-

381 2322 482 2359 datio
504 2325 759 2374 Wesselingii,
787 2327 847 2361 cui
870 2327 906 2361 in
925 2339 1036 2362 men-

380 2385 459 2415 tem
488 2387 642 2415 venerat
677 2379 701 2418 ὁ
733 2379 1036 2421 Γέλων-πολ-

379 2436 461 2473 λῶν
483 2431 560 2485 μετ’
578 2432 708 2474 ἄλλων
725 2457 779 2463 —
798 2436 1007 2487 μετέτρεψε
1024 2451 1035 2461 ·

380 2488 475 2541 μετοὶ
495 2488 537 2530 δὲ
562 2506 600 2529 κ.
624 2506 656 2529 τ.
677 2494 711 2529 λ.
747 2493 787 2537 (i.
809 2507 841 2530 e.
863 2494 948 2531 Gelo
959 2507 1036 2531 cum

380 2547 465 2584 aliis
492 2547 612 2584 multis
633 2548 821 2594 excellu2·t;
848 2563 916 2586 non
931 2552 1039 2587 multo

379 2615 460 2640 vero
478 2607 557 2653 post
577 2606 723 2653 tempore
743 2606 832 2655 etc.)
855 2614 918 2643 aut
934 2609 1038 2643 Pau-

380 2660 455 2706 wii,
477 2660 542 2711 qui
560 2661 768 2696 orationem
790 2660 946 2699 demum
966 2676 1038 2701 vo-

379 2716 484 2752 cibus
512 2711 614 2767 (Ξνῆρ
644 2714 827 2764 ἐφαίνετο
866 2718 908 2757 ἐν
941 2715 1036 2758 τοό-

378 2784 481 2811 τοισι
501 2772 694 2809 terminari
714 2774 857 2822 voluit,
879 2776 1033 2813 sublatis

378 2829 581 2867 maioribus
600 2830 762 2881 punctis.
782 2851 838 2858 —
874 2830 1034 2869 Bekke-

1100 1103 1178 1140 rus,
1199 1091 1265 1142 qui
1286 1088 1461 1128 exhibuit
1489 1088 1533 1138 ὃς
1552 1085 1605 1142 ἦν
1628 1091 1754 1142 δορυ-

1101 1142 1228 1198 φόρος
1244 1145 1541 1216 ‘Inwouqdv5093
1548 1165 1558 1175 η
1566 1155 1651 1199 post
1659 1149 1755 1199 ipsas

1098 1201 1167 1239 has
1187 1216 1298 1241 voces
1325 1204 1484 1240 lacunae
1512 1205 1665 1255 siguum
1683 1217 1757 1255 po-

1099 1260 1184 1298 suit.
1243 1259 1354 1305 Quod
1392 1259 1556 1313 denique
1590 1274 1659 1312 pro
1690 1260 1756 1297 illo

1099 1316 1177 1352 sive
1198 1311 1240 1362 ὃς
1259 1317 1337 1352 sive
1367 1315 1462 1363 τέως
1493 1318 1674 1368 Stegerus
1691 1329 1757 1353 re-

1098 1372 1191 1422 poni
1210 1373 1291 1409 vult
1309 1386 1403 1420 κως,
1426 1374 1662 1439 opinqssecte
1676 1375 1755 1410 iam

1099 1429 1271 1465 observat
1291 1442 1425 1466 censor
1442 1428 1646 1480 Lipmeusis
1661 1429 1755 1479 (Er-

1097 1485 1421 1534 gziuz.Bl.1833
1451 1499 1540 1537 pag.
1560 1485 1647 1536 46),
1677 1487 1755 1536 opi—

1096 1553 1161 1577 nor
1199 1542 1350 1578 Graecis
1383 1543 1510 1592 potius
1552 1555 1633 1580 esse
1654 1556 1754 1591 που,

1097 1592 1228 1646 δήπου
1241 1627 1251 1645 ,
1290 1610 1491 1650 nunquam
1509 1611 1601 1635 vero
1620 1613 1704 1645 πως
1723 1611 1754 1637 S.

1095 1667 1188 1698 κως.
1364 1655 1608 1692 Aenesidemus
1649 1653 1756 1691 haud

1096 1710 1173 1745 scio
1210 1721 1258 1745 an
1289 1707 1393 1746 idem
1421 1711 1535 1748 suerit
1563 1709 1755 1748 Theronis

1097 1771 1204 1814 pater
1230 1766 1310 1813 VII,
1344 1766 1422 1807 165
1453 1774 1489 1804 et
1517 1765 1672 1805 Pindar.
1695 1768 1756 1805 01.

1096 1822 1147 1869 11,
1169 1824 1194 1862 9
1217 1821 1322 1871 (15).

1152 1873 1216 1916 οἷπ
1231 1878 1277 1916 εδ
1292 1877 1417 1930 έχθη
1437 1874 1570 1934 πάσης
1591 1881 1661 1930 τῆς
1683 1878 1755 1919 ἵπ-

1094 1948 1124 1972 π
1133 1948 1153 1973 ο
1165 1949 1190 1972 υ
1222 1948 1239 1973 ε
1251 1929 1269 1972 ἶ
1275 1949 1298 1972 ν
1310 1950 1333 1973 α
1346 1950 1358 1973 ι
1379 1935 1594 1988 ι’ππαρχος]
1608 1936 1753 1984 „Prae-

1093 1990 1279 2027 secturam
1309 1992 1517 2043 equitatus,
1562 1987 1752 2030 απᾶντων

1093 2049 1174 2085 τῶν
1213 2045 1365 2086 ἱππέων
1407 2045 1478 2099 τήν
1515 2046 1750 2099 ἐπιμέλειαν,

1095 2103 1233 2140 Geloni
1262 2104 1308 2140 ab
1335 2105 1563 2154 Hippocrate
1592 2102 1753 2140 mauda-

1093 2166 1173 2195 tam
1192 2159 1374 2195 Timaeus
1395 2171 1548 2210 quoque
1568 2158 1750 2210 prodide-

1094 2221 1150 2251 rat
1169 2213 1270 2263 apud
1291 2214 1445 2251 Criticos
1465 2213 1619 2252 Piudar.
1637 2217 1751 2258 Nem,

1094 2268 1243 2309 0d.1X
1272 2283 1391 2321 prope
1427 2271 1519 2308 fin.“
1563 2270 1750 2310 Wessel.

1092 2327 1150 2361 De
1188 2333 1375 2363 structura
1413 2329 1618 2364 verborum
1649 2323 1749 2369 οἷπε-
1807 2363 1809 2368 ,

1092 2379 1392 2433 δέχθη-εἶναι
1410 2383 1487 2422 vid.
1507 2391 1605 2422 nott.
1625 2384 1674 2422 ad
1701 2386 1749 2434 V,

1092 2439 1159 2478 25.

1152 2494 1484 2544 Καλλιπολίτας]
1547 2495 1747 2546 Callipolis,

1095 2562 1213 2601 quam
1259 2564 1362 2588 nunc
1408 2552 1536 2589 vocari
1574 2552 1750 2603 callipoli

1093 2607 1221 2644 scribit
1248 2606 1472 2654 Larcherus‚
1513 2615 1748 2646 memoratur

1093 2663 1253 2714 Scymu.
1284 2663 1352 2703 Ch.
1385 2664 1465 2704 285
1496 2669 1532 2700 et
1567 2665 1746 2702 Strabon.
1808 2700 1810 2702 .

1092 2720 1142 2755 Vl
1161 2733 1199 2770 p.
1220 2719 1301 2760 419
1322 2721 1369 2757 A.
1389 2733 1418 2756 s.
1439 2733 1476 2770 p.
1498 2723 1592 2767 272,
1621 2733 1643 2757 a
1666 2722 1746 2758 Na-

1089 2776 1159 2812 xiis
1189 2775 1341 2813 condita
1373 2775 1422 2812 ad
1451 2777 1628 2814 Aetnam.
1686 2777 1746 2817 Cf.

1088 2832 1277 2871 Maunert.
1302 2833 1371 2880 lx,
1403 2835 1430 2873 2
1465 2844 1551 2884 pag·
1588 2832 1671 2874 439
1707 2837 1745 2870 et
