1897 3340
658 210 924 248 ERATO.
983 210 1057 246 VI.

312 320 634 378 Χειρωσᾶμενοι
678 319 723 363 δὲ
762 319 839 375 τὴν
871 319 1106 401 Ἐρέτριαν,
1145 338 1219 364 και
1249 323 1715 393 επεισχονιέςῩοῑΝῑωΡ
1690 334 1804 428 111

1606 399 1694 426 ew.
1719 408 1747 427 ι

1406 218 1489 258 369

225 389 372 447 ὀλίγας
399 392 583 447 ἡμέρας,
621 389 775 432 ἔπλεον
813 387 855 438 ἐς
883 386 964 444 τὴν
998 386 1216 471 Ἀττικὴν,
1254 393 1490 448 κατέργον·
1545 398 1621 458 g¹¹⁰⁰

223 461 290 510 τές
319 476 363 503 τε
391 459 577 511 πολλὸν,
607 457 680 500 καὶ
702 457 928 507 δοκέοντες
946 457 1081 500 ταυτα
1112 475 1216 510 τους
1235 458 1489 516 Ἀθηναίους

194 527 423 584 Ξποιήσειν
451 525 504 569 τὰ
545 524 618 568 καὶ
648 523 751 575 τοὺς
774 522 1013 579 Ἐρετριέας
1052 526 1273 583 ἐποίησαν.
1333 530 1406 573 καὶ
1433 526 1489 588 ἦν

223 598 306 655 γὰρ
339 600 362 646 ὁ
392 595 625 654 Μαραθὼν
662 591 1006 648 ἐπιτηδειότατον
1043 597 1204 650 χωρίον
1244 601 1318 654 τῆς
1355 597 1488 663 Ἀιμ-

346 786 348 788 .
397 751 490 803 Cap.
513 751 592 789 CII.

219 802 472 859 κατέργοντές
483 824 521 848 τε
534 804 698 856 πολλόν]
725 807 822 845 Tres

162 862 247 899 libri
259 861 574 918 κατεργαζοντες,
590 866 712 902 forma
734 865 824 901 acti-

160 920 199 956 vi
228 932 439 973 sanequam
472 924 634 970 insolita,
684 935 824 974 quam-

161 989 279 1028 quam
308 976 398 1017 hinc
429 981 561 1018 Vallae
588 980 742 1017 fluxisse
762 979 822 1016 vi-

161 1032 272 1071 detur
307 1037 590 1088 interpretatio,
651 1049 822 1086 magnam

157 1095 294 1144 partem
319 1098 563 1133 vastaverant.
611 1095 821 1145 Vulgatum

158 1148 433 1203 κατέργοντες,
473 1151 578 1205 quod
606 1152 736 1189 Ionice
765 1150 821 1189 di-

160 1213 264 1244 ctum
311 1214 366 1245 est
422 1222 492 1261 pro
539 1209 821 1262 κατείργοντες,

159 1265 376 1302 Gronovius
398 1265 571 1304 reddidit
602 1279 637 1303 se
668 1279 824 1304 coercen-

157 1325 231 1369 tes,
259 1323 561 1374 Wesselingius:
601 1323 823 1361 Athenienses

156 1381 194 1416 in
218 1382 408 1427 augustias
434 1384 592 1430 cogentes
623 1385 655 1417 et
682 1380 822 1417 conclu-

157 1435 298 1484 dentes,
333 1443 376 1473 ut
395 1438 440 1484 V,
461 1441 528 1485 63,
549 1438 616 1474 ubi
634 1436 712 1477 vid.
723 1443 821 1477 nott.

156 1491 382 1545 Thucydid.
416 1495 489 1543 VI,
522 1498 561 1535 6.
593 1494 739 1531 Iacobs.
780 1494 821 1530 in

156 1550 292 1587 Attico.
329 1564 367 1601 p.
389 1554 469 1592 361
503 1549 543 1588 h.
564 1552 589 1590 1,
611 1551 822 1601 suspicatur

157 1607 250 1643 olim
270 1607 386 1644 fuisse
406 1609 590 1659 scriptum
615 1607 821 1659 κατέρξον-

155 1662 218 1710 τές
237 1678 277 1702 τε
295 1661 369 1715 τὴν
387 1660 519 1704 πόλιν.
533 1687 586 1693 ——
612 1663 675 1701 Ad
698 1665 821 1715 ipsam

154 1719 342 1758 Herodoti
397 1723 658 1759 narrationem
714 1721 817 1758 conf.

155 1777 353 1816 Plutarch.
391 1780 507 1817 Arist.
540 1778 565 1820 5
604 1779 689 1820 init.
726 1791 816 1830 pag.

215 1911 240 1953 o‘
266 1910 508 1966 Μαραθών]
540 1886 659 1951 Abest
679 1914 820 1950 articu-

155 1971 214 2007 lus
245 1982 267 2006 a
299 1969 448 2008 duobus
485 1970 612 2018 codd„
635 1971 821 2022 probante

155 2025 332 2065 Grashof.
354 2029 392 2064 in
412 2026 736 2068 Scl1ulzeit.1831
760 2041 819 2065 nr.

154 2086 207 2125 68
237 2097 325 2136 pag.
362 2085 456 2126 539.
516 2085 613 2121 Tres
644 2085 730 2121 libri
749 2097 818 2135 pro

154 2139 177 2180 ὅ
194 2140 358 2178 afferunt
377 2140 406 2192 ἦ
418 2171 427 2189 ,
459 2155 580 2194 quum
601 2154 704 2189 sane,
724 2148 819 2178 teste

155 2197 330 2236 Eustath.
348 2197 397 2235 ad
418 2198 552 2251 Odyss.
573 2211 662 2250 pag.
695 2199 816 2245 1568,

153 2253 221 2303 44,
272 2254 296 2295 o‘
339 2262 376 2292 et
413 2254 444 2307 ἦ
490 2251 711 2308 Μαραθών
742 2254 817 2292 dici

155 2318 284 2363 queat.
341 2311 453 2357 Quod
500 2326 591 2350 vero
641 2311 816 2349 Thomas

154 2369 259 2418 Mag.
293 2373 382 2418 pag.
403 2369 483 2410 597
510 2370 598 2406 coll.
625 2368 815 2421 Porphyr.

158 2425 311 2470 Quaest.
321 2426 502 2462 Homerr.
514 2427 603 2462 VIII
613 2441 632 2464 τ
643 2423 670 2477 ἢ
681 2441 703 2464 ν
717 2429 817 2464 Μα-

157 2482 331 2532 ραθῶνα
369 2483 479 2518 Ioues
513 2481 650 2519 dixisse
689 2482 815 2530 tradit,

157 2553 177 2576 τ
190 2534 209 2577 ὁ
222 2552 245 2576 ν
259 2540 507 2589 Μαραθῶνα
527 2539 672 2575 Atticos
695 2537 816 2590 (unde

156 2607 248 2631 sane
269 2602 305 2631 et
326 2592 429 2630 hunc
448 2594 579 2630 locum
599 2601 636 2630 et
646 2596 710 2642 Vl,
723 2598 815 2635 107.

163 2653 256 2691 120.
280 2653 373 2691 111.
400 2652 477 2691 113
496 2651 633 2700 refingi
664 2657 818 2701 oporte-

158 2706 253 2755 ret),
302 2707 400 2743 beue
432 2713 668 2743 monuerunt
704 2705 818 2743 Tho-

159 2774 246 2798 mae
290 2763 513 2813 interpretes
533 2792 544 2811 ,
601 2763 817 2813 promiscue

157 2815 229 2858 τόν
253 2824 290 2854 et
304 2815 376 2869 τὴν
398 2818 536 2857 dixisse
556 2818 676 2857 videri
695 2821 817 2856 Iones.

215 2875 437 2913 meono'r.
466 2877 534 2913 111.

884 749 934 784 Et
965 749 1096 785 confer
1134 750 1182 787 sis
1213 740 1367 803 quoque
1405 750 1542 789 Matth.

886 807 952 842 Gr.
975 807 1041 843 Gr.
1061 819 1150 857 pag.
1172 810 1267 848 201.
1296 806 1462 846 Fischer.
1494 809 1544 846 ad

878 862 1041 899 Weller.
1071 864 1087 898 I
1114 876 1203 914 pag.
1236 864 1330 906 385.
1365 865 1543 903 Herodo-

878 925 963 956 tum
983 920 1226 970 probabiliter
1246 920 1384 959 dixisse
1404 921 1433 973 ⁷2⁰
1446 925 1542 962 Μα-

881 974 1051 1028 ραθών,
1089 979 1217 1015 statuit
1249 979 1425 1016 Grashof.
1455 981 1481 1016 l.
1501 981 1544 1027 l.‚

878 1069 969 1093 cum
989 1057 1142 1093 urbium
1154 1058 1312 1094 nomina
1328 1059 1367 1094 in
1390 1074 1446 1097 ων
1470 1058 1541 1096 de-

877 1114 1038 1150 sinentia
1058 1113 1161 1165 apud
1190 1114 1431 1152 Herodotum
1460 1129 1541 1153 non

878 1177 958 1207 tam
977 1172 1179 1208 masculini
1212 1185 1329 1223 quam
1357 1173 1540 1210 foeminei

879 1228 954 1265 sint
983 1229 1146 1278 generis.
1204 1227 1301 1265 Mihi
1332 1228 1482 1267 videtur
1518 1228 1543 1269 ὅ

881 1282 1101 1334 Μαραθών
1120 1297 1200 1322 non
1220 1293 1301 1322 tam
1322 1284 1369 1322 de
1399 1286 1541 1337 oppido

878 1341 960 1391 ipso
996 1354 1113 1393 quam
1153 1341 1200 1378 de
1240 1344 1345 1380 omni
1384 1345 1541 1394 regione

879 1397 1120 1435 Marathonia
1142 1397 1236 1446 dici,
1266 1406 1309 1436 ut
1329 1400 1394 1447 VI,
1419 1403 1514 1442 107.

935 1450 1251 1505 ἐπιτηδειότατον
1276 1479 1326 1484 —
1349 1456 1541 1496 ἐνιππεῦ-

879 1512 963 1560 σαι]
997 1512 1216 1550 Confinott.
1238 1511 1286 1549 ad
1306 1513 1350 1559 V,
1373 1516 1440 1562 23,
1460 1516 1541 1551 Ae-

878 1568 968 1605 lian.
991 1570 1038 1606 N.
1055 1570 1104 1606 A.
1133 1570 1200 1616 III,
1225 1572 1288 1617 16,
1309 1570 1375 1606 ubi
1395 1571 1541 1608 Iacobs.

879 1622 992 1662 huius
1023 1626 1098 1662 loci
1132 1639 1211 1666 non
1232 1627 1439 1664 immemor
1458 1628 1543 1673 fuit,

879 1688 916 1718 et
938 1680 986 1718 de
1006 1683 1183 1720 universa
1203 1684 1277 1720 loci
1288 1690 1486 1733 structura,
1502 1686 1543 1721 in

875 1750 965 1790 quo,
980 1752 1078 1791 quae
1090 1741 1268 1791 postponi
1280 1739 1442 1778 debebat
1452 1755 1542 1778 sen-

874 1797 994 1832 tentia
1006 1809 1027 1832 a
1040 1798 1223 1847 particula
1236 1794 1311 1849 γάρ
1325 1797 1540 1847 exordiens,

875 1855 1134 1903 praeponitur.
1151 1853 1251 1891 Add.
1263 1861 1358 1892 nott.
1371 1853 1419 1891 ad
1430 1857 1459 1903 I,
1471 1855 1540 1896 24.

876 1908 939 1946 Ad
960 1909 980 1950 ὁ
1007 1907 1300 1962 Πεισιστράτεὼ
1331 1912 1379 1948 cf.
1402 1910 1539 1950 Matth.

877 1966 942 2003 Gr.
974 1967 1041 2004 Gr.
1071 1979 1160 2018 pag.
1184 1969 1276 2007 196.
1306 1969 1363 2004 De
1383 1969 1541 2019 planitie

876 2022 1118 2060 Marathonia
1143 2025 1337 2062 montibus
1367 2024 1541 2077 undique

877 2081 1001 2117 cincta
1032 2081 1217 2133 laetisque
1245 2082 1362 2132 pratis
1400 2083 1540 2119 referta

877 2144 914 2174 et
933 2138 1063 2188 Asopo
1083 2140 1164 2175 rivo
1187 2139 1342 2189 irrigata
1363 2146 1539 2176 accurate

876 2193 1042 2245 disputat
1061 2194 1200 2246 Squire
1222 2208 1282 2246 ap.
1305 2196 1353 2232 G.
1374 2195 1421 2233 de
1432 2197 1538 2233 Vau-

874 2250 1062 2289 doncourt
1076 2251 1355 2303 (Schilderung
1371 2252 1409 2290 d.
1428 2251 1537 2290 heut.

872 2307 1187 2347 Griechenlands.
1216 2310 1348 2360 Leipz.
1396 2309 1537 2359 1821.)

873 2378 909 2416 Ρ·
938 2364 1021 2407 224
1053 2379 1157 2418 seqq.
1180 2367 1267 2404 coll.
1298 2368 1420 2403 Kruse
1441 2367 1538 2403 Hel-

872 2423 926 2459 las
946 2424 994 2470 11,
1020 2425 1038 2462 1
1063 2435 1150 2473 pag.
1168 2423 1249 2464 264
1277 2437 1407 2476 seqq.,
1430 2436 1538 2459 eam-
1590 2469 1595 2473 η

874 2492 950 2531 que
970 2479 1087 2530 lapidi
1112 2481 1343 2531 insculptam
1365 2478 1538 2517 exhibuit

873 2537 988 2573 Liber
1015 2538 1114 2573 Baro
1147 2536 1195 2573 de
1225 2536 1536 2591 Stacl‘xelbergili

874 2606 988 2643 opere
1015 2593 1063 2629 ad
1091 2594 1154 2641 VI,
1175 2593 1230 2634 74
1261 2593 1438 2640 laudato,
1468 2594 1537 2629 Li-

871 2651 983 2686 vrais.
1016 2651 1143 2697 XXII,
1175 2657 1211 2686 et
1247 2651 1289 2686 C.
1329 2644 1534 2686 mommel.

874 2707 914 2741 in
935 2719 1062 2756 opere,
1094 2707 1156 2743 cui
1172 2707 1325 2742 titulus:
1358 2706 1536 2756 Dreyssig

874 2761 1084 2799 Ansichten
1123 2775 1201 2799 von
1251 2759 1534 2798 Griechenland

874 2817 1119 2869 (Carlsruh.).
1162 2819 1391 2855 Accuratam
1423 2817 1535 2853 totius

1206 2872 1259 2914 24

1654 441 1778 462 lllllllll
1784 440 1801 461 ῑ.

1883 2306 1897 2471 2³1²?-
