1897 3340
290 1134 356 1179 63
414 1134 671 1192 ἀπάγεσθαι.

91 1197 148 1228 His
167 1198 345 1237 parentibus

90 1240 145 1259 nas
149 1232 226 1258 citur
251 1232 360 1261 Dema-

91 1269 192 1298 ratus,
219 1273 238 1292 a
257 1270 344 1301 patre

90 1285 228 1338 primu⁷m‚
247 1300 327 1339 quod

92 1336 181 1370 partu
200 1333 286 1359 nimis
297 1333 358 1361 cito

90 1365 190 1391 editus
211 1365 330 1393 vider-e

182 1406 235 1433 pro
255 1399 360 1434 genui-

91 1402 140 1425 tur

91 1439 130 1459 uo
147 1418 275 1462 habitus.

419 225 504 266 812

811 223 1272 262 HERODOTI

419 330 577 377 δώσειν
604 335 692 375 τῶν
721 331 887 376 ἑωυτοῦ
914 333 1093 377 πάντων
1121 335 1171 376 ἓν
1199 331 1249 376 τὸ
1275 332 1332 374 ἂν
1356 330 1484 383 αὐτὸς
1513 333 1729 386 ἐκεῖνος5ο

418 398 586 455 ἕληται,
636 399 710 442 καὶ
749 400 828 442 τόν
857 401 1031 455 ἑταῖρον
1073 402 1220 456 ἑωυτῷ
1259 398 1424 442 ἐκέλευε
1466 399 1674 452 ὡσαύτως

389 466 502 522 Ξτὴν
542 466 700 521 ὁμοίην
740 467 920 511 διδόναι.

981 468 1003 512 ὁ
1045 469 1111 522 δὲ,
1161 468 1289 512 οὐδὲν
1314 468 1527 522 φοβηθεὶς
1566 466 1683 524 ἀμφὶ

415 537 469 590 τῇ
497 534 691 588 γυναικὶ,
737 532 877 585 ὀρέων
905 535 1066 578 ἐοῦσαν
1105 536 1178 579 καὶ
1212 532 1434 587 Ἀρίστωνι
1470 541 1673 590 γυναῖκα,

418 601 634 645 καταινέει
662 605 798 643 ταῦτα
809 617 817 626 ·

863 601 932 644 ἐπὶ
960 603 1152 646 τούτοισι
1183 603 1228 645 δὲ
1248 601 1408 654 ὅρκους
1438 602 1674 658 ἐπήλασαν.

390 667 528 722 θμετὰ
570 668 637 718 δὲ,
678 666 810 717 αὐτός
842 684 886 711 τε
925 668 949 712 ὁ
988 669 1192 724 Ἀρίστων
1229 671 1358 713 {ficone
1389 673 1538 720 τοῦτο,
1577 669 1601 712 ὅ
1633 675 1728 713 τι55

419 735 473 790 δὴ
503 729 582 789 ἦν,
622 733 671 776 τό
699 736 831 777 εἵλετο
871 740 958 779 τῶν
986 740 1220 793 κειμηλίων
1248 741 1337 780 τῶν
1362 735 1617 790 Ἀρίστωνος
1646 735 1670 780 ὁ

405 799 604 856 ’Ἀγητοςκ

663 802 735 844 καὶ
766 800 919 854 αὐτὸς,
957 804 1036 859 τὴν
1071 803 1228 859 ὁμοίην
1265 803 1421 860 ζητέων
1458 805 1671 857 φέρεσθαι

415 866 522 921 παρ’
551 867 739 919 ἐκείνου,
771 869 962 914 ἐνθαῦτα
994 871 1045 927 δὴ
1072 876 1152 915 τοῦ
1183 872 1356 926 ἑταίρου
1386 870 1465 926 τήν
1484 875 1672 926 γυναῖκα
1701 930 1705 931 ⁷

387 933 439 978 4'
423 939 619 987 επειρᾶτο
647 934 906 1018 οἰπάγεσθαι.

965 938 989 983 ὁ
1030 939 1095 991 δὲ,
1143 938 1256 994 πλήν
1302 938 1463 982 τούτου
1502 937 1675 993 μούνου

416 1018 470 1044 τα
500 1002 628 1054 ἄλλα,
667 1003 772 1059 ἔφη,
813 1005 1082 1050 καταινέσαι·
1123 1006 1468 1062 ἀναγκαζόμενος
1496 1008 1575 1061 μέν
1604 1021 1673 1048 τοι

417 1072 478 1126 τῷ
506 1086 549 1112 τε
586 1070 724 1126 ὅρκῳ,
762 1072 834 1114 καὶ
863 1076 938 1128 τῆς
977 1069 1141 1129 ἀπάτης
1176 1078 1228 1130 τῇ
1257 1076 1516 1129 παραγωγῇ,
1560 1069 1731 1115 &nicaeo

732 1138 857 1182 Οὕτω
887 1140 964 1194 μὲν
989 1141 1040 1196 δὴ
1074 1141 1155 1196 τήν
1184 1144 1329 1198 τρίτην
1348 1140 1577 1197 έσηγαγετο
1600 1157 1674 1194 γυ-

417 1209 547 1248 ναῖκα
575 1205 599 1248 ὁ
625 1202 855 1257 Ἀρίστων,
886 1207 964 1262 τήν
994 1208 1198 1262 δευτέρην
1228 1206 1601 1264 ἀποπεμψάμενος.
1627 1207 1675 1249 έν

418 1271 464 1314 δέ
495 1273 537 1314 οἱ
563 1271 705 1329 χρόνῳ
735 1272 958 1324 ἐλάσσονι,
999 1276 1072 1317 καὶ
1099 1274 1152 1318 οὐ
1182 1275 1445 1330 πληρώσασα
1477 1274 1579 1326 τούς
1612 1274 1676 1317 δέ·

418 1354 474 1382 κα
493 1343 632 1395 μῆνας
660 1339 686 1396 ἡ
704 1341 813 1397 γυνὴ
836 1341 958 1398 αὕτη,
987 1343 1116 1386 τίκτει
1128 1346 1286 1386 τοῦτον
1307 1340 1359 1397 δή
1378 1341 1455 1385 τὸν
1470 1341 1675 1398 Δημάρη-

414 1421 513 1449 τον·
553 1409 628 1461 καί
663 1409 727 1460 τίς
766 1410 809 1452 οἱ
845 1413 934 1452 τῶν
973 1411 1171 1454 οἰκετέων
1202 1410 1249 1454 έν
1277 1408 1410 1466 θώκῳ
1450 1411 1731 1465 κατημένῳ65

389 1473 526 1530 Ξμετοὶ
556 1479 642 1518 τῶν
671 1475 867 1533 ἐφόρων,
897 1476 1132 1534 ἐξαγγέλλει
1162 1476 1221 1530 ὥς
1250 1479 1293 1522 οἱ
1320 1482 1420 1529 παῖς
1448 1476 1610 1535 γέγονε.
1647 1474 1674 1520 ὁ

363 1689 445 1727 fieri
471 1704 560 1729 saue
581 1694 763 1744 potu1sse,
801 1701 844 1730 ut
872 1692 920 1730 de
946 1706 1015 1730 suo

364 1748 523 1800 quisque
573 1751 722 1800 peculio
772 1749 873 1787 dona
915 1751 1017 1786 invi-

365 1816 449 1840 cem
478 1806 546 1841 sibi
573 1808 776 1852 mitterent,
808 1819 897 1843 cum
916 1808 1017 1856 ipsos

363 1859 499 1897 fundos
526 1862 724 1912 singuliso
703 1863 875 1899 centibus
896 1874 1018 1914 aequa

361 1918 533 1966 portione
546 1920 638 1968 assig³
629 1925 748 1955 natos
768 1919 930 1955 alienare
943 1919 1017 1955 mi-

363 1974 466 2009 nime
499 1974 640 2011 licexet.
667 1997 724 2003 --
764 1977 809 2011 In
835 1988 940 2027 seqq.
969 1973 1016 2011 ad

363 2030 476 2066 velba
511 2024 617 2079 αμφὶ
647 2033 697 2084 τῇ
720 2031 880 2083 γυναικὶ
914 2031 1016 2068 conf.

362 2084 496 2121 Matth.
519 2087 584 2122 Gr.
607 2088 672 2122 Gr.
693 2101 731 2137 p.
755 2088 874 2128 1158.

417 2136 558 2192 όρκους
584 2138 814 2193 ἐπήλασαν]
867 2145 925 2179 De
945 2141 1016 2179 hao

362 2196 552 2233 locutione
571 2198 648 2235 vid.
678 2199 726 2235 ad
755 2200 784 2245 I,
810 2198 887 2239 147
921 2205 1017 2235 nott.

364 2252 461 2289 citat
498 2253 714 2290 Herodotea
749 2253 922 2291 Eustath.
968 2253 1017 2290 ad

361 2309 405 2345 ΙΙ.
427 2322 464 2358 p.
486 2311 552 2355 70,
573 2309 626 2349 43
647 2323 677 2346 5.
699 2309 764 2356 53,
786 2312 854 2349 27.
873 2331 929 2338 —-
955 2309 1019 2346 Ad

362 2376 473 2400 usum
492 2365 694 2402 verborum
724 2361 952 2416 ἀπάγεσθαι
982 2372 1020 2402 et

361 2416 574 2471 ἐσάγεσθαι
591 2434 672 2471 cap.
693 2429 862 2472 sequent.
882 2429 1018 2458 teneu-

363 2475 411 2513 da
439 2483 549 2524 sunt,
590 2490 687 2528 quae
721 2477 768 2513 de
788 2479 902 2514 verbo
925 2475 1019 2529 ἄγε-

362 2536 459 2572 σθαι
471 2532 540 2569 hac
562 2534 600 2568 in
622 2546 661 2569 re
672 2541 848 2584 usurpato
871 2535 1017 2586 aliquo-

361 2590 429 2626 ties
450 2590 681 2625 monujmus.
729 2590 839 2627 cons.
859 2597 954 2626 nott.
969 2589 1016 2627 ad

360 2645 426 2692 IV,
437 2648 504 2686 78.
516 2667 571 2674 —
591 2641 698 2685 α’πίει
710 2644 797 2682 dedi
807 2659 875 2697 pro
893 2640 1015 2696 ἀπιεῖ,

363 2708 405 2738 ut
425 2702 488 2750 V1,
508 2701 575 2743 69.

571 2757 664 2807 cap.
683 2759 821 2796 LXIII.

420 2808 790 2866 ἀποπεμψάμενος]
836 2828 860 2851 α
889 2827 923 2861 σᾳ
959 2814 1017 2852 ἀί-

1071 1697 1220 1731 mittens.
1276 1693 1342 1731 Tu
1369 1692 1476 1743 vide,
1498 1707 1595 1747 quae
1615 1692 1665 1731 ad
1683 1694 1730 1744 V,

1072 1753 1124 1792 39
1148 1750 1359 1787 citavimus.

1127 1805 1192 1845 καὶ
1222 1801 1270 1844 οὕ
1290 1801 1532 1856 πληρώσασα
1553 1804 1648 1852 τούς
1667 1804 1733 1845 δέ·

1073 1877 1124 1901 κα
1146 1865 1275 1913 μῆνας
1295 1859 1324 1912 ἦ
1345 1859 1446 1912 γυνή
1469 1858 1594 1912 αὕτη]
1627 1864 1732 1900 Haeo

1075 1932 1095 1955 e
1108 1919 1256 1968 vulgari
1276 1925 1448 1955 veterum
1469 1920 1648 1969 opinione
1670 1918 1732 1956 di-

1074 1982 1145 2021 cta,
1166 1988 1280 2026 quam
1303 1975 1400 2010 infra
1420 1987 1573 2026 quoque
1592 1976 1654 2022 VI,
1676 1978 1737 2016 69

1072 2032 1195 2067 tenuit
1214 2032 1348 2067 Noster
1361 2058 1374 2073 ‚
1405 2038 1440 2067 et
1461 2030 1508 2067 de
1528 2044 1603 2082 qua
1621 2032 1733 2082 plura

1074 2088 1171 2125 Gen.
1192 2089 1239 2123 N.
1261 2087 1308 2122 A.
1330 2087 1395 2133 111,
1412 2089 1476 2127 16.
1507 2088 1607 2124 cum
1626 2089 1732 2124 enim

1072 2143 1111 2178 in
1133 2143 1252 2179 lunari
1269 2149 1440 2179 veterum
1460 2156 1560 2180 anuo
1590 2156 1731 2180 novem

1073 2211 1221 2235 menses
1253 2199 1431 2248 expleant
1460 2199 1537 2236 dies
1567 2201 1662 2247 265,
1689 2201 1731 2236 in

1074 2255 1184 2291 solari
1199 2261 1326 2291 nostro
1349 2253 1425 2290 dies
1447 2254 1539 2301 274,
1569 2254 1658 2292 hinc
1672 2256 1731 2292 fa-

1074 2317 1190 2357 ctum,
1211 2318 1253 2347 ut
1273 2311 1496 2362 plerumque
1519 2311 1630 2348 decem
1641 2325 1731 2362 gra-

1073 2365 1236 2403 viditatis
1263 2379 1411 2403 menses
1451 2366 1553 2417 apud
1585 2375 1731 2406 veteres
1778 2398 1786 2404 .

1074 2429 1325 2460 sumerentur.
1356 2421 1441 2460 vid.
1470 2430 1567 2460 nott.
1588 2423 1638 2461 ad
1665 2426 1728 2474 VI,

1075 2481 1144 2519 69-

1132 2533 1174 2574 ἐν
1187 2529 1308 2588 θώκῳ
1321 2532 1523 2588 κατημένῳ
1541 2533 1636 2585 μετὰ
1647 2538 1729 2575 τοῖν

1071 2586 1258 2642 ἐφόρων]
1298 2592 1502 2628 Pausanias
1531 2593 1597 2638 111,
1627 2595 1664 2639 7,
1686 2595 1725 2640 7,

1072 2647 1235 2683 eadem
1226 2661 1265 2683 ιιι
1285 2658 1348 2684 re:
1391 2645 1458 2686 καὶ
1488 2643 1595 2700 αὐτῷ
1630 2663 1724 2699 μετα

1071 2718 1151 2742 των
1204 2700 1357 2752 ἐφόρων
1407 2703 1625 2771 καθημένῳ
1671 2703 1688 2743 έ
1703 2715 1726 2743 ν

1073 2759 1237 2827 βουλῇ
1269 2754 1396 2810 ἦλθεν
1426 2759 1579 2810 οἰκέτης
1601 2756 1730 2812 ἄπαγ-

1071 2813 1232 2867 γὲλλων.
1287 2813 1527 2853 Herodotum
1543 2818 1575 2854 si
1592 2829 1729 2869 sequa-
