1897 3340
417 262 503 302 242

821 259 1281 297 HERODOT!

416 369 591 413 ἐποίευν
618 367 667 410 τὸ
698 365 1003 422 κελευόμενον·
1040 370 1094 425 τῇ
1125 367 1171 411 δὲ
1203 366 1270 409 ἐπὶ
1299 363 1506 422 ταύτῃσι,
1535 366 1579 408 οἱ
1597 364 1692 408 ’Ἰω-

415 452 512 490 νες,
543 433 615 478 οἷα
646 433 834 485 ἀπαθέες
864 433 1005 485 ἐόντες
1038 433 1188 477 πόνων
1217 432 1455 484 τοιούτων,
1488 432 1692 487 τετρυμέ-
1704 438 1750 473 50

415 520 489 547 vot.
525 519 569 546 τε
607 502 924 557 ταλαιπωρίῃσί
966 517 1010 545 τε
1059 503 1134 545 καὶ
1180 499 1335 558 ἠελίῳ,
1384 500 1531 551 ἔλεξαν
1578 498 1690 553 πρός

388 569 620 620 3ἓωυτούς
657 568 779 612 τάδε·
831 570 973 621 ,,Τίνα
1008 569 1229 625 δαιμόνων
1272 567 1548 623 παραβάντες
1586 567 1690 611 τάδε
1745 574 1826 618 444

417 636 806 692 ,,ἆναπίμπλαμεν,·
846 639 1004 686 οἵτινες
1041 636 1487 692 παραφρονήσαντες,
1523 633 1597 677 καὶ
1625 633 1688 677 ἐκ·

417 703 692 756 ,,πλώσαντες
732 702 780 746 ἐκ
820 706 901 746 τοῦ
929 702 1061 754 νόου,
1111 702 1241 757 α’νδρὶ
1281 703 1456 747 Φωκαέῑ
1495 700 1685 755 ἀλαζόνι,

417 769 720 828 ,,παρεχομε’νῳ
749 768 850 821 νέας
873 774 1007 824 τρεῖς,
1037 770 1339 824 ἐπιτρέψαντες
1367 769 1501 827 ἡμέας
1523 767 1687 821 αὐτούς
1698 777 1743 811 55

387 838 610 895 4,,ἕχομεν.
651 836 676 881 ὁ
714 838 787 889 δὲ,
824 836 1097 893 παραλαβών
1128 837 1282 894 ἡμέας,
1322 839 1576 892 λυμαίνεται
1604 837 1686 881 λύ-

416 918 551 963 „matu
599 904 872 961 ἀνηκέστοισι
886 918 894 926 ·

951 907 1023 948 καὶ
1069 905 1122 961 δὴ
1157 905 1309 949 πολλοὶ
1349 905 1428 959 μὲν
1463 903 1610 960 ἡμέων
1646 904 1710 956 ἐς,

417 973 639 1027 ,,νούσους
668 972 932 1022 πεπτώκασι,
965 973 1119 1016 πολλοὶ
1149 973 1194 1016 ὁὲ
1214 973 1408 1023 ἐπίδοξοι
1427 971 1568 1014 τώυτὸ
1591 975 1689 1016 τοῦ·

388 1050 494 1094 5,,το
525 1042 753 1085 πείσεσθαί
774 1042 867 1084 εἰσι.
906 1040 992 1094 πρό
1020 1056 1065 1083 τε
1095 1040 1263 1083 τούτων
1292 1044 1381 1083 τῶν
1411 1043 1560 1083 κακῶν
1581 1037 1689 1095 ἡμῖν

416 1125 490 1165 „ys
529 1108 716 1164 κρέσσον
758 1108 832 1151 καὶ
871 1108 897 1152 ὅ
926 1125 968 1151 τι
1007 1103 1070 1151 ὧν
1108 1107 1214 1150 ἄλλο
1253 1108 1436 1150 παθέειν
1465 1106 1746 1160 §anismam

414 1177 520 1232 ,,τὴν
559 1174 805 1232 μέλλουσαν
852 1176 1064 1231 δουληΐην
1111 1173 1370 1230 ὑπομεῖναι,
1418 1173 1511 1231 ἥτις
1555 1175 1688 1229 ἔσται,

414 1246 609 1300 ,,μᾶλλον
637 1243 667 1300 ἢ
706 1247 761 1301 τῇ
790 1242 1014 1300 παρεούσῃ
1060 1241 1329 1298 συνέχεσθαι.
1389 1241 1564 1298 φέρετε,
1605 1246 1687 1286 τοῦ

390 1315 615 1364 6,,λοιποῦ
643 1311 702 1369 μὴ
722 1309 982 1368 πειθώμεθα
1012 1308 1191 1354 αὐτοῦ.“
1254 1313 1402 1354 Ταῦτα
1424 1311 1583 1363 ἔλεξαν,
1614 1310 1687 1354 καὶ

358 1509 407 1547 D.
430 1520 529 1560 quae
558 1507 684 1544 attulit
702 1505 889 1544 Valckeu.
946 1507 1027 1542 Mi-

359 1577 431 1601 nus
471 1565 570 1601 bene
596 1565 693 1600 Miot
730 1564 1023 1614 interpretatur:

358 1624 437 1657 taus
461 1620 509 1657 les
527 1621 640 1668 jours.

416 1671 483 1715 οἷα
512 1672 696 1721 οἷπάθεες
726 1669 858 1720 ἐόντες
888 1668 1026 1713 πόνων

358 1730 579 1781 τοιούτων]
622 1733 650 1769 i.
680 1744 714 1767 e.
742 1732 868 1780 quippe
896 1731 1026 1766 istius-

357 1789 454 1826 modi
488 1789 668 1826 laboribus
703 1789 844 1824 minime
868 1786 1022 1833 adsueti,

359 1846 518 1883 laborum
544 1845 781 1895 impatientes.
849 1842 959 1881 Conf.
991 1844 1021 1889 1,

361 1904 457 1942 207.
487 1902 553 1949 111,
579 1902 671 1941 160.
730 1898 793 1936 Ad
807 1911 944 1935 vocem
963 1912 1022 1937 τε-

361 1955 549 2010 τρυμένοι
581 1956 683 1993 conf.
714 1956 745 2003 Ι,
768 1957 835 1995 22.
855 1956 904 2002 11,
929 1955 1021 1994 129.

361 2015 526 2065 Appian.
560 2014 605 2050 Β.
638 2013 682 2050 O.
714 2013 764 2059 ΙΙ,
798 2013 874 2052 30:
921 2023 1022 2063 quae

361 2070 619 2120 Wesselillgio
650 2068 794 2115 debeo,
825 2069 893 2119 qui
919 2066 1025 2104 idem

362 2128 479 2164 verba
519 2127 611 2165 τίνα
656 2122 861 2176 δαιμόνων
894 2138 1025 2175 παρα-

363 2179 506 2234 βάντες
545 2182 644 2232 (quo
669 2183 812 2234 numine
833 2180 944 2230 laeso)
976 2192 1024 2216 ex

362 2245 475 2290 poeta
502 2238 655 2275 fluxisse
685 2244 786 2274 recte
816 2236 1025 2274 admonere

363 2294 538 2341 videtur,
577 2296 695 2331 citans
725 2292 920 2330 Heliodor.
944 2294 1024 2329 Ae-

364 2349 592 2401 thiop.V11
631 2350 697 2386 fin.
735 2348 823 2400 ἐμοὶ
862 2344 1020 2400 μελήσει

365 2409 490 2445 ταῦτα
502 2402 609 2445 mxl‘
587 2420 720 2457 ορκοις
733 2404 802 2444 καὶ
813 2408 926 2452 θεοῖς
938 2408 1020 2451 τοῖς

365 2462 646 2513 παραβαθεῖσι.

420 2515 513 2557 ταδε
544 2514 874 2567 οἷναπίμπλαμεν]
922 2511 1022 2555 ἅνα-

365 2569 590 2624 πιμπλαναι
601 2572 774 2637 (explere)
797 2573 933 2609 eodem
944 2573 1021 2609 fere

366 2643 504 2676 seusu,
545 2642 621 2681 quo
650 2640 836 2678 πασχειν,
873 2627 1021 2680 φέρειν,

367 2685 636 2732 V‚4.1x,87.
666 2684 1023 2735 MonuitSchweig-

366 2741 494 2780 Imeus.
526 2742 882 2788 1111nt.1t11r‚110m=11‹
904 2743 956 2778 u
963 2756 1023 2778 es—

366 2800 516 2847 soling„
556 2798 718 2834 Pausan.
748 2798 798 2843 X,
827 2800 879 2838 28
912 2799 946 2842 ξ.
982 2801 1018 2838 2.

369 2854 431 2892 Ad
450 2855 682 2892 locutionem
696 2849 964 2900 ἐκπλώσαντες
978 2854 1019 2893 ἐκ

1079 1507 1153 1545 τοῦ
1164 1501 1267 1545 νόου
1280 1505 1384 1542 conf.
1398 1513 1496 1543 nott.
1509 1504 1557 1542 ad
1567 1507 1633 1552 ΙΠ,
1649 1504 1743 1546 155.

1081 1561 1195 1608 Quod
1244 1563 1416 1613 sequitur
1463 1561 1745 1613 ἐπιτρέψαντες

1082 1618 1221 1669 ἔχομεν
1256 1630 1325 1668 pro
1357 1617 1628 1669 ἐπετρέψαμεν
1653 1619 1744 1655 iuu-

1080 1675 1210 1712 stravit
1222 1673 1406 1711 Valcken.
1419 1673 1474 1711 his
1494 1675 1608 1711 locis:
1630 1675 1742 1722 1‚28.

1082 1732 1148 1770 37.
1169 1731 1234 1777 ΙΠ,
1258 1732 1311 1771 87
1334 1729 1425 1781 (ubi
1453 1730 1557 1781 vid.)
1590 1730 1638 1767 ad
1658 1731 1743 1766 Eu-

1081 1785 1191 1837 ripid.
1213 1785 1412 1824 Phoeniss.
1438 1789 1532 1827 712.
1566 1787 1633 1828 Cr.
1647 1799 1744 1823 con-

1078 1843 1169 1880 ferri
1209 1844 1290 1880 vult
1317 1841 1517 1880 Heindorf.
1555 1843 1605 1880 ad
1643 1844 1741 1883 Plat.

1078 1898 1246 1936 Phaedr.
1277 1900 1314 1944 §.
1335 1899 1387 1941 85
1419 1911 1507 1950 pag.
1530 1900 1612 1942 285
1634 1907 1672 1938 et
1692 1898 1742 1937 ad

1080 1956 1223 2007 Cratyl.
1244 1956 1281 2001 §.
1304 1954 1357 1996 46
1377 1968 1465 2006 pag.
1483 1958 1550 1996 72.
1579 1977 1636 1983 —-
1677 1955 1740 1993 Ad

1079 2007 1337 2063 α’νηκέστοισι
1355 2013 1456 2051 conf.
1478 2013 1544 2060 111,
1563 2011 1657 2052 154.

1136 2067 1314 2116 ἐπίδοξοι
1341 2089 1398 2096 —
1425 2068 1529 2118 εἰσι]
1583 2069 1739 2106 Passivo

1079 2137 1193 2162 sensu
1221 2123 1510 2175 accipiendum,
1552 2132 1595 2162 ut
1620 2126 1650 2172 1,
1671 2126 1739 2166 89.

1079 2181 1145 2226 IV,
1169 2182 1232 2227 11,
1261 2182 1327 2217 ubi
1347 2180 1424 2218 vid.
1445 2182 1561 2218 Plura
1581 2179 1670 2218 dedi
1689 2179 1740 2218 ad

1078 2235 1275 2274 Plutarchi
1298 2236 1436 2287 Pyrrh.
1457 2250 1545 2288 pag.
1570 2239 1662 2278 177.
1685 2259 1737 2266 —

1078 2292 1141 2330 Ad
1162 2294 1276 2330 verba
1297 2290 1375 2344 πρὸ
1395 2290 1548 2332 τούτων
1576 2295 1656 2332 τῶν
1667 2308 1741 2332 κα-

1078 2352 1163 2388 κῶν
1186 2349 1287 2386 conf.
1308 2348 1443 2386 matth.
1474 2350 1541 2387 Gr.
1563 2350 1629 2386 Gr.
1649 2362 1739 2400 pag.

1079 2404 1187 2445 1135
1209 2412 1245 2442 et
1265 2404 1314 2442 ad
1333 2406 1493 2443 verbum
1504 2404 1740 2457 συνέχεσθαι

1075 2462 1141 2509 111,
1167 2464 1259 2502 131.

1133 2513 1376 2568 πειθώμεθα
1407 2512 1566 2565 αὐτοῦ]
1613 2511 1740 2557 αὐτοῦ

1078 2586 1146 2624 pro
1168 2569 1277 2627 αὐτῷ
1297 2574 1433 2624 opthni
1461 2575 1604 2625 quique
1623 2572 1736 2613 codd.

1081 2629 1231 2666 Eodem
1251 2629 1368 2667 modo
1389 2631 1577 2680 genitivus
1587 2628 1739 2666 additur

1081 2687 1125 2734 V,
1166 2688 1232 2726 29.
1292 2685 1619 2736 ἐσκιητροφέοντο
1657 2693 1736 2723 est:

1079 2743 1141 2779 sub
1160 2744 1283 2780 umbra
1307 2743 1501 2791 degebant:
1534 2755 1631 2794 quae
1661 2741 1736 2779 ho-

1075 2800 1227 2835 minum
1265 2800 1440 2835 mollium
1466 2800 1566 2836 vitae
1596 2797 1737 2836 deliciis

1078 2854 1295 2892 deditorum
1334 2862 1387 2892 est
1415 2856 1508 2893 ratio
1522 2884 1532 2903 ,
1573 2857 1639 2907 qui
1676 2856 1735 2891 ui-
