1897 3340
505 259 1140 297 POLYMNlA.V11.
1376 271 1456 310 451

193 373 338 419 ,,σθαι.
396 369 466 412 Σὺ
495 363 559 412 ὦν
585 367 644 424 μή
678 365 840 423 βούλευ
870 365 913 416 ἐς
942 367 1155 411 κίνδυνον
1182 370 1347 424 μηδένα
1374 387 1515 419 τοι-65

196 441 358 487 ,,οῦτον
397 435 656 486 ἀπικέσθαι,
696 435 906 490 μηδεμιῆς
935 432 1126 492 ἀνάγκης
1156 436 1332 494 ἐούσης·
1371 440 1460 486 ἀλλ’

141 504 317 558 11,,ἐμοὶ
347 506 512 548 πείθευ.
571 505 654 546 νῦν
694 502 774 558 μὲν
809 501 888 545 τόν
918 500 1138 558 σύλλογον
1159 503 1287 549 τόνδε
1317 507 1463 552 διάλυ-

194 587 328 625 ,,σον·
359 569 480 623 αὖτις
509 571 569 623 δὲ,
599 569 705 613 ὅταν
734 585 804 615 τοι
833 569 986 627 δοκέῃ,
1017 572 1376 628 προσκεψάμενος
1394 575 1462 620 ἐπὶ

139 645 434 693 12,,σεωυτοῦ,
473 637 750 694 προαγόρευε
788 637 841 682 τά
870 655 940 682 τοι
970 641 1110 684 δοκέει
1141 639 1254 685 εἶναι,
1293 642 1461 697 ἄριστα.

195 708 269 760 ,,τὸ
307 707 388 762 γὰρ
427 702 477 750 εὖ
506 706 822 763 βουλεύεσθαι,
865 705 1021 761 κέρδος
1047 710 1252 764 μέγιστον
1281 709 1522 765 εὑρίσκω7ο

195 773 308 828 ,,ἐού.
338 797 340 799 -
365 775 402 817 εἰ
430 773 513 831 γάρ
544 775 617 818 καὶ
648 774 968 831 ἐναντιωθῆναί
995 791 1037 819 τι
1064 775 1201 829 θέλει,
1232 779 1463 836 βεβούλευ-

190 990 252 1032 Συ“
273 987 332 1032 ὧν
359 991 413 1045 μή
445 989 619 1044 βούλευ]
652 989 798 1045 βούλευ

134 1064 155 1087 e
184 1051 355 1088 Parisino
395 1050 481 1088 cod.
523 1049 628 1087 dedit
666 1050 797 1099 Gaisf.‚

133 1120 250 1160 quem
289 1120 379 1144 cum
417 1106 598 1144 Bekkero
646 1114 797 1144 secutus

131 1177 230 1203 sum.
290 1164 356 1201 Sic
382 1177 477 1201 mox
496 1164 662 1213 πείθευ,
693 1165 799 1202 cuius

133 1222 217 1258 loco
238 1221 324 1258 libri
349 1220 508 1273 quidam
528 1221 683 1260 πείθεο.
714 1223 799 1258 Hoc

131 1278 216 1315 loco
252 1274 448 1328 βουλεύου
477 1278 676 1329 proferunt
713 1279 799 1315 libri

132 1335 260 1385 scripti
290 1336 483 1387 plerique3
522 1333 625 1371 uude
655 1330 798 1385 βούλεο

134 1405 155 1428 e
184 1392 432 1442 Wesselingii
467 1393 683 1428 coniectura
701 1393 799 1428 Lar-

133 1447 249 1486 chero
271 1449 430 1500 probata
460 1447 630 1485 ediderat
651 1447 799 1486 Sohae-

132 1505 256 1553 ferus,
304 1501 493 1556 βουλεύεο
524 1503 720 1542 Matthiae.
742 1528 796 1534 —

133 1563 179 1598 In
207 1575 313 1613 seqq.
345 1576 436 1599 cum
466 1562 596 1610 Gaisf.,
612 1560 797 1599 Matthiae

135 1626 174 1655 et
213 1617 385 1656 Bekker.
422 1618 559 1655 reduxi
603 1614 796 1671 σύλλογον

134 1671 252 1715 τόνδε
297 1689 366 1727 pro
418 1672 611 1727 σύλλογον
654 1676 796 1715 τῶνδε.

135 1732 249 1778 Quod
270 1746 362 1770 vero
382 1746 476 1769 mox
488 1732 592 1769 idem
605 1733 720 1772 Gaisf.
734 1746 798 1769 re-

134 1790 281 1840 scripsit
302 1783 414 1836 αῧτίς
435 1804 506 1837 τε,
540 1802 609 1840 pro
622 1803 666 1826 eo
679 1790 799 1826 malui

135 1846 316 1898 equidem
345 1859 434 1884 cum
466 1845 639 1894 Schaef.,
669 1845 799 1884 Bekk.

135 1910 174 1939 et
185 1901 320 1940 Matth.
341 1904 503 1939 retinere
524 1903 546 1941 δ
561 1900 590 1950 ὲ,
625 1909 661 1939 et
671 1904 799 1953 ipsum

135 1960 238 1996 libris
260 1959 489 2011 quibusdam
510 1960 668 1996 allatum
684 1967 798 2012 atque

137 2017 368 2053 conveniens
380 2015 690 2053 antecedentibus
702 2032 724 2055 ν
735 2019 762 2055 ὖ
773 2031 797 2055 ν

137 2088 164 2124 μ
177 2071 242 2112 έν,
271 2073 578 2110 Adlocutionem
599 2072 664 2112 ἐπὶ
677 2085 798 2113 σεωυ-

136 2132 208 2169 τοῦ
228 2130 332 2168 conf.
354 2131 467 2167 citata
487 2129 535 2166 ad
556 2131 594 2176 ξ.
620 2134 656 2170 1.

193 2186 230 2226 εἰ
248 2184 323 2240 γάρ
347 2186 413 2226 καὶ
441 2186 739 2237 ἐναντιωθῆναί
760 2201 798 2225 τι

137 2241 273 2292 θέλει]
315 2245 457 2291 „Recte
487 2242 662 2281 Eustath.
693 2244 733 2280 in
752 2244 798 2281 11.

136 2300 174 2335 II
201 2313 240 2350 p.
274 2302 365 2348 131,
388 2303 440 2341 39
458 2313 489 2338 s-
511 2303 617 2348 173.
639 2299 691 2341 35
710 2295 799 2349 ου’κ,

139 2357 214 2402 ait,
261 2354 306 2395 ἐκ
342 2359 422 2395 τῶν
473 2353 801 2408 ἀποτελεσμάτων

142 2406 204 2449 ἀεὶ
233 2410 388 2459 κριτέον
423 2410 470 2451 τοὶ
499 2411 600 2452 καλοὶ
634 2414 709 2453 εἴτε
732 2413 799 2453 καὶ

142 2468 292 2515 φαῦλα,
322 2481 510 2519 suumque
538 2469 633 2506 illud
653 2470 800 2508 dictum

142 2535 193 2558 ex
214 2525 400 2560 sententia
428 2524 554 2562 firmat
574 2527 799 2565 Herodoti.“

149 2578 308 2617 Valck.
353 2579 401 2616 de
431 2592 475 2616 ea
495 2584 679 2619 sententia
692 2612 702 2630 ,
723 2583 800 2636 quai

142 2635 258 2686 vulgo
298 2649 472 2687 perverse
511 2636 722 2676 iudicamus
752 2641 800 2677 ab

143 2699 283 2729 eventu
298 2723 308 2740 ,
346 2694 464 2730 citans
493 2693 740 2735 Demosthen.
761 2710 800 2746 p.

144 2746 169 2788 5
187 2748 244 2798 [p.
269 2752 330 2796 12,
356 2752 406 2790 16
427 2750 493 2797 R.]
515 2756 636 2790 contr.
652 2751 801 2789 Aristo-

143 2811 235 2840 crat.
256 2818 296 2854 p.
313 2805 393 2846 421
419 2806 475 2856 [p.
498 2806 591 2851 658,
613 2807 671 2854 2].
686 2806 801 2844 Thu-

144 2859 229 2910 cyd.
250 2862 280 2908 1,
304 2864 396 2903 120.
433 2861 495 2898 Ad
516 2863 677 2899 verbum
692 2862 801 2904 θέλει

855 936 957 974 conf.
978 944 1108 975 notata
1128 937 1177 975 ad
1196 940 1226 987 Ι,
1247 939 1316 981 74.
1354 942 1400 978 In
1428 956 1521 993 pro—-

852 995 960 1030 xime
988 1008 1095 1047 seqq.
1124 1009 1214 1033 cum
1242 1005 1401 1036 recentt.
1431 999 1520 1038 edd.

853 1051 910 1088 bis
931 1053 1107 1090 revocavi
1135 1046 1284 1104 ἧσσον,
1307 1057 1413 1092 cuius
1433 1057 1520 1094 loco

856 1106 1084 1146 Schaeferus
1119 1109 1245 1147 invitis
1273 1112 1378 1149 libris
1407 1112 1520 1150 exhi-

854 1164 990 1202 buerat
1011 1164 1141 1204 ἕσσον.
1179 1166 1264 1206 vid.
1285 1176 1382 1206 nott.
1405 1169 1454 1207 ad
1473 1171 1520 1220 V,

858 1224 925 1262 72.
956 1221 1067 1268 Quod
1078 1222 1127 1259 ad
1148 1232 1420 1274 argumentum
1431 1228 1519 1275 loci,

855 1291 972 1315 nemo
1003 1292 1082 1315 non
1112 1281 1302 1332 intelligit,
1333 1290 1522 1334 quantum

855 1333 951 1371 haec
971 1337 1086 1373 verba
1105 1338 1256 1375 valeant
1277 1338 1324 1375 ad
1335 1340 1522 1378 Herodoti

855 1394 1085 1429 senteutiam
1116 1392 1164 1430 de
1193 1408 1323 1431 rerum
1344 1399 1520 1434 omnium

855 1448 989 1501 ordine
1008 1463 1237 1502 summaque
1258 1454 1433 1490 omnium
1457 1468 1521 1491 re-

854 1519 941 1542 rum
966 1514 1003 1543 et
1032 1506 1249 1544 divinarum
1271 1516 1309 1545 et
1327 1508 1521 1547 humana-

852 1575 940 1598 rum
960 1562 1223 1600 moderatione
1243 1566 1314 1602 rite
1335 1569 1521 1605 constitu-

854 1618 1009 1656 endam.
1071 1621 1187 1657 Cuius
1225 1623 1416 1673 scriptoris
1445 1623 1520 1662 hoc

855 1677 1041 1712 eximium
1055 1685 1109 1714 est
1120 1690 1162 1714 ac
1182 1680 1385 1728 peculiare,
1400 1681 1520 1732 quod,

854 1746 1108 1785 quaecunque
1119 1734 1159 1770 in
1170 1748 1301 1772 rerum
1312 1744 1448 1774 natura
1460 1751 1504 1776 ac

855 1789 984 1827 cidaut
995 1789 1044 1827 ad
1055 1804 1252 1828 summum
1262 1806 1409 1830 numen
1423 1796 1522 1832 eius-

855 1860 930 1898 que
969 1849 1050 1884 vim
1085 1862 1153 1898 per
1193 1851 1324 1886 omnia
1349 1864 1520 1902 sparsam

857 1904 987 1940 omnia
1010 1904 1290 1952 moderantem,
1311 1909 1440 1944 omnia
1451 1921 1518 1946 su-

854 1967 1056 2010 perantem
1078 1961 1215 1998 referat
1226 1961 1394 2015 indeque
1406 1965 1521 2003 faciat

855 2030 1056 2067 suspensa,
1101 2019 1210 2068 pium
1239 2021 1412 2057 maxime
1441 2023 1522 2059 ani-

854 2087 964 2110 mum
986 2075 1026 2110 in
1046 2073 1150 2111 hisce
1169 2074 1378 2115 declarans.
1409 2079 1524 2118 Conf.

852 2129 1088 2168 Dahhnaun.
1108 2132 1148 2168 in
1158 2132 1301 2170 Herod.
1321 2146 1361 2185 p.
1383 2137 1462 2176 177
1484 2143 1522 2174 et

853 2187 1111 2225 Hoffineister.
1140 2189 1181 2224 in
1209 2190 1330 2239 libro,
1371 2193 1436 2243 qui
1456 2194 1520 2229 iu-

854 2245 1046 2282 scribitur:
1068 2243 1336 2298 sittlich—relig.
1346 2249 1520 2287 Lebens-

856 2300 1005 2339 ausicht
1025 2301 1064 2339 d.
1102 2302 1287 2341 Herodot.
1330 2318 1418 2356 pag.
1450 2304 1518 2354 43,

856 2359 924 2411 qui
954 2358 1050 2396 illud
1083 2372 1239 2411 quoque
1276 2359 1339 2398 hic
1374 2362 1520 2400 attendi

856 2417 973 2464 iubet,
1001 2415 1106 2469 quod
1125 2418 1274 2468 sapiens
1295 2425 1333 2455 et
1352 2418 1520 2470 prudens

856 2474 996 2510 mentis
1033 2472 1255 2510 deliberatio
1286 2477 1454 2526 corporis
1475 2489 1520 2514 ac

857 2537 1015 2567 naturae
1057 2531 1301 2569 facultatibus
1359 2532 1520 2570 rudibus

857 2588 1064 2639 animoque
1084 2589 1298 2625 carentibus
1318 2589 1519 2639 praedica—

854 2649 917 2679 tur
935 2645 1118 2694 superior.
1169 2644 1248 2682 Sed
1267 2647 1422 2697 propius
1442 2645 1520 2682 huc

855 2707 1025 2749 spectare
1056 2701 1229 2746 arbitror,
1261 2715 1359 2753 quae
1381 2702 1429 2739 ad
1449 2703 1518 2747 111,

859 2757 937 2795 108
958 2769 1046 2807 pag.
1080 2759 1158 2798 198
1178 2765 1360 2794 annotata
1379 2759 1519 2807 legun-

857 2817 929 2849 tur.
989 2812 1035 2849 Id
1055 2826 1178 2850 unum
1197 2815 1237 2849 in
1259 2815 1427 2851 clausula
1447 2813 1519 2849 ad-

857 2866 968 2905 dam:
1013 2870 1170 2906 Persam
1209 2871 1262 2906 ita
1295 2871 1519 2921 loquentem

1139 2922 1240 2965 29*

1640 399 1665 423 ⁴.

1884 1305 1897 1451 *effi

1881 1854 1897 2005 DQ
