1897 3340
500 204 958 244 PoLYMNlA
1016 204 1139 243 v11.·
1356 215 1433 254 (591

187 325 275 362 τος,
303 311 354 355 τό
385 312 522 358 ἐθέλει
550 315 711 370 λέγειν·
742 315 851 369 δῆλα
877 311 963 370 γάρ
995 312 1056 364 ὦς
1082 312 1129 356 ἓν
1157 316 1217 371 τῷ
1258 313 1442 375 ἐνιαυτῷ

186 377 276 422 ἐστὶ
314 380 362 425 τὸ
400 382 476 436 ἔαρ
518 381 837 438 δοκιμώτατον·
895 385 972 437 τῆς
1010 380 1058 425 δὲ
1095 383 1184 424 τῶν
1229 378 1443 438 Ἑλλήνων

159 447 408 504 4στρατιῆς,
440 449 520 506 τήν
540 449 705 493 ἑωυτοῦ
743 448 960 505 στρατιήν.
1018 449 1354 505 στερισκομένην
1382 446 1444 494 ὧν

185 513 266 570 τὴν
288 514 469 562 Ἑλλάδα
495 515 762 572 τῆςὲωυτοῦ
792 518 1044 572 συμμαχίης,
1075 518 1213 570 εἴκαζε
1243 515 1300 570 ὡς
1329 519 1366 561 εἰ
1393 518 1442 562 τό

185 582 260 637 ἔαρ
291 583 337 627 ἐκ
366 589 448 628 τοῦ
476 586 679 628 ἐνιαυτοῦ
703 584 1043 641 ἐξαραιρημένον
1073 586 1150 641 εἴη.
1454 593 1499 628 95

269 654 324 695 Οἱ
359 653 438 708 μὲν
476 651 528 708 δὴ
565 655 654 694 τῶν
680 649 894 707 Ἑλλήνων
936 654 1130 708 ἄγγελοι,
1162 654 1353 696 τοσαῦτα
1379 656 1443 709 τῷ
1501 660 1741 722 gulomodoypst

181 718 347 763 Γέλωνι
373 719 760 775 χρηματισάμενοι,
790 720 1018 764 άπέπλεον.
1077 720 1226 764 Γέλων
1254 719 1300 763 δὲ
1329 719 1440 775 πρὸς
1497 697 1705 789 ve‘in‘ff'aflfffss
1726 707 1772 769 {³11-

178 790 326 838 ταῦτα,
357 788 501 837 δείσας
529 787 607 841 μὲν
636 789 734 841 περὶ
762 793 876 831 τοῖσι
892 788 1068 844 ’Έλλησι
1097 789 1155 844 μὴ
1178 787 1234 831 οὐ
1255 787 1441 831 δυνέων-
1499 768 1751 825 ἓῗῑῖἰῃέᾱῖιότίῗ-ῐω

178 870 249 898 ται
279 853 358 898 τόν
386 853 614 911 βάρβαρον
641 854 980 911 ὑπερβαλέσθαι,
1013 855 1160 901 δεινόν
1190 855 1237 899 δὲ
1265 856 1337 899 καὶ
1359 854 1443 899 οὐκ
1499 834 1576 876 581

179 920 417 978 ἀνασχετὸν
445 921 736 978 ποιησάμενος
766 923 910 967 ἐλθών
938 922 982 975 ἐς
1002 922 1343 979 Πελοπόννησον
1367 923 1469 979 ‹iio-1

174 995 327 1045 χεσθαι
356 989 442 1034 ὑπὸ
475 993 835 1047 Λακεδαιμονίων
866 990 950 1035 ἐών
979 992 1180 1047 Σικελίης
1210 989 1442 1046 τύραννος,

145 1057 338 1114 acatium}
376 1058 455 1113 μὲν
490 1058 567 1114 τὴν
606 1056 712 1102 ὁδὸν
742 1057 945 1116 ἠμέλησε,
987 1057 1010 1102 ὁ
1048 1059 1094 1102 δὲ
1136 1058 1268 1113 ἄλλης
1292 1059 1441 1114 εἴχετο.

170 1122 285 1168 Ἐπεί
313 1141 357 1168 τε
385 1126 466 1181 γὰρ
496 1125 674 1182 τάχιστα
707 1125 891 1170 ἐπύθετο
924 1126 1004 1170 τὸν
1035 1126 1211 1182 Πέρσην
1243 1127 1441 1182 διαβεβη-

173 1192 280 1236 κότα
309 1192 387 1237 τόν
409 1192 740 1249 Ἑλλήσποντον,
771 1192 925 1248 πέμπει
950 1194 1333 1252 πεντηκοντέροισι
1353 1209 1439 1248 τρι-

172 1261 215 1304 σὶ
245 1260 428 1317 Κάδμον
455 1261 535 1305 τόν
563 1260 776 1314 Σκύθεω,
804 1260 946 1317 ἄνδρα
969 1265 1116 1314 Κῶον,
1147 1263 1190 1314 ἐς
1215 1260 1469 1315 Δελφούς,5

173 1328 325 1384 ἔχοντα
351 1328 547 1385 χρήματα
576 1330 715 1374 πολλὰ
739 1330 811 1374 καὶ
841 1331 1018 1385 φιλίους
1045 1329 1215 1386 λόγους,
1252 1330 1438 1384 καραδο-ἱ

171 1396 364 1453 κήσοντα
393 1397 471 1453 την
499 1395 652 1454 μάχην,
682 1392 711 1454 ᾗ
739 1397 956 1442 πεσέεται·
988 1398 1062 1443 καὶ
1093 1397 1150 1455 ἢν
1169 1395 1249 1454 μὲν
1278 1396 1302 1441 ὁ
1332 1395 1439 1455 βάρ-

22 652 115 698 163

114 1573 182 1612 vix
221 1574 268 1611 ab
316 1571 513 1611 Herodoto
564 1573 775 1623 exspectari

114 1631 244 1681 possit.
284 1632 420 1683 Neque
440 1637 571 1667 tamen
591 1630 773 1666 continuo

113 1687 183 1724 ista
222 1688 399 1725 eiecerim
439 1701 460 1724 e
499 1693 620 1734 textu,
657 1686 774 1736 probe

113 1745 258 1791 sciens,
299 1742 405 1781 haud
434 1756 555 1795 pauca
587 1744 628 1780 in
649 1745 774 1780 Hero-

116 1799 197 1837 doti
216 1801 318 1838 libris
330 1808 476 1838 exstare
487 1800 659 1848 vulnera,
675 1812 774 1851 quae

112 1857 228 1894 libros
267 1858 450 1909 scriptos,
492 1857 621 1908 quales
669 1869 773 1893 nuuc

109 1912 362 1965 possidemus,
390 1915 507 1964 longe
528 1911 771 1950 antecedant.

303 2004 395 2055 Cap.
417 2003 586 2041 CLXIII.

170 2079 527 2135 χρηματισάμενοι]
552 2081 656 2119 Conf
670 2088 769 2120 nott.

115 2137 166 2176 ad
184 2140 252 2187 111,
292 2142 383 2181 118.
413 2161 470 2167 —
508 2140 553 2175 In
592 2151 685 2190 seqq
723 2137 772 2176 ad

114 2201 343 2232 structuram
353 2197 459 2234 verbi
473 2193 772 2246 ’ὑπερβαλέσθαι

116 2264 207 2288 cum
242 2254 454 2291 accusativo
494 2253 595 2289 conf.
630 2250 768 2289 Matth.

117 2308 184 2346 Gr.
206 2309 271 2345 Gr.
293 2309 330 2353 §.
362 2309 442 2349 358
468 2315 549 2347 not.
580 2321 669 2359 pag.
690 2310 769 2348 673

118 2362 340 2404 δυνέωνται
371 2364 464 2413 (ubi
495 2371 656 2415 quatuor
686 2365 773 2401 libri

118 2416 346 2470 δύνωνται)
376 2426 525 2456 mutare
544 2420 662 2458 nolui.
713 2420 771 2457 Cf.

117 2478 182 2526 IV,
213 2480 266 2519 97
288 2484 325 2514 et
345 2475 455 2514 Suid.
485 2489 516 2512 s.
547 2488 582 2514 v.
614 2473 772 2514 δείσαν-

117 2547 180 2581 τες
197 2536 216 2571 Ι
236 2547 324 2585 pag.
348 2533 443 2575 534.
483 2530 546 2568 Ad
565 2544 676 2568 usum
687 2544 772 2581 par.

120 2591 257 2628 ticulae
287 2588 329 2630 δὲ
358 2592 398 2627 iu
427 2589 549 2627 verbis
581 2586 603 2627 ὁ
626 2587 674 2626 δὲ
701 2584 773 2626 ἅλ-

122 2649 192 2697 λης
225 2647 346 2699 εἴχετο
380 2645 481 2686 conf.
511 2651 605 2684 nott.
642 2642 691 2681 ad
726 2644 770 2691 V,

121 2783 123 2785 ·
173 2759 333 2810 φιλίους
354 2756 522 2810 λόγους]
555 2755 711 2802 Quibus,
740 2756 771 2792 si

118 2814 168 2852 ita
188 2829 246 2854 res
265 2816 391 2864 ferret,
413 2817 569 2853 Persam
587 2824 701 2861 regem
711 2825 772 2849 co·

830 1575 932 1610 miter
985 1573 1222 1624 alloqueretur
1273 1572 1491 1624 Gelonique

831 1630 1061 1668 conciliaret.
1131 1631 1197 1668 Sic
1246 1630 1346 1676 VIII,
1390 1631 1491 1669 106:

832 1685 937 1737 ἔλεγε
957 1683 1060 1737 πρός
1089 1683 1215 1727 αὐτὸν
1232 1682 1405 1731 πολλοὺς
1424 1685 1492 1725 καὶ

832 1743 992 1792 φιλίους
1016 1738 1175 1795 λόγους.
1234 1745 1411 1793 Namque
1432 1742 1490 1780 δι-

832 1799 1004 1848 φασίους
1017 1795 1160 1852 λόγους
1182 1800 1333 1849 corrigi,
1354 1811 1489 1834 ueces-

829 1868 917 1892 sum
944 1854 1049 1892 haud
1069 1857 1244 1904 arbitror,
1279 1857 1311 1892 si
1331 1853 1490 1906 quidem

829 1911 879 1948 ad
900 1913 1087 1948 amicitiae
1118 1913 1225 1949 illam
1254 1911 1489 1949 testificatio—

827 1981 919 2005 nem
941 1965 1098 2008 διδόναι
1120 1971 1199 2020 γῆν
1223 1983 1264 2008 τε
1285 1967 1353 2008 καὶ
1378 1963 1489 2019 ὕδωρ

828 2024 1028 2062 manifesto
1066 2026 1254 2077 spectat‚“
1305 2024 1490 2062 Wesse-

829 2080 950 2130 ling.

887 2133 1216 2188 καραδοκήσοντα
1235 2133 1311 2187 τήν
1341 2129 1488 2185 μάχην,

828 2187 857 2247 ᾗ
876 2192 1080 2244 πεσέεται]
1117 2194 1256 2244 Attigit
1286 2190 1425 2230 Suidas
1457 2204 1486 2229 s.

828 2264 866 2289 v.
889 2251 923 2287 Π
940 2263 1024 2301 pag.
1046 2250 1142 2291 241.
1183 2253 1312 2301 Atque
1332 2247 1408 2285 huc
1427 2255 1487 2285 et-

827 2307 907 2344 iam
926 2314 1097 2358 spectare
1124 2307 1279 2344 Timaei
1319 2306 1486 2355 glossam

827 2364 868 2400 iu
888 2365 982 2402 Lex.
1007 2365 1107 2401 Plat.
1130 2378 1169 2415 p.
1203 2364 1283 2404 152
1313 2361 1486 2413 καραδο-

827 2422 934 2459 κεῖν·
964 2417 1009 2459 vd
1029 2422 1101 2460 τοῦ
1112 2418 1342 2473 πράγματος
1359 2413 1485 2467 κεφά-

827 2477 942 2515 λαιον
958 2475 1151 2526 ἐπιζητεῖν
1171 2475 1238 2515 καὶ
1255 2475 1484 2515 ἐπισκοπεῖν

827 2527 905 2583 ’ὅπῃ
928 2528 1090 2585 χωρήσῃ
1120 2539 1248 2570 censet
1275 2528 1482 2568 Ruhnken.

827 2586 928 2624 Add.
957 2590 1088 2625 Iacobs
1116 2588 1164 2626 ad
1195 2589 1342 2625 Aeliau.
1364 2587 1410 2621 N.
1432 2586 1482 2623 A.

826 2644 964 2691 111,16.
981 2644 1093 2691 Quod
1103 2658 1192 2683 vero
1203 2639 1230 2700 ᾗ
1241 2644 1301 2681 vel
1313 2644 1350 2678 in
1361 2642 1409 2690 τῆ
1419 2640 1481 2677 vel

826 2700 867 2736 in
879 2701 932 2753 κῇ
943 2700 1173 2739 mutandum
1186 2699 1330 2738 censuit
1342 2697 1480 2733 struve

828 2756 940 2806 Speo.
961 2759 979 2793 Ι
1007 2771 1094 2809 pag.
1117 2762 1182 2799 31.
1205 2759 1270 2801 32,
1299 2752 1479 2803 idemque

827 2811 907 2850 fieri
925 2814 1007 2852 vult
1026 2815 1108 2862 VII,
1123 2814 1213 2858 168,
1236 2807 1416 2862 equidem
1436 2808 1478 2844 li-

1103 2868 1157 2909 44
1179 2864 1203 2887 ’ν’
