1897 3340
433 254 518 294 204
838 252 1303 290 HERODOTI

432 360 486 404 τὰ
517 361 771 415 περιέσχατα
798 361 1040 416 νεμομένου
1068 365 1148 404 τοῦ
1179 360 1339 414 πυρὸς,
1369 362 1442 405 καὶ
1473 361 1556 406 οὐκ
1583 362 1748 419 ἔχον-55

432 445 507 479 τος
537 428 732 484 ἐξήλυσιν
770 428 815 472 ἐκ
851 434 929 472 τοῦ
968 427 1139 480 ἄστεος,
1179 430 1413 483 συνέρῤεον
1452 429 1495 480 ἒς
1532 445 1576 472 τε
1613 431 1693 486 τὴν

435 493 605 552 ἀγορὴν
647 497 721 541 καὶ
759 496 826 540 ἐπὶ
866 495 946 540 τόν
993 497 1234 540 Πακτωλὸν
1269 495 1487 550 ποταμόν·
1534 496 1583 547 ὅς
1613 509 1694 552 σφι

434 567 586 619 ψῆγμα
630 569 796 619 χρυσοῦ
834 561 1121 617 καταφορέων
1159 563 1206 606 ἐκ
1240 568 1323 608 τοῦ
1370 563 1576 619 Τμώλου,
1620 564 1692 609 διὰ

432 632 563 689 μέσης
597 635 672 688 τῆς
701 630 866 687 ἀγορῆς
897 632 1004 686 ῥέει,
1049 631 1122 674 καὶ
1161 631 1304 674 ἔπειτα
1343 631 1386 683 ές
1421 631 1499 675 τόν
1527 630 1694 688 “Έρμον

432 825 499 866 καὶ
530 820 605 865 ov’n
636 824 793 876 ἔχοντος
822 820 1031 876 ἐξήλυσιν]

372 884 462 920 ἰ.ἐ.
488 894 597 932 neque
628 882 721 932 (ut)
743 883 876 919 exitum
894 882 1034 919 haberet

374 939 489 977 ullum
511 938 661 988 (ignis)
684 951 726 974 ex
746 938 847 985 urbe,
876 938 942 974 ubi
955 951 1033 975 nou

375 1008 469 1045 opus
492 994 647 1045 ἔχοντος
669 995 838 1045 accipere
861 1007 930 1045 pro
954 1010 1034 1033 πα-

371 1051 554 1103 ρέχοντος
587 1051 642 1100 (i.
672 1064 704 1090 e.
737 1051 872 1087 nullum
901 1053 1034 1088 exitum

365 1109 576 1159 praeberet),
588 1114 631 1144 ut
651 1109 799 1144 monuit
811 1106 1031 1157 Schweigh.

372 1166 411 1201 in
441 1166 537 1201 Lex.
578 1163 761 1201 Herodot.
799 1165 928 1212 citans,
965 1165 1030 1213 III,

374 1224 452 1262 117
474 1221 559 1257 coll.
581 1222 661 1268 VII,
686 1223 786 1266 1303
827 1233 902 1272 quo
924 1227 1033 1258 utro-

369 1291 446 1329 que
458 1278 541 1313 loco
553 1275 733 1327 ἐξήλυσις
745 1275 792 1313 de
802 1276 930 1314 fluvio.
952 1279 1031 1314 Nec

367 1335 491 1384 magis
512 1346 605 1384 opus
627 1346 716 1370 culn
736 1334 867 1370 Pawio
889 1341 925 1370 et
935 1336 1033 1370 Lar-

369 1389 484 1427 chero
504 1391 665 1427 scribere
686 1384 761 1429 οὐκ
781 1388 944 1441 ἔχοντες.

424 1501 489 1541 ἐπὶ
510 1498 840 1550 τόν·Πακτωλόν]
864 1503 937 1548 Qui
956 1502 1031 1539 flu-

367 1559 451 1596 vius
479 1557 569 1595 inde
602 1557 879 1608 Chrysorrhoas
910 1572 932 1595 a
961 1573 1031 1595 ve-

366 1615 507 1652 teribus
528 1615 599 1651 fuit
632 1613 772 1661 dictus,
812 1621 905 1651 teste
935 1616 1032 1652 Plu-

368 1671 488 1709 tarch.
515 1673 551 1707 II
581 1684 619 1721 p.
645 1671 765 1711 1151.
792 1671 892 1708 Plin.
913 1673 961 1708 H.
982 1673 1029 1712 N.

368 1728 414 1776 V,
445 1730 498 1769 29
520 1728 610 1777 (30)
642 1728 727 1763 coll.
745 1727 921 1767 Strabon.
938 1729 1031 1764 XIII

366 1798 405 1834 p.
427 1786 507 1824 928
530 1784 572 1820 C.
593 1797 621 1821 s,
644 1797 682 1833 Ρ.
706 1785 798 1823 626.
836 1786 934 1820 Nam
954 1783 1031 1820 hu-

365 1842 423 1877 ius
445 1847 565 1876 aetate
586 1840 690 1876 nulla
711 1841 872 1890 amplius
898 1854 1030 1877 secum

365 1895 518 1933 duxisse
554 1896 674 1932 fertur
723 1898 803 1932 auri
842 1905 1028 1934 ramenta.

364 1954 526 2004 Reliqua
535 1953 751 1989 testimonia
773 1951 819 1989 de
831 1953 946 1990 ssuvio
958 1966 1029 1990 au-

365 2011 478 2046 rifero
506 2010 749 2060 multumque
785 2010 831 2046 ab
865 2012 1028 2062 antiquis

364 2065 454 2102 hinc
465 2066 652 2102 celebrato
672 2065 928 2115 suppeditabit
941 2068 1031 2103 Cel-

364 2123 433 2160 lar.
454 2123 571 2162 Notit.
594 2122 682 2158 Orb.
703 2123 834 2174 Antiq.
858 2124 921 2171 III,
943 2123 969 2164 4
989 2137 1028 2174 p.

364 2181 443 2220 126
453 2192 531 2230 seq.
544 2179 630 2215 coll.
644 2179 813 2215 Plinium
824 2181 1027 2230 interprete

362 2236 474 2271 Gallo
505 2234 616 2271 docto
644 2249 683 2286 p.
716 2237 798 2275 362
827 2249 934 2288 seqq.
966 2235 1026 2273 ed.

362 2289 614 2327 Panckouck.
696 2292 870 2341 Angusto
919 2294 1026 2329 alveo

361 2349 600 2398 minimeque
611 2348 800 2397 profundo
813 2350 1025 2397 Pactolum,

362 2405 424 2441 cui
453 2417 556 2440 nunc
577 2417 719 2439 nonien
743 2404 923 2453 Sarabat,
951 2406 1026 2441 ssu-

361 2473 424 2497 ere
453 2467 637 2497 testantur
668 2463 885 2498 recentioris
920 2469 1024 2498 aeta-

360 2518 406 2554 tis
436 2518 747 2567 peregrinatores.
779 2519 836 2554 Cf.
868 2517 1025 2554 Cliand-

360 2573 417 2610 ler
445 2574 470 2610 l.
501 2574 528 2612 l.
561 2585 647 2623 pag.
679 2574 774 2614 359.
814 2573 1024 2611 Prolxescli.

360 2630 642 2679 Erinnerungg.
665 2642 730 2665 aus
750 2631 916 2681 Aegypt.
945 2629 1025 2667 und

359 2687 522 2724 Kleinas.
552 2687 604 2721 111
633 2699 670 2736 p.
698 2688 786 2726 158.
811 2687 902 2727 143.
934 2690 1026 2727 161.

415 2743 539 2780 Verba
550 2755 656 2793 seqq.
681 2737 724 2787 ὅς
742 2754 814 2792 σφι
832 2745 974 2792 ψῆγμα
987 2757 1024 2781 κ.

360 2814 391 2838 τ.
413 2801 447 2838 λ.
484 2801 574 2837 citat
593 2797 766 2836 Eustath.
797 2797 843 2836 ad
864 2800 1024 2851 Dionys.

359 2857 456 2897 830.

1145 825 1187 867 ἐκ
1200 829 1272 866 τοῦ
1288 823 1472 878 Τμώλου]
1488 827 1634 864 Dicitur
1646 826 1749 878 apud

1091 884 1254 920 Graecos
1275 882 1298 922 ὁ
1324 886 1494 933 Τμῶλος,
1521 891 1563 920 ut
1583 884 1633 928 V,
1658 885 1749 932 100,

1094 939 1259 984 Tmolus;
1281 938 1381 976 unde
1400 940 1467 976 ins.
1485 937 1750 990 exhibuiwpog

1087 992 1134 1035 τὸ
1165 990 1285 1046 οὖρος
1305 993 1369 1035 τὰν
1405 997 1569 1046 Τμωλον
1598 997 1750 1046 optimis

1091 1053 1302 1104 quibusque
1342 1053 1444 1089 libris
1475 1051 1749 1089 addicentibus.

1089 1109 1163 1154 Qui
1192 1122 1303 1145 mons
1336 1123 1356 1145 e
1378 1110 1508 1145 Tauro
1538 1121 1691 1145 exorsus
1713 1115 1752 1146 et

1087 1178 1155 1215 per
1181 1164 1350 1202 mediam
1387 1164 1552 1216 Lydiam
1587 1177 1751 1216 eamque

1086 1223 1306 1259 interiorem
1314 1229 1506 1272 porrectus
1527 1235 1644 1272 prope
1657 1222 1751 1259 Sar-

1089 1277 1166 1325 des,
1185 1291 1348 1330 quarum
1370 1291 1438 1314 arx
1458 1279 1499 1314 iu
1519 1291 1596 1314 una
1617 1278 1750 1315 Tmoli

1088 1347 1181 1385 rupe
1204 1334 1433 1383 considebat,
1460 1333 1671 1379 desinebat,
1693 1335 1752 1371 al-

1087 1397 1147 1428 tus
1167 1392 1230 1427 ille
1245 1391 1415 1443 quidem,
1427 1390 1492 1427 sed
1504 1390 1608 1427 idem
1621 1391 1750 1428 omni-

1087 1461 1156 1484 um
1176 1461 1316 1495 rerum,
1337 1449 1416 1485 vini
1436 1449 1669 1499 praesertim,
1689 1447 1750 1484 fe-

1086 1506 1311 1541 racissimus.
1370 1505 1435 1541 Tu
1462 1503 1538 1541 vid.
1559 1505 1750 1541 Mannert.

1088 1562 1228 1611 Geogr.
1240 1561 1303 1607 VI,
1316 1562 1340 1600 3
1354 1575 1391 1611 p.
1405 1563 1500 1600 362.
1519 1561 1750 1597 Maltebrun.

1085 1618 1126 1652 in
1146 1618 1298 1655 Annall.
1323 1615 1387 1654 des
1408 1617 1581 1667 Voyages
1601 1616 1749 1666 (1809)

1085 1674 1139 1709 111
1173 1686 1261 1723 pag.
1292 1674 1389 1713 258.
1422 1672 1631 1711 Prokesch.
1663 1673 1690 1710 l.
1720 1673 1748 1710 l.

1085 1742 1175 1780 pag.
1200 1732 1274 1770 131
1299 1742 1406 1780 seqq.
1435 1730 1546 1766 Nunc
1567 1742 1657 1766 eum
1676 1741 1748 1766 vo-

1086 1787 1162 1822 cari
1179 1785 1367 1834 Buz-Dag
1387 1799 1416 1822 s.
1440 1785 1639 1834 Tomohhzi,
1669 1786 1748 1822 iam

1086 1841 1135 1879 ad
1155 1843 1183 1888 1,
1202 1844 1255 1882 93
1275 1841 1540 1878 indicavimus.

1142 1894 1208 1936 διοέ
1231 1896 1351 1947 μέσης
1372 1899 1443 1948 τῆς
1470 1893 1618 1949 ἀγορῆς
1646 1895 1747 1949 ῥέει]

1087 1954 1197 1991 Conf.
1213 1952 1348 1991 Matth.
1361 1955 1427 1991 Gr.
1448 1955 1513 1992 Gr.
1504 1966 1612 2005 .pag.
1627 1952 1748 1994 1314.

1085 2011 1320 2060 Wesseling.
1347 2010 1457 2048 affert
1487 2012 1602 2047 Dion.
1623 2008 1749 2061 Chry-

1087 2074 1175 2105 sost.
1209 2067 1311 2103 Orat.
1343 2069 1395 2107 83
1430 2081 1467 2118 p.
1490 2067 1572 2108 659
1591 2067 1654 2114 Α.,
1684 2067 1750 2134 qui

1087 2124 1291 2160 Pactolum
1310 2124 1436 2160 sciibit
1458 2120 1524 2162 δια
1547 2121 1676 2174 μέσων
1700 2118 1751 2161 οἶ-

1084 2174 1358 2230 φικνούμενον
1397 2175 1628 2231 Σαρδεων
1615 2178 1751 2229 ε’τοιμα

1082 2233 1260 2288 χρήματα
1280 2235 1464 2285 κθμίζδιν.
1495 2256 1550 2263 -·
1585 2235 1749 2273 DeHer.

1082 2307 1135 2329 mo
1163 2291 1239 2329 vid.
1269 2299 1364 2328 nott.
1395 2291 1442 2328 ad
1467 2293 1495 2339 1,
1518 2291 1585 2333 55,
1642 2290 1746 2330 Add-

1083 2348 1285 2386 Cliandler.
1315 2349 1339 2384 l.
1370 2348 1395 2384 l.
1427 2361 1510 2398 cap.
1531 2349 1627 2384 XXI
1655 2361 1745 2399 pag.

1085 2408 1163 2446 105
1176 2418 1295 2456 seqq.,
1318 2405 1381 2455 qui
1392 2404 1495 2440 fluvii
1505 2417 1658 2440 cursum
1678 2417 1745 2441 ac-

1082 2468 1209 2498 curate
1230 2463 1465 2512 persequitur
1489 2467 1523 2496 et
1534 2458 1744 2498 Prokesch.

1080 2519 1105 2554 l.
1127 2518 1152 2554 l.
1172 2530 1259 2568 pag.
1293 2520 1366 2558 161
1400 2530 1478 2568 seq.
1536 2515 1599 2553 Ad
1627 2517 1743 2553 verba

1082 2572 1105 2612 ό
1127 2571 1167 2611 δὲ
1190 2573 1228 2620 ἐς
1250 2570 1460 2612 θάλασσαν
1490 2573 1591 2612 cons.
1615 2574 1742 2611 Strab.

1082 2631 1174 2666 XIII
1205 2642 1291 2680 pag.
1312 2632 1392 2670 626
1413 2631 1460 2666 A.
1481 2642 1510 2666 s.
1532 2643 1569 2680 p.
1591 2631 1684 2670 928.
1698 2630 1742 2667 C.

1085 2688 1191 2722 —In
1203 2699 1311 2737 seqq.
1327 2687 1442 2723 verba
1454 2687 1531 2724 τῶν
1543 2686 1742 2735 πολεμίων

1082 2744 1188 2779 uncis
1199 2743 1346 2779 inclusit
1355 2741 1488 2780 Matth.
1501 2748 1543 2778 ut
1558 2748 1744 2792 suspecta.

1081 2798 1175 2835 Mihi
1196 2812 1273 2835 non
1304 2801 1399 2837 iusta
1431 2805 1587 2849 apparet
1619 2799 1744 2849 suspi-

1081 2857 1201 2893 cionis
1223 2868 1347 2893 causa.
1371 2880 1420 2885 -
1480 2857 1523 2891 ln
1553 2855 1629 2892 fine
1658 2867 1740 2906 cap.
