1897 3340
322 915 385 958 12

118 989 175 1017 per
187 980 308 1016 aliquot
325 978 390 1006 dics

117 1015 157 1042 ad
170 1021 298 1050 pugnam
317 1016 393 1040 stre-

118 1057 177 1075 nue
191 1056 261 1075 sese
276 1055 362 1074 exer—

118 1084 205 1110 cent:
225 1090 292 1110 mox
309 1080 392 1108 labo-

446 201 531 241 240

856 197 1313 236 HERODOTI

420 316 601 366 3,,τῃσι·
631 309 715 350 νῦν
736 303 800 349 ὦν
828 303 978 361 ὑμέες,
1006 303 1035 361 ἢ
1063 305 1142 362 μὲν
1171 304 1391 362 βούλησθε
1418 309 1712 361 ταλαιπωρίας

450 375 752 428 ,,ἐνδε’κεσθαι,
788 372 837 415 τὸ
873 376 1135 428 παραχρῆμα
1163 374 1242 429 μὲν
1271 373 1407 424 πόνος
1441 372 1550 428 ὑμῖν
1579 374 1710 425 ἔσται,

449 439 566 496 ,,οἶοί
594 455 642 485 τε
669 440 715 484 δὲ
743 441 906 492 ἔσεσθε,
934 438 1308 496 ὑπερβαλλόμενοι
1335 441 1442 494 τούς
1471 442 1710 495 ἐναντίους,
1723 449 1769 483 35

448 509 590 563 ,,εἷναι
619 508 866 562 ἐλεύθεροι·
905 509 942 552 εί
971 507 1017 551 δὲ
1047 510 1236 567 μαλακίῃ
1266 527 1310 553 τε
1343 508 1418 553 καὶ
1448 508 1597 567 ἀταξίῃ
1626 511 1716 553 δια-

451 577 711 635 ,,χρήσεσθε,
753 573 963 631 οὐδεμίαν
990 575 1141 630 ὑμέων
1173 576 1252 633 ἔχω
1282 577 1435 621 ἐλπίδα
1462 576 1520 632 μὴ
1551 574 1606 620 οὐ
1630 566 1715 620 δώ-

451 655 571 696 ,,σειν
599 640 738 698 ὑμέας
769 644 894 698 δίκην
923 647 983 700 τῷ
1013 645 1180 699 βασιλέϊ
1197 648 1272 701 τῆς
1303 643 1573 694 α’ποστάσιος.
1614 639 1712 686 ἀλλ’

423 711 578 766 4,,ἓμοί
607 726 650 753 τε
691 710 916 760 πείθεσθε,
956 711 1030 754 καὶ
1059 709 1154 766 ἐμοὶ
1182 711 1316 767 ὑμέας
1357 711 1519 763 αὐτοὺς
1547 709 1717 765 ἐπιτρέ-

451 786 606 832 ,,ψατε·
638 778 712 820 καὶ
737 775 844 834 ὑμῖν
873 777 968 833 ἐγώ,
998 782 1117 822 θεῶν
1144 778 1197 821 τοὶ
1226 780 1300 822 ἰ’σα
1329 777 1565 834 νεμόντων,
1610 776 1771 822 ὑπο-40

449 847 659 902 ,δέκομαι
686 844 714 902 ἢ
755 843 810 889 ου’
842 847 1064 902 συμμίξειν
1087 845 1187 898 τοὺς
1215 847 1462 902 πολεμίους,
1499 844 1530 903 ἢ
1561 845 1715 901 συμμί-

444 925 676 970 ,,σγοντας,
705 912 869 957 πολλὸν
897 912 1259 957 ἐλασσώσεσθαι.“
1320 917 1471 957 Ταῦτα
1498 912 1711 956 οἷκούσαν·

449 998 517 1033 τες
556 983 600 1025 οἱ
624 979 773 1032 Ἴωνες
809 980 1086 1036 ἐπιτρέπουσι
1127 981 1264 1037 σφέας
1311 979 1474 1032 αὐτοὺς
1511 983 1574 1036 τῷ
1613 982 1715 1022 Διο-

450 1050 590 1107 νυσίῳ
607 1063 617 1074 ·
647 1048 670 1093 ὁ
702 1048 769 1100 δὲ,
807 1046 982 1106 ἀνάγων
1010 1048 1211 1093 ἑκάστοτε
1239 1048 1307 1093 ἐπὶ
1335 1048 1467 1104 κέρας
1490 1047 1569 1099 τοὶς
1598 1047 1714 1102 νέας,

394 1221 499 1266 εἶναι
536 1221 782 1275 ἐλευθέροισι
816 1219 845 1274 ἢ
876 1219 1053 1264 δούλοισι
1104 1223 1340 1275 praebebunt,
1374 1224 1495 1260 neutri
1517 1223 1622 1272 parti
1641 1219 1771 1271 faven-

394 1281 471 1322 vid.
492 1279 628 1318 Matth.
645 1281 712 1317 Gr.
734 1281 800 1316 Gr.
820 1293 908 1330 pag.
934 1281 1054 1329 1053,

394 1350 513 1392 quem
539 1336 708 1374 eundem
733 1349 822 1387 pag.
850 1338 933 1378 872
961 1350 1057 1374 con-

339 1412 342 1415 ·
393 1396 465 1434 sul.
487 1393 536 1431 ad
549 1395 665 1432 verba
684 1392 753 1432 καὶ
775 1389 963 1432 τούτοισι.

452 1450 720 1503 ταλαιπωρίας
795 1448 1056 1499 ἐνδέκεσθαι]

397 1508 625 1557 „Sententia
656 1505 747 1543 dicti
773 1507 860 1543 satis
892 1512 947 1543 est
965 1520 1056 1557 per—

394 1565 547 1615 spicua:
578 1563 754 1600 molestias
779 1564 813 1599 si
841 1562 956 1599 velitis
975 1564 1056 1600 sub-

395 1622 469 1667 ire,
500 1620 617 1656 labore
643 1619 737 1655 vobis
768 1618 964 1655 libertatem
983 1633 1054 1669 pa-

395 1677 548 1720 rabitis;
586 1681 629 1712 ut
655 1675 800 1726 optima
833 1675 989 1726 quaevis
1018 1682 1057 1713 et

395 1731 666 1770 iucundissima
695 1744 775 1768 non
795 1731 867 1767 nisi
886 1732 1056 1782 primum

395 1791 552 1839 impensa
568 1801 672 1838 opera
682 1789 894 1838 comparari
911 1789 1054 1826 solent:

396 1846 496 1883 labor
524 1846 628 1881 enim
650 1844 897 1895 voluptasque,
946 1845 1055 1882 dissi-

396 1902 546 1939 millima
573 1904 729 1948 natura,
777 1903 940 1938 societate
966 1915 1055 1952 qua-

397 1958 479 1996 dam
501 1960 594 1995 inter
611 1970 645 1994 se
676 1957 844 1994 naturali
873 1961 956 1994 sunt
975 1960 1056 1996 iun-

397 2019 478 2062 cta,
498 2022 539 2052 ut
559 2027 647 2051 vere
667 2014 794 2050 scribit
808 2015 937 2051 Livius
957 2015 1001 2061 V,
1016 2017 1054 2055 2.

407 2071 468 2109 Va
480 2071 492 2107 ί
504 2084 521 2108 c
530 2070 574 2107 ke
583 2084 618 2107 n.
630 2070 746 2107 citans
754 2071 893 2107 similes
904 2079 1055 2108 senten-

396 2129 465 2164 tias
486 2140 506 2163 e
526 2125 706 2176 Xenoph.
721 2127 860 2178 Cyrop.
880 2129 910 2174 Ι,
932 2127 969 2173 5,
989 2130 1053 2167 12.

396 2185 555 2233 Dionys.
568 2184 688 2221 Halic.
706 2184 756 2219 T.
777 2184 811 2218 11
827 2198 865 2234 p.
888 2186 981 2231 317,
1000 2187 1052 2224 23

399 2247 435 2276 et
457 2240 552 2276 Gell.
574 2241 619 2277 N.
641 2240 689 2276 A.
710 2239 812 2287 XVI,
837 2243 872 2279 1.
902 2241 979 2288 Nos
1006 2238 1055 2276 ad

396 2296 666 2347 particularum
700 2308 853 2347 quoque
883 2297 1054 2333 usumin

396 2352 453 2389 his
474 2351 617 2388 attendi
636 2352 825 2388 volumus.
874 2354 972 2388 Nam
993 2354 1057 2403 qui

396 2409 436 2445 in
457 2409 573 2459 priori
593 2410 772 2445 orationis
793 2416 898 2459 parte
909 2410 1056 2459 scripsit

397 2461 450 2516 ’ἣν
480 2461 571 2516 μὲν
588 2494 597 2512 ,
627 2465 657 2500 is
677 2465 717 2501 in
738 2465 856 2501 altero
876 2467 1000 2516 posuit
1023 2465 1057 2504 εἰ

399 2519 467 2560 δέ.
524 2521 582 2556 De
610 2533 687 2572 quo
716 2522 867 2558 monuit
886 2522 1053 2560 VVerfer.

399 2579 438 2614 iu
456 2578 556 2614 Actt.
588 2575 694 2627 phin.
725 2579 899 2614 Monacc.
927 2580 943 2614 l
968 2591 1055 2629 pag.

400 2636 494 2674 102.
524 2655 579 2660 ——-
608 2634 683 2670 Pro
717 2630 910 2685 ου’δεμίην
929 2635 1059 2686 scripsi

399 2685 600 2740 οὐδεμίαν.

455 2748 567 2784 θεῶν
588 2742 634 2783 τοὶ
658 2744 722 2784 ἴσα
741 2741 964 2796 νεμόντων]
988 2747 1011 2783 ἰ.
1025 2759 1056 2785 e.

397 2801 453 2841 dii
481 2804 638 2853 utrisque
671 2803 916 2854 pugnantibus
944 2815 1059 2852 aequa

1112 1285 1174 1328 tes,
1198 1280 1311 1331 plane
1329 1285 1372 1315 ut
1391 1279 1442 1316 VI
1444 1307 1460 1324 ,
1474 1280 1564 1325 109,
1586 1278 1652 1314 ubi
1661 1279 1770 1325 Miot,

1113 1337 1243 1373 Gallus
1253 1337 1451 1386 interpres,
1465 1332 1650 1371 reddidit:
1672 1336 1705 1371 si
1718 1333 1768 1371 les

1115 1393 1223 1430 dieux
1241 1395 1369 1429 restent
1388 1395 1538 1429 neutres.
1569 1391 1646 1428 Pro
1663 1389 1773 1430 ἐλασ-

1117 1445 1340 1496 σώσεσθαι,
1363 1447 1469 1501 quod
1488 1460 1602 1485 sensu
1621 1447 1772 1499 passivo

1113 1504 1380 1556 accipiendum
1402 1503 1508 1556 (vid.
1526 1511 1624 1541 nott.
1657 1502 1706 1540 ad
1725 1503 1771 1552 V,

1112 1563 1198 1611 35),
1210 1561 1416 1608 Mediceus,
1429 1562 1668 1598 Florentinus
1683 1571 1773 1597 cum

1112 1619 1212 1655 aliis:
1246 1613 1628 1668 ἐλασσωθήσεσθαι,
1669 1615 1772 1668 quod

1111 1687 1131 1708 e
1151 1675 1377 1726 glossemate
1406 1680 1534 1711 ortum
1551 1672 1716 1712 videtur.

1342 1774 1435 1825 cap.
1455 1775 1541 1813 XII.
1597 1774 1626 1807 β

1169 1837 1333 1894 ἀνάγων
1359 1839 1543 1881 ἑκάστοτε
1569 1839 1635 1882 ἐπὶ
1653 1838 1773 1893 κέρας

1112 1895 1183 1946 τας
1203 1898 1314 1948 νέας]
1334 1899 1357 1936 i.
1375 1912 1408 1938 e.
1425 1893 1669 1950 ἇνοὶγωντοῖς
1679 1896 1773 1945 νέας

1113 1951 1302 2004 ἀλλήλαις
1342 1950 1669 2001 οἷκολουθούσας,
1730 1959 1774 1991 ut

1113 2013 1211 2049 bene
1232 2013 1391 2062 exponit
1409 2010 1594 2050 Valcken.
1623 2009 1774 2047 Eadem

1111 2069 1253 2105 locutio
1286 2069 1348 2115 V1,
1383 2067 1434 2108 14
1472 2075 1510 2105 et
1537 2068 1774 2119 frequentius

1111 2123 1214 2176 apud
1246 2122 1519 2174 Thucydidem
1550 2124 1615 2174 (v.
1646 2137 1679 2162 c.
1709 2124 1774 2171 VI,

1112 2184 1178 2221 32.
1203 2180 1269 2220 50.
1299 2181 1398 2227 Vm,
1423 2180 1526 2230 104)
1571 2187 1608 2218 et
1637 2181 1774 2217 Xeno-

1111 2237 1298 2288 phontem
1319 2235 1422 2285 (vid.
1440 2237 1571 2275 Lexic.
1588 2235 1772 2287 Xenoph.

1113 2295 1163 2331 T.
1192 2294 1227 2328 11
1256 2305 1346 2343 pag.
1372 2293 1487 2341 732),
1524 2293 1590 2329 ubi
1623 2305 1773 2343 semper

1113 2348 1177 2388 ἐπὶ
1210 2347 1345 2400 κέρως.
1414 2349 1472 2384 De
1499 2348 1663 2385 formul-<⁴1
1706 2347 1772 2388 ἐπὶ

1113 2404 1236 2456 κέρως
1256 2418 1285 2442 s.
1307 2403 1423 2455 κέρας
1443 2402 1552 2456 ἄγειν
1575 2401 1645 2452 τοὶς
1670 2407 1772 2452 ναῦς

1113 2476 1141 2500 s.
1164 2460 1295 2500 πλέειν
1314 2460 1533 2512 Schweigh.
1554 2469 1769 2513 praeterea,

1114 2531 1211 2570 quae
1233 2517 1280 2554 ad
1300 2516 1442 2555 Athen.
1465 2520 1557 2554 XIII
1576 2532 1614 2569 p.
1633 2518 1712 2559 568
1723 2519 1771 2557 E.

1114 2574 1217 2611 dedit
1248 2573 1296 2611 ad
1325 2573 1410 2613 h.1.
1441 2573 1535 2612 haec
1556 2575 1771 2611 annotavit:

1116 2633 1248 2680 „Quae
1287 2632 1466 2668 contiuua
1508 2632 1624 2681 longa
1663 2632 1772 2678 serie,

1115 2690 1186 2725 alia
1212 2691 1293 2738 post
1322 2688 1456 2734 aliam,
1488 2687 1671 2725 incedunt
1699 2699 1773 2723 na-

1114 2759 1198 2791 vesz,
1228 2742 1385 2780 eaedem
1400 2744 1474 2781 levi
1493 2744 1591 2781 facta
1610 2756 1773 2781 couver-

1113 2803 1219 2840 sione
1239 2800 1501 2852 eodemlongo
1522 2800 1654 2839 ordine
1672 2805 1772 2838 stant
