1897 3340
237 507 304 552 75

31 571 94 600 Sed
113 572 289 607 priusquam

30 614 81 634 res
98 606 137 633 ad
151 614 255 632 manus

30 639 168 673 veniret,
188 643 256 666 orta.

31 672 219 700 dissensione
239 674 283 699 in-

30 709 80 734 ter
96 707 289 743 Peloponne-

31 740 93 766 sios
111 740 250 776 adeoque

30 774 113 808 ipsos
139 774 307 810 Spartano-

31 815 97 834 rum
106 815 206 843 reges‚
218 808 308 834 Cleo-

30 849 148 868 mencin
170 846 200 869 ct
216 843 270 868 De·

31 878 194 908 maratum,
215 873 308 909 (unde

31 944 77 974 ta,
98 950 137 968 ne
154 942 279 977 posthac

31 975 119 1002 ambo
135 984 224 1011 roges
247 984 263 1001 ιι
270 982 308 1001 na

31 1008 63 1035 in
81 1005 190 1036 belluni
210 1017 272 1035 ωει-

32 1045 112 1074 rent)
127 1043 201 1070 socii
216 1043 290 1070 dila-

31 1075 154 1104 buntur.

363 186 445 226 136

763 185 1224 223 HERODOTI

333 291 568 350 8Ἀττικῆς.
626 292 852 350 Ἀθηναῖοι
883 294 948 345 δὲ,
992 294 1064 336 καί
1102 308 1180 347 περ
1212 292 1451 348 ἀμφιβολίῃ
1481 291 1623 347 ἐχόμε-

362 379 461 415 νοι,
488 365 695 405 Βοιωτῶν
732 363 810 416 μὲν
841 362 914 405 καὶ
943 361 1192 404 Χαλκιδέων
1222 359 1264 410 ἐς
1292 358 1477 413 ὕστερον
1510 360 1622 415 ἔμελ-

362 436 442 474 λον
463 429 639 485 μνήμην
664 428 951 484 ποιήσεσθαι·
989 429 1384 483 Πελοποννησίοισι
1415 427 1475 478 δὲ,
1505 427 1626 469 ἐοῦσι

367 499 413 542 ἐν
440 497 672 547 Ἐλευσῖνι,
719 494 846 538 α’ντία
886 495 1036 538 ἔθεντο
1084 495 1135 537 τοὶ
1176 495 1297 538 ὅπλα.

1361 493 1626 537 Μελλόντων

364 564 410 608 δὲ
449 562 662 614 συνάψειν
698 562 750 605 τὰ
789 561 1060 617 στρατόπεδα
1098 562 1140 612 ἐς
1179 562 1340 619 μάχην,
1389 564 1627 615 Κορίνθιοι

362 631 442 688 μὲν
467 635 632 686 πρῶτοι
653 630 732 684 σφὶ
758 627 932 672 αὐτοῖσι
960 629 1109 679 δόντες
1136 627 1268 683 λόγον
1291 629 1348 680 ὥς
1380 629 1434 672 οὐ
1455 635 1623 673 ποιοῖεν
1638 637 1683 670 80

365 700 419 742 τὰ
449 700 616 750 δίκαια,
648 695 958 752 μετεβάλλοντό
986 712 1031 738 τε
1059 697 1133 738 καὶ
1162 694 1516 740 ἀπαλλάσσοντο·
1555 713 1626 752 με-

364 766 416 810 τὰ
448 767 494 809 δὲ
525 764 817 820 Δημάρητος,-
839 762 862 806 ὁ
888 763 1168 818 Ἀρίστωνος,
1188 763 1272 806 ἐών
1301 765 1374 806 καὶ
1405 759 1532 814 οὗτος
1551 768 1626 820 βα-

365 832 507 883 σιλεὺς
528 832 858 885 Σπαρτιητέων,
889 831 963 874 καὶ
997 830 1303 887 συνεξαγαγών
1321 848 1364 874 τε
1393 830 1473 887 τήν
1504 844 1624 886 στρα-

30 909 82 936 lex
101 909 235 943 Spartae
263 908 307 934 la—
365 900 463 956 τιὴν
493 900 539 942 ἐκ
569 899 920 951 Λακεδαίμονος,
961 899 1035 941 καὶ
1074 898 1158 942 οὐκ
1202 899 1287 942 ἐὼν
1331 898 1547 954 διάφορος
1581 898 1628 941 ἐν

336 972 428 1025 2τῷ
450 964 647 1019 πρόσθεν
675 963 816 1020 χρόνῳ
845 965 1087 1022 Κλεομένεϊ.
1143 964 1246 1010 Ἀπὸ
1287 967 1333 1010 δὲ
1362 964 1521 1022 ταύτης
1550 970 1627 1023 τῆς
1640 964 1710 1007 85'

363 1035 638 1091 διχοστασίης
665 1034 790 1091 ἐτέθη
811 1033 949 1090 νόμος
971 1033 1018 1077 ἐν
1041 1035 1238 1091 Σπάρτῃ,
1270 1035 1329 1090 μὴ
1359 1034 1516 1086 ἐξεῖναι
1537 1033 1627 1078 ἕπε-

307 1214 394 1244 ente
405 1220 539 1258 agrum
548 1208 720 1244 Atticum
728 1206 966 1245 invaderent.

306 1263 457 1302 Eodem
489 1271 601 1314 pacto
633 1263 697 1304 ἐπὶ
740 1261 871 1312 δεξιὰ,
909 1259 968 1303 ἐπ’

308 1317 493 1372 οἷριστεροὶ
508 1321 537 1367 I⁷
562 1322 629 1362 51.
649 1322 697 1367 ΙΙ,
722 1322 788 1362 93.
808 1321 873 1368 IV,
889 1322 962 1361 191

308 1384 382 1414 etc.
437 1378 729 1414 Distinctionem
761 1385 849 1414 ante
883 1377 967 1416 ἐπι-

308 1430 420 1480 όντες
440 1447 530 1470 cum
550 1434 667 1471 Gaisf.
688 1435 846 1481 sustuli,
879 1446 969 1470 cum

309 1491 543 1526 accusativus
564 1487 716 1540 χώρους
737 1503 858 1542 aeque
878 1503 968 1541 per-

309 1547 429 1583 tineat
448 1545 496 1582 ad
517 1545 708 1585 ἐσίνοντο.

366 1598 587 1656 α’μφιβολίῃ
619 1598 829 1652 ἐχόμενοι]
874 1602 900 1638 i.
933 1615 968 1643 e.

309 1671 387 1696 cum
424 1660 593 1708 ancipites
633 1659 830 1703 haererent,
870 1671 970 1710 quo-

307 1727 401 1751 nmn
419 1728 459 1751 se
479 1716 647 1766 primum
677 1721 888 1761 verterent,
921 1713 969 1751 ad

309 1772 474 1808 Boeotos
505 1783 554 1807 an
582 1778 713 1808 contra
741 1770 970 1807 Chalciden-

310 1841 381 1865 ses.
401 1849 458 1855 ——-
478 1828 572 1864 Mox
591 1827 632 1874 ἐς
653 1824 819 1880 ὕστερον
839 1828 970 1878 scripsi

309 1885 532 1931 seiunctim,
563 1891 606 1921 ut
634 1885 679 1931 V,
695 1884 761 1930 41,
784 1884 848 1920 ubi
868 1885 969 1920 male

310 1941 426 1990 vulgo
449 1936 737 1992 ἐσύστερον.-
758 1941 833 1976 Pro
855 1936 968 1991 ποιή-

311 2002 455 2036 σεσθαι
499 2010 597 2034 unus
647 1997 839 2034 Sancrofti
876 1998 970 2033 liber

309 2049 602 2103 ποιήσασθαι.
660 2054 722 2090 Ad
752 2054 867 2090 verba
899 2049 971 2092 α’ν-

311 2109 374 2148 τία
400 2108 538 2149 ἔθεντο
566 2105 613 2148 τοὶ
637 2105 740 2149 ὅπλα
753 2110 853 2147 conf.
875 2117 971 2146 nott.

311 2164 360 2203 ad
380 2166 410 2214 Ι,
429 2169 496 2207 62.

509 2255 601 2306 Cap.
622 2256 778 2292 LXXV.

372 2329 615 2373 Μελλόντων
642 2331 684 2372 δὲ
706 2329 908 2382 συνάψειν
923 2331 972 2372 w*

314 2386 557 2442 στρατόπεδα
597 2389 637 2436 ἐς
673 2385 832 2440 μάχην]
877 2392 902 2427 i.
936 2404 969 2427 e.

313 2459 390 2483 cum
417 2448 455 2483 ιή
487 2460 525 2484 eo
554 2450 665 2484 essent
690 2449 888 2494 exercitus,
930 2451 970 2483 ut

313 2515 437 2540 ”mnus
477 2506 703 2540 consererent.
762 2504 827 2539 Tu
867 2504 970 2540 conf.

313 2557 360 2595 de
391 2560 507 2596 verbo
533 2555 748 2598 συνάπτειν
776 2560 813 2595 in
835 2560 970 2597 talibus

312 2616 376 2662 IV,
408 2619 474 2657 80.
507 2617 569 2661 vl,
606 2618 696 2655 103.
729 2617 757 2661 l,
805 2618 855 2655 18
886 2617 972 2653 con.

313 2673 393 2718 Vll,
427 2672 516 2712 158.
548 2672 707 2708 Siebelis
742 2670 790 2708 ad
810 2673 973 2710 Pousan.

314 2729 364 2765 T.
386 2729 418 2766 V
450 2742 487 2779 p.
509 2731 611 2774 276,
646 2725 692 2766 τά
730 2726 973 2780 στρατόπεδα

315 2787 502 2833 exercitus,
529 2787 646 2836 copiae
669 2792 784 2833 sunt,
816 2792 857 2821 ut
886 2799 973 2822 mo-

1022 1209 1178 1244 nuimus
1199 1206 1248 1244 ad
1262 1206 1457 1244 Plutarch.
1478 1206 1629 1258 Philop.
1646 1221 1683 1257 p.

1024 1263 1093 1304 58.
1125 1262 1227 1300 Add.
1248 1263 1391 1302 Herod.
1414 1264 1458 1311 V,
1482 1266 1575 1303 112.
1621 1263 1685 1300 Ad

1024 1321 1140 1357 verba
1175 1319 1249 1370 σφὶ
1270 1315 1429 1359 αὐτοῖσι
1459 1315 1598 1365 δόντες
1623 1315 1685 1358 λό-

1024 1391 1096 1428 γον
1126 1377 1228 1414 conf.
1258 1378 1324 1424 ΙΙΙ,
1351 1376 1418 1417 25.
1440 1375 1508 1417 45.
1549 1377 1686 1426 Attigit

1026 1432 1161 1470 eadem
1200 1432 1331 1470 Schol.
1366 1431 1519 1469 Aristid.
1551 1446 1590 1483 p.
1632 1431 1684 1472 44

1024 1503 1104 1541 seq.
1137 1489 1197 1526 ed.
1227 1490 1433 1527 Frommel.
1470 1490 1558 1526 coll.
1597 1490 1685 1526 Dio.

1026 1545 1220 1596 Chrysost.
1243 1559 1332 1596 pag.
1352 1546 1433 1586 459
1455 1547 1517 1594 Α.ι

1082 1600 1362 1653 μετεβάλλοντο
1375 1603 1391 1649 ]
1414 1603 1470 1638 Ita
1481 1602 1686 1638 meliorum

1026 1657 1138 1695 codd.
1161 1672 1181 1694 e
1209 1671 1395 1695 consensu
1419 1657 1506 1694 dedi
1527 1671 1594 1708 pro
1617 1673 1686 1707 με-

1025 1713 1226 1765 τέβαλλον,
1260 1714 1364 1767 qnod
1382 1728 1430 1751 ex
1450 1713 1591 1750 Aldina
1612 1715 1686 1750 flu-

1026 1778 1136 1807 xerat
1149 1801 1158 1818 ‚
1190 1771 1371 1823 quodque
1393 1778 1428 1807 et
1448 1773 1574 1821 ipsum
1588 1778 1687 1808 stare

1025 1841 1134 1878 posse
1176 1829 1239 1864 alii
1278 1827 1416 1865 docent
1463 1828 1538 1864 loci
1553 1857 1564 1873 ,
1620 1828 1687 1864 ubi

1027 1886 1193 1920 activum
1213 1886 1368 1921 notione
1396 1885 1588 1934 reciproca
1616 1883 1687 1921 ad-

1028 1954 1149 1992 eoque
1179 1943 1325 1991 passiva
1354 1942 1539 1991 reperitur
1568 1941 1598 1988 I,
1620 1940 1687 1981 65.

1027 1999 1095 2037 66.
1126 1998 1224 2045 vlll,
1259 2000 1347 2038 109.
1375 1998 1457 2043 VH,
1484 2000 1574 2045 170,
1601 1998 1688 2049 qui-

1028 2054 1098 2090 bns
1120 2053 1207 2091 add.
1229 2053 1409 2090 Gataker.
1431 2053 1480 2090 ad
1499 2055 1687 2091 Antonin.

1029 2110 1074 2157 V,
1101 2113 1163 2150 13.
1214 2109 1322 2147 Unde
1344 2109 1688 2161 Schweighaeuse-

1030 2180 1092 2202 rus
1114 2168 1151 2202 in
1172 2168 1302 2204 Lexic.
1335 2166 1478 2204 Herod.
1501 2163 1688 2217 μετεβάλ-

1031 2225 1145 2261 λοντο
1175 2237 1195 2259 e
1224 2223 1368 2261 scholio
1399 2231 1534 2260 natum
1567 2222 1687 2260 videri

1030 2280 1169 2316 scribit.
1193 2303 1242 2309 ——
1281 2282 1325 2317 In
1358 2294 1464 2332 seqq.
1498 2278 1686 2321 Gaisibrd,

1029 2336 1242 2386 βασιλῆας,
1284 2336 1390 2389 qnod
1418 2338 1554 2384 miror,
1585 2337 1687 2373 inta-

1029 2399 1134 2428 ctum
1155 2394 1317 2444 reliquit.
1347 2392 1541 2445 Equidem
1571 2405 1686 2443 repo-

1026 2450 1084 2485 sui
1105 2444 1299 2498 fiamRs'ag}
1315 2450 1418 2503 quod
1438 2448 1573 2486 Matth.
1588 2461 1687 2501 quo-

1028 2518 1102 2557 qne
1125 2505 1241 2542 dedit.

1084 2558 1137 2611 μή
1158 2561 1301 2609 ἐξεῖναι
1330 2560 1497 2600 ἔπεσθαι
1518 2577 1554 2600 κ.
1576 2578 1607 2600 τ.
1631 2564 1685 2611 λ.]

1031 2619 1112 2653 Lex
1134 2619 1182 2654 ita
1214 2632 1253 2655 se
1285 2617 1468 2665 habebat,
1506 2622 1546 2655 ut
1571 2621 1606 2655 in
1624 2632 1687 2668 po-

1031 2678 1158 2711 sterum
1176 2676 1268 2712 alter
1291 2679 1431 2712 tantum
1458 2687 1580 2725 regum
1604 2675 1689 2712 edu-

1030 2734 1118 2767 ceret
1130 2734 1317 2768 exercitum
1327 2731 1434 2778 (cum
1447 2730 1572 2768 adhuc
1583 2738 1688 2768 uter-

1029 2799 1105 2838 quc·
1125 2801 1192 2824 rex
1214 2789 1261 2825 ad
1292 2788 1435 2824 bellum
1464 2800 1554 2825 cum
1577 2801 1688 2825 exer-
