1897 3340
225 811 323 856 128

87 875 200 903 Xerxes
218 876 323 903 invisit

86 909 180 938 Penei
199 910 284 937 ostia.

418 214 502 255 622

812 213 1274 251 HERODOTI

411 321 716 378 Ἁλιάκμονος,
755 325 798 366 οἳ
839 321 1065 378 οὐρίζουσι
1104 325 1187 378 γῆν
1225 321 1305 376 τὴν
1342 323 1595 366 Βοττιαιΐδα
1632 339 1675 366 τε

417 391 491 434 καὶ
521 392 826 443 Μακεδονίδα,
869 392 911 442 ές
940 389 1078 434 τώυτὸ
1105 391 1284 444 ῥέεθρον
1299 388 1347 432 τὸ
1376 388 1495 444 ὕδωρ
1524 392 1675 446 συμμί·

390 464 608 514 ἓσγοντες.
639 456 1060 512 ἐστρατοπεδεύοντο
1091 459 1168 514 μὲν
1188 460 1240 514 δη
1271 458 1318 501 ἐν
1340 456 1533 500 τούτοισι
1564 462 1678 500 τοῖσι

416 527 613 582 χωρίοισι
644 527 687 568 οἱ
715 526 941 581 βάρβαροι.

1000 529 1090 568 τῶν
1124 526 1169 568 δὲ
1199 524 1547 580 καταλεχθέντων
1575 523 1676 567 τού-
1689 531 1733 566 35

417 610 507 637 των
536 609 770 647 ποταμων,
810 592 857 635 ἐκ
895 594 1209 649 Κρηστωναίης
1263 592 1373 647 ρέων
1423 591 1677 648 Ἐχείδωρος

415 665 582 716 μοῦνος
621 657 705 703 οὐκ
736 658 966 715 ἀντέχρησε
1003 663 1058 716 τῆ
1097 664 1275 717 στρατιῃ
1303 661 1556 730 πινόμενος,
1588 659 1676 704 ἀλλ’

416 728 599 771 ἐπέλιπε.

500 795 660 850 Ξέρξης
692 792 738 838 δὲ
767 792 906 847 ὁρέων
935 793 983 838 ἐκ
1020 798 1096 850 τῆς
1129 765 1298 852 Θέρμης
1328 795 1462 852 οὔρεα
1491 795 1543 840 τοὶ
1576 799 1677 840 Θεσ-

360 1012 574 1059 miscuerit‚
625 1010 719 1047 alter
736 1023 845 1056 vero,
867 1008 914 1048 de
944 1023 1019 1062 quo

361 1067 464 1119 apud
489 1066 730 1104 Herodotum
751 1068 812 1117 agi
833 1066 1018 1115 v1deatur,

360 1124 544 1162 Edessam
592 1124 705 1161 fuerit
746 1125 1020 1175 praeterlapsus

361 1188 426 1218 aut
440 1182 493 1217 ibi
514 1193 619 1218 orsus
639 1181 679 1216 in
706 1180 870 1231 Lydiam
900 1194 940 1217 se
958 1182 1021 1217 in-

359 1237 513 1275 fuderit.
584 1236 696 1283 Quod
714 1250 805 1273 vero
827 1237 873 1273 ab
894 1239 1020 1274 Hero-

332 1325 335 1329 ,
362 1293 452 1332 doto
473 1301 634 1346 uterque
646 1294 782 1331 fluvius
797 1292 932 1331 dicitur
948 1288 1021 1333 ου’-

363 1351 484 1403 ρίζειν
504 1350 736 1390 Βοττιαιίδα
768 1365 809 1390 τε
829 1349 897 1389 καὶ
921 1354 1022 1390 Μα-

358 1407 557 1456 κεδονίδα,
591 1406 631 1444 id
650 1408 797 1447 Muller.
815 1408 843 1444 l.
862 1408 887 1446 l.
904 1420 943 1458 p.
968 1409 1017 1447 11

359 1464 558 1502 conferens
573 1477 662 1500 cum
682 1463 817 1501 eadem
828 1465 1020 1501 locutione

359 1521 541 1568 V11,123
564 1521 694 1569 obvia,
722 1521 789 1558 ubi
818 1522 939 1557 Axius
961 1519 1022 1556 di-

361 1578 459 1614 citur
479 1571 653 1629 οὕρίζειν
674 1592 811 1629 χωρην
825 1591 900 1628 την
923 1579 1024 1615 Μυ-

360 1634 527 1685 γδονίην
548 1647 589 1672 τε
611 1632 679 1672 καὶ
700 1634 943 1681 Βοττιαιίδα,
972 1632 1021 1669 ad

361 1691 454 1727 ostia
493 1696 644 1727 tantum
681 1691 878 1742 utriusque
915 1690 1021 1726 fluvii

360 1746 490 1784 referri
509 1747 610 1794 vult,
633 1759 724 1783 cum
744 1748 781 1782 in
804 1747 1022 1796 regionibus

360 1803 613 1853 superioribus
642 1816 741 1839 unus
759 1802 899 1855 Lydias
923 1804 1021 1839 Bot-

360 1860 499 1897 tiaeam
522 1860 750 1896 terminarit.
807 1858 1021 1897 Macedonia

360 1923 489 1953 autem
519 1916 620 1966 ipsa,
652 1928 751 1967 quae
779 1913 819 1952 h.
846 1916 873 1953 l.
903 1928 1021 1953 voca-

358 1979 440 2019 tur,
468 1985 547 2009 non
568 1985 725 2009 omnem
760 1985 878 2024 quam
904 1973 1020 2023 vulgo

359 2030 411 2066 sic
442 2028 601 2066 dicimus
633 2036 771 2065 terram
794 2030 1022 2080 complecti-

360 2093 432 2132 tur,
454 2084 520 2122 sed
541 2086 690 2122 arctiori
710 2098 821 2122 sensu
842 2093 878 2122 et
897 2087 1018 2135 magis

361 2143 516 2193 antiquo
537 2141 792 2179 Macedonum
821 2143 1019 2192 regionem

361 2196 650 2248 comprehendit
671 2205 759 2235 ante
780 2197 1020 2235 Temenida-

360 2265 447 2289 rum
477 2256 787 2303 occupationem,
820 2255 925 2291 cuius
948 2266 1018 2289 an-

359 2316 489 2359 gustus
524 2309 640 2345 modo
668 2314 806 2347 tractus
834 2308 882 2346 ad
911 2322 1017 2345 mare

359 2378 479 2417 usque
499 2367 682 2415 pertinet,
707 2378 881 2417 quaeque
902 2367 1016 2416 paulo

364 2423 486 2472 magis
519 2434 680 2472 superne
709 2434 776 2466 ea,
810 2434 907 2473 quae
927 2429 1016 2459 sunt

367 2479 465 2515 circa
485 2477 668 2515 Edessam
685 2491 727 2514 ac
749 2480 948 2525 Beroeam,
972 2491 1016 2515 ac

362 2547 473 2585 porro
493 2536 865 2585 Lyncestin,0restin
888 2536 1017 2571 etEli-

359 2603 488 2627 meam
503 2591 714 2641 complexa,
726 2592 771 2627 ab
787 2592 900 2627 altera
911 2599 1016 2642 parte

361 2648 525 2699 Olympo
540 2649 618 2684 sive
631 2649 821 2684 montibus
834 2648 1016 2685 Macedo-

362 2705 455 2741 nicis
466 2705 529 2756 qni
540 2703 627 2741 iude
639 2706 884 2751 vocant111·,ab
898 2706 1013 2742 altera

361 2768 492 2798 monte
522 2763 668 2812 Dysoro
698 2762 895 2798 terminata
931 2762 1014 2798 suit.

361 2819 464 2855 Haec
491 2817 561 2855 suit
593 2818 712 2868 prisca
757 2816 1013 2855 Macedonum

1075 1018 1186 1059 terra,
1235 1021 1353 1062 quam
1400 1011 1614 1051 Herodotus
1655 1027 1733 1052 uua

1077 1081 1167 1105 cum
1178 1069 1396 1118 regionibus
1405 1070 1734 1122 Bottiaeae,My0-

1085 1124 1244 1166 douiae,
1277 1126 1424 1161 Pieriae
1454 1133 1583 1174 vocat,
1621 1139 1735 1164 sensu

1076 1182 1198 1231 magis
1209 1180 1477 1232 geographico,
1499 1195 1615 1234 quam
1634 1185 1734 1235 poli-

1076 1240 1165 1285 tico,
1186 1244 1228 1274 ut
1247 1239 1298 1275 ait
1318 1237 1423 1275 idem
1441 1240 1591 1278 Miiller.
1606 1241 1633 1278 l.
1652 1241 1678 1279 Ι.
1693 1254 1734 1292 p.

1076 1296 1129 1335 29
1150 1307 1230 1361 seq.
1261 1295 1347 1332 coll.
1368 1309 1406 1346 p.
1438 1298 1505 1336 22.

1133 1346 1208 1390 ου’κ
1238 1346 1450 1402 οἷντέχρησε
1469 1373 1526 1380 —
1547 1347 1628 1391 ἄλλ’
1644 1349 1735 1392 ἐπέ·

1076 1409 1111 1445 λ·
1101 1408 1189 1456 πε]
1225 1408 1375 1445 Similia
1395 1415 1544 1446 exstant
1564 1409 1644 1456 Vh,
1665 1407 1733 1449 43.

1077 1464 1130 1505 58
1160 1465 1253 1512 (ubi
1285 1460 1482 1517 ἀντέσχε).
1515 1468 1607 1508 196.
1640 1466 1733 1505 187.

1077 1542 1133 1548 -—-
1166 1522 1288 1558 Paulo
1331 1529 1418 1558 ante
1457 1518 1612 1561 τούτων
1644 1520 1734 1559 dedi

1077 1590 1146 1627 pro
1167 1576 1351 1617 τουτέων.
1410 1577 1522 1623 Quod
1551 1592 1642 1616 vero
1670 1591 1734 1615 ar-

1076 1635 1237 1670 ticulum
1258 1632 1279 1674 ὁ
1308 1642 1395 1672 ante
1415 1631 1653 1687 Ἐχείδωρος
1671 1635 1733 1671 in-

1077 1690 1149 1726 seri
1183 1691 1264 1727 vult
1296 1690 1570 1739 Valckenaer.,
1599 1704 1646 1731 eo
1667 1692 1733 1728 vix

1077 1757 1171 1796 opus
1192 1746 1362 1794 videtur,
1392 1755 1434 1784 ut
1461 1756 1563 1784 reete
1584 1749 1733 1785 monuit

1077 1801 1430 1853 Schweighaeuser.
1461 1805 1518 1840 De
1538 1804 1731 1842 Ecliidoro

1076 1859 1157 1910 ipso
1178 1859 1254 1897 vid.
1274 1867 1370 1899 nott.
1391 1859 1439 1897 ad
1460 1861 1540 1910 VII,
1565 1860 1657 1902 124.

1237 1949 1330 2002 cap.
1354 1951 1563 1988 cxxvm.

1133 2025 1279 2080 Ξέρξης
1290 2026 1332 2068 δὲ
1345 2027 1466 2080 ὁρέων
1486 2029 1528 2069 ἐκ
1547 2031 1617 2080 τῆς
1631 2028 1730 2078 Θέρ-

1075 2099 1150 2134 μης
1161 2082 1283 2135 οὔρεα
1292 2082 1338 2123 τοὶ
1351 2082 1569 2124 Θεσσαλικοῖ
1582 2101 1615 2123 κ.
1626 2101 1659 2124 τ.
1673 2087 1728 2134 λ.]

1072 2140 1181 2177 Idem
1211 2147 1395 2178 testantur
1433 2143 1730 2192 peregrinatores

1073 2198 1310 2241 recentiores,
1325 2198 1370 2233 ab
1383 2199 1476 2234 urbe
1488 2197 1731 2236 Thessaloni—

1074 2265 1134 2289 ces
1153 2266 1183 2288 5.
1207 2252 1403 2290 Salonichi
1433 2256 1730 2306 contemplanti·-

1074 2309 1142 2344 bus
1167 2309 1218 2345 ita
1245 2322 1265 2345 e
1295 2310 1506 2362 longinquo
1547 2324 1730 2363 apparere

1073 2362 1141 2401 lios
1152 2373 1312 2412 montes
1323 2374 1365 2403 ut
1386 2380 1541 2404 omnem
1553 2367 1729 2406 occiden-

1071 2428 1098 2457 t
1090 2422 1186 2457 ilem
1198 2423 1233 2458 Ί
1237 2396 1403 2460 lierinaei
1416 2425 1519 2462 sinus
1530 2437 1637 2461 oram
1657 2439 1730 2463 ex·-

1070 2478 1174 2528 plere
1195 2486 1231 2515 et
1241 2481 1405 2517 nubibus
1419 2482 1637 2532 praesertim
1650 2480 1730 2519 dis-

1071 2536 1205 2584 persis,
1243 2550 1478 2589 quamquam
1502 2536 1575 2575 hoc
1609 2539 1728 2576 rarius

1070 2591 1240 2630 accidere
1260 2601 1424 2641 narrant,
1444 2595 1564 2644 magis
1584 2596 1728 2645 magis-

1071 2661 1146 2699 que
1163 2649 1342 2687 accedere
1364 2658 1400 2687 et
1422 2651 1726 2702 appropinquare

1070 2704 1282 2746 videantur.
1307 2707 1487 2744 Observat
1499 2705 1647 2755 Clarke,
1659 2709 1726 2759 qui

1069 2775 1159 2798 cnm
1180 2763 1389 2812 llollando,
1409 2764 1481 2800 alio
1500 2764 1641 2814 Anglo,
1657 2762 1724 2801 has

1070 2819 1242 2869 regiones
1253 2827 1502 2873 montemque
1516 2821 1724 2872 Olympum
