1897 3340
499 176 1125 216 POLYMN1A.V11
1336 184 1417 223 727

171 287 249 342 ἐήν
276 290 512 342 τηνικαῦτα
533 286 607 339 ἔτι,
637 284 696 337 ὦς
719 284 801 340 ἐγώ
821 281 1195 339 συμβαλλεόμενος
1224 288 1420 341 εὑρίσκω,
1477 299 1513 350 32
1516 299 1555 350 ¹3
1561 292 1670 359 ‘21¹3'qur
1671 299 1747 354 lffim

170 355 322 398 τόσων
352 370 441 398 των
469 355 547 410 μὲν
576 355 622 398 ἐκ
651 368 738 396 των
766 366 880 394 νεων
907 355 996 394 τῶν
1024 351 1072 395 ἐκ
1101 355 1175 408 τῆς
1197 351 1348 408 Ἀσίης,
1379 356 1419 398 ἐ-
1431 358 1594 424 Ξῇἰοινῖιριξ
1609 358 1720 418 “sffif

174 421 342 465 ουσέων
372 422 476 466 έπτόι
503 423 575 466 καὶ
611 418 867 476 διηκοσιέων
895 419 967 462 καὶ
996 418 1188 475 χιλιέων,
1232 420 1310 465 τὸν
1347 422 1423 475 μὲν
1480 426 1679 491 gfffgeffisque
1701 429 1729 454 et

170 488 354 545 ἀρχαῖον
392 489 582 535 ἑκάστων
617 491 705 531 τῶν
752 487 917 530 ἐθνέων
946 486 1073 531 ἐόντα
1094 487 1252 543 ὅμιλον
1284 489 1421 532 τέσσε-

168 574 248 610 ρας
276 558 346 601 καὶ
377 560 511 601 εἴκοσι
539 555 768 611 μυριάδας,
806 555 879 598 καὶ
904 554 1036 609 πρὸς,
1076 556 1249 611 χιλιάδα
1277 572 1322 600 τε
1351 558 1424 600 καὶ

167 627 484 679 τετρακοσίους,
516 624 575 675 ὦς
611 621 697 667 ἀνά
728 624 980 678 διηκοσίους
1011 623 1175 679 ἄνδρας
1207 626 1426 681 λογιζομέ-

137 699 285 736 Ξνοισι
321 692 368 735 ἓν
405 692 561 747 ἑκάστῃ
597 694 680 747 νηΐ.
737 690 998 746 ἐπεβάτευον
1038 693 1084 736 δὲ
1132 692 1202 736 ἐπὶ
1239 693 1427 736 τουτέων

165 763 254 801 τῶν
281 762 401 811 νεῶν,
429 760 558 815 χωρὶς
580 757 773 803 ἑκάστων
801 762 890 802 τῶν
910 759 1149 815 ἐπιχωρίων
1169 761 1422 817 ἐπιβατέων,
1436 768 1479 802 25

166 826 371 881 Περσέων
400 843 446 871 τε
473 828 546 871 καὶ
571 827 743 884 Μήδων
772 826 846 870 καὶ
875 827 1059 870 Σακέων
1082 827 1313 884 τριήκοντα
1343 827 1421 872 ἄν-

133 900 156 934 3
169 896 277 949 δρες.

106 1095 202 1126 nott.
224 1089 272 1127 ad
292 1091 337 1138 V,
362 1091 426 1130 19.
470 1089 570 1129 Add.
588 1092 757 1129 Isocratt.

105 1146 297 1196 Aeginett.
322 1148 373 1187 12
392 1160 431 1198 p.
456 1148 552 1188 680.
608 1147 670 1185 Ad
697 1149 758 1184 lo-

106 1203 301 1239 cutionem
333 1201 385 1249 ὥς
417 1199 492 1254 ἐγώ
517 1201 758 1255 συμβαλλεό-

105 1272 223 1310 μενος
242 1257 410 1311 εὑρίσκω
430 1261 530 1297 conf.
553 1262 633 1309 VII,
654 1260 707 1302 24
722 1268 759 1298 et

105 1314 154 1353 de
173 1316 297 1352 forma
317 1312 665 1368 συμβαλλεόμενος,
688 1331 758 1354 cu—

104 1372 161 1409 ius
181 1373 266 1409 loco
287 1373 414 1423 plures
433 1373 517 1409 libri
534 1371 757 1425 συμβαλλό-

104 1442 224 1480 μενος
243 1429 305 1477 IV,
327 1429 376 1471 15
397 1430 526 1481 ibique
545 1438 641 1468 nott.
670 1431 756 1467 Un-

104 1484 152 1522 de
191 1484 360 1536 pendent
399 1499 515 1538 quae-
545 1494 756 1539 sequuntur

103 1542 242 1580 verba:
275 1539 340 1582 τὸν
362 1540 443 1594 μὲν
465 1539 754 1593 άρχαῖον--ἕ-

103 1595 201 1637 ὄντα
219 1595 382 1649 ὅμιλον,
416 1601 612 1650 participio
632 1601 672 1636 in
692 1601 754 1637 lo-

102 1667 192 1692 cum
238 1655 414 1692 infinitivi
457 1657 658 1694 substituto
687 1669 756 1707 pro

101 1724 222 1750 more.
287 1712 463 1761 Coniicio,
491 1711 585 1750 haec
601 1720 656 1750 est
676 1715 756 1750 He-

103 1767 227 1804 rodoti
247 1781 355 1805 mens
369 1798 378 1814 ,
409 1769 487 1805 sive
508 1770 754 1819 computando,

103 1824 316 1861 coniiciendo
342 1827 472 1874 reperio
498 1826 756 1863 multitudinem

101 1883 248 1917 veterem
286 1893 305 1917 e
344 1881 496 1929 siugulis
520 1882 661 1932 populis
681 1882 755 1920 col-

102 1936 246 1984 lectam,
277 1948 366 1986 quae
397 1939 435 1974 in
458 1938 627 1975 Asiaticis
650 1940 756 1976 navi-

102 1992 165 2030 bus
183 1994 310 2041 inerat,
331 1992 460 2043 fuisse.
517 1995 649 2046 Itaque
680 1989 756 2046 άρ-

101 2051 217 2100 χαῖον
249 2044 391 2100 ὅμιλον
418 2050 545 2100 copias
586 2050 678 2087 dicit
707 2051 754 2087 ab

102 2105 273 2142 Asiaticis
293 2106 469 2156 gentibus
484 2109 587 2156 prius
607 2105 755 2143 exhibi-

101 2167 170 2208 tas,
190 2162 350 2199 exclusis
369 2163 505 2212 Persis,
525 2163 658 2210 Medis,
681 2163 755 2200 Sa-

102 2219 176 2264 cis,
207 2216 370 2255 diversas
398 2217 487 2256 hinc
516 2232 538 2256 a
560 2220 677 2270 copiis
696 2232 752 2256 re-

103 2285 182 2310 cens
209 2273 248 2308 in
275 2274 430 2324 Europa
460 2277 677 2327 conscriptis
704 2288 753 2312 ex

102 2329 159 2376 iis,
177 2341 269 2381 quas
281 2342 349 2365 rex
358 2331 610 2380 perlustrarat,
624 2332 753 2382 regio-

101 2386 226 2422 nibus.
246 2406 303 2412 -——
342 2384 404 2421 Ad
443 2387 569 2436 ipsum
596 2389 753 2424 navium

101 2454 309 2479 numerum
337 2441 438 2478 conf.
470 2442 550 2489 V11,
579 2444 632 2483 89
660 2443 755 2494 ibiq.

101 2505 199 2536 nott.
230 2505 267 2535 et
296 2496 343 2535 de
376 2498 572 2549 participio
599 2500 753 2549 λογιζο-

102 2553 257 2606 μένοισι
280 2552 328 2605 (i.
349 2567 384 2591 e.
411 2556 445 2592 si
469 2556 533 2604 qui
562 2558 756 2604 computare

102 2611 236 2661 velint)
265 2609 400 2648 Matth.
432 2611 498 2647 Gr.
520 2611 586 2648 Gr.
608 2611 647 2655 §.
673 2611 754 2650 388

102 2667 141 2706 b.
165 2681 212 2716 c.,
244 2668 310 2719 qui
337 2666 500 2712 idem§.
528 2665 623 2714 579,
654 2668 679 2706 3
709 2664 757 2702 de

102 2724 387 2775 praepositionis
420 2718 497 2763 avo}
526 2735 597 2760 usu
617 2735 757 2760 consu-

103 2779 250 2818 lendus.

335 891 465 947 οὗτος
501 894 631 947 ἄλλος
669 894 819 951 ὅμιλος
858 895 1022 950 γίνεται
1048 894 1313 952 τρισμύριοι,
1345 896 1420 939 καὶ

877 1086 1117 1141 ἐπεβάτευον
1139 1087 1182 1129 δὲ
1200 1104 1237 1129 κ.
1257 1105 1290 1129 τ.
1313 1090 1365 1138 λ.]
1390 1091 1472 1127 Ηοο

819 1145 866 1183 de
892 1147 1215 1197 propugnatoribus
1245 1160 1274 1185 S.
1303 1147 1473 1184 militibus

819 1203 1017 1241 classiariis
1042 1202 1347 1254 intelligendum.
1385 1202 1471 1243 Vid.

818 1267 911 1298 nott.
934 1260 981 1296 ad
996 1261 1075 1307 VII,
1096 1262 1163 1301 96.
1194 1261 1368 1306 Quivero
1380 1273 1474 1296 mox

819 1324 1005 1355 vocantur
1042 1312 1246 1368 ἐπιχώριοι
1277 1313 1471 1367 ἐπιβάται,

818 1373 963 1411 ducenti
1024 1385 1187 1410 numero
1261 1386 1325 1410 eos
1382 1386 1471 1409 cum

815 1428 1035 1481 Schweigh.
1057 1429 1211 1467 credam
1231 1443 1310 1466 esse
1330 1434 1470 1476 nautas,

814 1488 983 1535 remiges,
1037 1489 1224 1536 indigenas
1249 1487 1273 1522 i.
1297 1499 1329 1522 e.
1360 1499 1408 1521 ex
1427 1487 1471 1522 iis

815 1544 1046 1591 civitatibus,
1086 1556 1184 1595 quae
1214 1555 1330 1578 naves
1358 1555 1471 1592 prae-

816 1601 989 1647 buerant,
1015 1600 1257 1649 conscriptos,
1275 1611 1364 1635 cum
1380 1611 1471 1648 pro-

818 1663 1049 1708 pugnatores
1077 1670 1108 1693 s.
1130 1656 1305 1693 classiarii
1337 1656 1471 1703 trigin-

817 1717 857 1751 ta
892 1714 932 1749 in
963 1725 1194 1764 unaquaque
1224 1712 1313 1747 navi
1334 1712 1471 1747 milites

817 1783 837 1806 e
858 1770 1074 1816 Persarum,
1102 1766 1317 1814 Medorum,
1351 1768 1472 1804 Saca-

816 1838 904 1862 rum
924 1838 1086 1861 numero
1118 1824 1227 1861 electi
1256 1830 1399 1869 essent,
1421 1823 1472 1860 cf.

815 1883 897 1928 VII,
940 1883 1009 1922 96.
1084 1880 1326 1931 Quamquam
1372 1879 1471 1916 infra

821 1939 1019 1978 185.186
1046 1937 1162 1974 etiam
1183 1935 1365 1973 ducentos
1387 1936 1472 1972 illos

816 1994 857 2029 in
878 1994 1052 2031 universo
1081 2007 1164 2032 των
1186 1992 1366 2044 μαχίμων
1398 1987 1472 2030 οἷν-

818 2049 925 2101 δρῶν
979 2062 1140 2086 numero
1180 2047 1470 2099 comprehendit

816 2107 964 2144 Noster.
1040 2107 1085 2142 In
1125 2106 1258 2143 Atticis
1295 2105 1467 2152 navibus,

816 2175 912 2214 quae
934 2162 1164 2199 Salaminiae
1182 2174 1334 2212 pugnae
1352 2162 1468 2197 inter-

814 2219 978 2266 fuerunt,
998 2220 1154 2269 singulis
1173 2231 1252 2255 non
1271 2218 1344 2255 nisi
1372 2220 1469 2254 octo-

815 2275 924 2312 decim
942 2282 1241 2326 propugnatores
1260 2274 1386 2321 fuisse,
1407 2280 1468 2310 at-

812 2345 888 2383 que
918 2333 957 2367 in
988 2330 1090 2369 hisce
1122 2338 1283 2383 quatuor
1311 2332 1467 2380 sagitta-

814 2389 888 2425 rios
907 2389 1034 2425 scribit
1060 2385 1254 2427 Plutarch.
1276 2386 1465 2424 Themist.

818 2442 868 2483 14
888 2457 925 2493 p.
951 2447 1028 2485 119
1048 2446 1096 2482 Β.
1137 2445 1318 2481 Observat
1338 2449 1466 2479 autem

813 2499 973 2535 Rennel.
993 2513 1030 2550 p.
1051 2499 1133 2541 492
1152 2501 1315 2537 similem
1341 2497 1465 2535 adhuc

815 2554 856 2590 in
875 2555 1032 2593 navibus
1051 2557 1192 2594 bellicis
1214 2557 1382 2593 obtinere
1402 2566 1465 2589 ra-

817 2611 983 2659 tionem,
1020 2613 1060 2649 in
1090 2614 1226 2665 quibus
1256 2609 1408 2647 ducenti
1429 2616 1465 2645 et

818 2665 1069 2718 quadraginta
1102 2675 1241 2705 nautae
1268 2679 1345 2702 una
1376 2676 1465 2701 cum

815 2723 970 2773 triginta
989 2732 1133 2777 septem
1153 2723 1333 2761 militibus
1345 2721 1465 2759 collo-

817 2786 961 2820 centur.
