1897 3340
570 154 1045 195 POLYMNIA.

1106 156 1205 193 VII.
1410 164 1489 202 621

234 280 352 309 οντα.
396 281 532 320 ουρος
561 265 608 309 δὲ
635 269 750 308 τοῖσι
771 263 922 308 λέουσί
941 262 1029 306 ἔστι
1060 260 1086 306 ὅ
1104 278 1149 306 τε
1179 261 1230 306 δι’
1259 261 1492 322 Ἀβδήρων

235 333 347 387 ῥέων
407 333 601 389 ποταμὸς
658 332 835 382 Νέστος,

898 331 972 374 καὶ
1030 329 1054 373 ὁ
1103 329 1155 374 δι’
1208 329 1493 390 Ἀκαρνανίης

205 400 351 456 3ρέων
378 400 593 458 Ἀχελῷος.
624 399 723 443 οὔτε
752 398 837 453 γάρ
867 397 917 441 τὸ
945 398 1056 452 πρὸς
1095 398 1175 454 τὴν
1201 398 1270 454 ἠῶ
1298 403 1381 443 τοῦ
1410 401 1492 444 Νέ-

233 481 339 512 στου
369 467 589 524 οὐδαμόθι
619 467 757 523 πάσης
785 471 862 523 τῆς
891 467 1138 523 ἔμπροσθεν
1167 465 1388 521 Εὐρώπης
1407 469 1495 512 ἰ’δοι
1506 476 1549 511 25

230 553 295 588 τις
333 536 387 579 ἂν
417 536 582 585 λέοντα,
613 534 713 579 οὔτε
741 536 850 588 πρὸς
880 535 1061 591 ἑσπέρης
1099 538 1181 578 τοῦ
1208 534 1418 593 Ἀχελῴου
1447 535 1494 579 ἐν

230 607 284 661 τῇ
313 603 519 660 ἐπιλοίπῳ
547 602 734 660 ἠπείρῳ·
767 601 853 647 ἀλλ’
877 603 924 647 ἐν
953 608 1005 659 τῇ
1026 602 1377 658 μεταξὺιτούτων
1404 606 1494 647 τῶν

231 675 438 726 ποταμῶν
466 667 674 726 γίνούται.
730 670 805 722 Ὡς
844 671 889 715 δὲ
921 670 964 722 ἐς
993 671 1072 727 τὴν
1108 671 1283 727 Θέρμην
1313 670 1490 715 ἀπίκετο

227 739 250 783 ὁ
280 740 453 795 Ξέρξης,
486 740 636 792 ἵδρυσε
666 738 807 783 αὐτοῦ
837 739 918 797 τὴν
946 737 1167 795 στρατιήν.
1226 738 1371 794 ἐπέσχε
1402 736 1489 783 δὲὸ

226 807 406 862 στρατὸς
427 804 567 850 αὐτοῦ
591 807 1040 863 στρατοπεδευόμενος
1068 805 1148 862 τὴν
1176 805 1294 860 παρὰ
1323 805 1488 850 θάλασ-

225 886 308 918 σαν
335 874 484 931 χώρην
521 876 714 930 τοσήνδε·
744 874 983 930 ἀρξάμενος
1019 871 1106 917 ἀπὸ
1143 872 1310 929 Θέρμης
1339 872 1491 925 πόλιος

223 944 297 987 καὶ
326 947 401 1000 τῆς
440 944 719 999 Μυγδονίης,
749 943 871 1000 μέχρι
901 940 1074 987 Λυδίεώ
1113 958 1157 986 τε
1186 945 1387 998 ποταμοῦ
1417 942 1491 985 καὶ

167 1144 258 1167 cum
277 1137 434 1169 recentt.
457 1129 543 1168 edd.
567 1128 701 1167 delevi.
724 1130 827 1176 Quos

166 1186 321 1224 eosdem
350 1195 500 1224 secutus
535 1189 574 1224 iu
602 1200 709 1239 seqq.
739 1186 827 1224 dedi

165 1243 360 1298 ἐπιλοίπῳ
372 1274 381 1292 ,
403 1257 471 1295 pro
483 1242 704 1295 ὑπολοίπῳ,
722 1243 827 1296 quod

164 1303 320 1338 retinuit
339 1300 534 1339 Matthiae.
563 1302 621 1337 De
637 1299 747 1339 Nesto
758 1303 827 1337 flu-

164 1359 226 1396 vio
246 1357 326 1395 vid.
348 1365 443 1396 nott.
477 1357 525 1394 ad
546 1359 625 1404 VII,
652 1360 749 1405 1093
779 1357 826 1394 de

162 1415 311 1453 Acheloo
324 1422 472 1465 praeter
492 1414 677 1451 Herodoti
697 1416 825 1452 locum

162 1473 209 1520 11,
221 1474 287 1519 80,
310 1465 528 1508 Tz‘schuck.
551 1470 600 1508 ad
620 1472 709 1508 Mel.
728 1473 777 1519 II,
799 1475 824 1512 3

164 1530 202 1574 ᾧ.
221 1531 268 1568 10
289 1542 326 1579 p.
341 1532 421 1569 330
442 1542 548 1580 seqq.
566 1532 661 1565 nott.
686 1541 824 1578 exegg.

163 1606 219 1612 ——
239 1586 314 1622 Pro
342 1584 514 1625 τουτέων
536 1584 694 1622 exhibui
728 1583 825 1625 τού-

162 1657 255 1681 των.

342 1732 434 1783 Cap.
457 1732 651 1770 cxxvn.

218 1808 352 1864 χώρην
371 1808 558 1861 τοσήνδε]
590 1812 646 1847 Ita
665 1811 820 1861 plurimi

161 1867 273 1905 codd.
324 1866 434 1913 Quod
454 1869 493 1903 in
514 1869 593 1904 aliis
615 1874 735 1904 exstat
754 1883 820 1908 το-

162 1922 277 1964 σόνδε
290 1954 300 1972 ,
330 1937 407 1961 non
430 1923 748 1961 commutandum
761 1926 821 1961 vi—

161 1981 322 2018 debatur
350 1982 509 2019 Dorviil.
536 1981 584 2018 ad
615 1980 759 2018 Charit.
780 1995 819 2032 p.

161 2040 241 2079 373
262 2052 291 2076 s·
322 2041 417 2078 427.

217 2093 328 2146 μέχρι
367 2093 532 2133 Λυδίεώ
562 2109 602 2133 τε
639 2097 823 2144 ποταμοῦ

158 2150 228 2190 καὶ
247 2146 520 2201 Ἁλιάκμονος]
543 2151 685 2202 Lydius
695 2151 820 2202 &Ly-

161 2207 260 2253 dius,
281 2209 346 2259 qui
365 2208 463 2243 inter
481 2207 820 2253 Macedoniaqfiu-

158 2265 240 2301 vios
268 2264 463 2314 proximus
494 2265 540 2301 ab
572 2266 673 2302 Axio
707 2266 816 2314 (VII,

163 2321 241 2360 123
257 2320 292 2367 ),
331 2320 479 2356 Pellam
519 2323 815 2371 praeterlabitur,

157 2383 292 2426 stagna
313 2376 427 2412 efficit
446 2376 485 2411 in
496 2388 600 2413 mare
614 2391 817 2416 excurrens

158 2439 253 2470 teste
280 2432 459 2470 Strabon.
476 2433 545 2468 VII
572 2446 611 2483 p.
633 2433 713 2474 509
734 2447 763 2471 s.
776 2449 814 2485 p.

160 2491 255 2530 330.
320 2490 419 2525 Cum
438 2489 688 2525 Haliacmone
711 2490 815 2540 quod

156 2545 221 2581 ille
241 2545 342 2582 coire
373 2544 510 2582 dicitur
539 2545 585 2581 ab
609 2545 817 2594 Herodoto,

155 2600 198 2638 id
218 2614 343 2639 errore
363 2601 508 2638 dictum
530 2614 620 2648 esse,
643 2608 730 2638 sunt
751 2604 818 2654 qui

158 2665 305 2708 putent.
365 2659 422 2695 cf.
455 2658 644 2694 Mannert.
679 2658 747 2694 VII
776 2673 815 2709 p.

159 2712 241 2754 505
271 2727 350 2766 seq.
372 2715 560 2756 510‘c011.
590 2713 686 2754 478.
718 2715 815 2752 Gaii.

160 2767 369 2821 adGeogr.
398 2771 521 2808 minu.
550 2771 585 2806 ΙΙ
623 2782 712 2821 pag.
734 2773 816 2812 383

883 1142 962 1181 seq.
1003 1130 1096 1171 385.
1154 1130 1206 1166 At
1248 1129 1314 1182 qui
1362 1127 1545 1167 Herodoti

883 1193 1056 1237 tempore
1088 1187 1313 1224 coniunctus
1347 1200 1436 1223 cum
1466 1188 1545 1223 Ha-

883 1244 1074 1280 liacmone
1102 1245 1200 1280 mari
1220 1257 1259 1281 se
1279 1244 1430 1280 miscuit
1456 1244 1542 1281 loco

883 1299 1086 1351 paludibus
1106 1301 1256 1348 referto,
1279 1314 1369 1337 eum
1389 1307 1543 1352 tempo-

884 1359 933 1394 ris
956 1357 1128 1405 decursu,
1150 1364 1192 1394 ut
1212 1358 1251 1394 iu
1272 1356 1459 1395 eiusmodi
1478 1371 1541 1395 re-

881 1415 1058 1465 gionibus
1093 1414 1175 1451 fieri
1212 1415 1307 1451 solet
1345 1415 1541 1464 stagnosis‚

881 1472 1097 1508 seiunctum
1116 1472 1168 1508 ita
1183 1471 1308 1519 fuisse,
1328 1478 1370 1508 ut
1381 1479 1542 1523 uterque

881 1527 1017 1565 fluvius
1047 1541 1160 1565 suum
1190 1529 1351 1580 quisque
1385 1527 1542 1566 haberet

883 1586 1033 1632 ostium,
1056 1584 1160 1621 haud
1173 1598 1323 1635 prorsus
1335 1598 1355 1621 a
1368 1598 1458 1621 vero
1469 1585 1541 1621 ab-

879 1639 1023 1679 horret.
1095 1640 1180 1679 vid.
1221 1642 1264 1678 C.
1306 1642 1350 1679 Ο.
1389 1642 1541 1680 Miiller.

881 1697 1024 1749 (Ueber
1045 1697 1106 1735 die
1125 1697 1281 1735 Maked.
1302 1712 1341 1750 p.
1362 1697 1440 1746 4),
1463 1712 1540 1750 quo

879 1762 1034 1792 auctore
1073 1755 1216 1806 Lydius
1255 1757 1285 1792 is
1315 1762 1369 1792 est
1388 1755 1538 1805 fluvius,

877 1813 943 1863 qui
971 1813 1011 1848 in
1035 1812 1252 1861 regionibus
1282 1812 1538 1862 superioribus

874 1875 1033 1905 vocatur
1076 1867 1223 1914 Ροίαυα,
1261 1875 1297 1904 et
1337 1867 1384 1904 ad
1424 1869 1538 1905 maris

877 1938 985 1961 oram
1023 1924 1249 1968 lim-asmata
1308 1925 1537 1962 Haliacmon

877 1990 1006 2018 autem
1031 1981 1222 2018 Biclac'zzsta.
1280 1983 1315 2018 Is
1349 1983 1451 2018 enim
1473 1983 1538 2034 qui

877 2039 917 2074 in
956 2039 1152 2075 montibus
1180 2037 1447 2074 Macedoniam
1488 2039 1536 2076 ab

876 2096 994 2145 Epiro
1014 2095 1299 2145 seiungentibus
1325 2108 1492 2143 exorsus,
1515 2108 1537 2132 a

876 2151 1035 2188 meridie
1056 2152 1216 2203 Pydnae
1236 2154 1333 2188 mari
1346 2154 1536 2200 miscetur,

874 2210 1022 2259 saepius
1042 2215 1277 2245 memoratur
1296 2216 1333 2245 et
1354 2208 1455 2260 apud
1475 2222 1538 2246 se-

873 2267 980 2302 rioris
1001 2266 1130 2302 aetatis
1160 2266 1372 2316 scriptores.
1431 2266 1538 2311 Quae

874 2336 964 2359 cum
983 2323 1224 2373 scripsissem,
1246 2322 1362 2359 incidi
1382 2324 1422 2358 iu
1438 2324 1537 2359 Pas-

871 2381 966 2416 sovii
993 2377 1288 2430 disputationem
1317 2378 1364 2416 de
1384 2377 1423 2416 h.
1444 2380 1470 2416 l.
1491 2381 1532 2416 in

871 2435 991 2473 Indic.
1004 2437 1125 2473 Lectt.
1148 2436 1320 2474 Univers.
1333 2437 1531 2473 vratislav.

875 2491 995 2538 1824,
1016 2492 1082 2528 ubi
1113 2494 1172 2529 vir
1192 2492 1323 2529 doctus
1343 2494 1423 2544 ipse
1445 2505 1531 2528 eam

871 2547 912 2582 iu
931 2549 1159 2584 sententiam
1182 2550 1351 2597 inclinat,
1373 2556 1415 2585 ut
1436 2548 1530 2585 duos

872 2602 1006 2640 fluvios
1018 2606 1274 2642 Haliacmonis
1290 2606 1447 2641 nomine
1463 2617 1529 2654 ap-

871 2660 1030 2709 pellatos
1052 2661 1165 2698 fuisse
1184 2669 1405 2706 statuamus,
1428 2672 1529 2712 quo-

871 2728 958 2752 rum
983 2718 1088 2765 alter,
1121 2717 1168 2755 de
1189 2731 1265 2769 quo
1287 2717 1422 2754 Strabo
1444 2717 1530 2752 alii-

872 2784 970 2823 que,
1007 2773 1106 2811 iufra
1147 2772 1325 2826 Pydnam
1364 2773 1460 2809 mari
1488 2785 1529 2809 se

1550 665 1661 692 Castra
1682 666 1787 694 Persa.-

1548 708 1614 726 rum
1632 700 1668 726 ad
1685 700 1782 727 Ther-

1545 741 1636 760 marn.
1656 734 1759 760 Fluvii

1549 767 1662 801 Lydiae
1672 772 1699 794 et
1720 767 1806 794 Hali-

1504 801 1821 870 3035¹¹¹2¹ssbtffs⁰¹²ffl⁰'

1589 844 1601 862 s
1732 855 1738 861 .
