1897 3340
388 230 471 269 68⁰

794 229 1256 267 HERODOTI

392 346 482 389 σας,
511 335 646 390 Γέλης
672 336 751 391 μὲν
780 335 1041 392 ἐπικρατέων
1077 335 1209 392 λόγον
1246 335 1409 381 ἐλάσσω
1440 337 1643 391 ἐποιέετο,

390 402 617 457 ἐπιτρέψας
646 401 781 458 αὐτὴν
805 403 968 459 Ἱέρωνι
997 402 1194 461 ἀδελφεῷ
1225 404 1412 448 ἑωυτοῦ·
1443 403 1467 448 ὁ
1492 405 1538 449 δὲ
1565 404 1642 457 τὰς

389 469 680 527 Συρηκούσας
714 470 943 525 ἐκράτυνε,
980 472 1053 515 καὶ
1083 467 1196 527 ἦσαν
1225 471 1396 516 ἅπαντα
1426 474 1472 516 αἱ
1499 471 1643 529 Συρή-

364 544 387 578 2
398 548 567 581 κουσαι.

627 539 672 580 αἱ
701 537 747 580 δὲ
776 540 1021 592 παραυτίκα
1049 539 1134 582 ἀνά
1163 538 1197 583 τ’
1228 540 1417 596 ἔδραμον
1445 541 1518 585 καὶ
1547 539 1641 584 αὐέ-

388 608 589 661 βλαστον.
647 606 778 646 τοῦτο
815 604 893 659 μὲν
923 606 1030 661 γάρ,
1080 610 1410 663 Καμαριναίους
1449 607 1697 660 ἅπαντας-70

388 671 433 723 ἐς
452 671 529 722 τὰς
558 669 848 725 Συρηκούσας
869 671 1056 727 ἀγαγών,
1085 674 1291 731 πολιήτας
1309 675 1482 731 ἐποίησε
1498 707 1509 727 ,
1553 677 1641 718 Κα-

389 738 572 793 μαρίνης
602 737 648 780 δὲ
677 736 726 780 τὸ
756 737 864 781 ἄστυ
892 740 1156 792 κατέσκαψε·
1195 748 1324 786 τοῦτο
1356 743 1427 792 δὲ,
1458 740 1642 786 Γελοίων
1670 770 1675 772 ⁷

387 803 677 859 ὑπερημίσεας
705 808 793 848 τῶν
822 805 966 850 ἀστῶν
994 806 1134 852 τωύτὸ
1163 815 1275 853 τοῖσι
1304 812 1643 866 Καμαριναίοισι
1699 812 1779 854 577

359 872 578 927 Βέποίησε.
638 872 872 929 Μεγαρέας
897 891 941 918 τε
969 875 1073 927 τούς
1092 877 1138 921 ἐν
1159 879 1349 934 Σικελίῃ,
1379 876 1438 930 ὥς
1467 882 1642 933 πολιορ-

541 1058 633 1110 Cap.
655 1058 782 1097 CLVI.

389 1135 510 1186 Γέλης
548 1134 620 1188 μὲν
647 1136 890 1190 ἐπικρατέων
919 1134 989 1178 λό-

332 1206 405 1244 γον
425 1189 574 1232 ἐλάσσω
595 1193 785 1243 ἐποιέετο]
808 1196 833 1232 i.
855 1209 890 1232 e.
914 1196 988 1234 Ge-

314 1248 415 1297 lam,
445 1262 550 1299 quam
571 1251 707 1288 tenebat
726 1251 890 1289 Hieronis
900 1251 989 1303 sra-

332 1306 398 1342 tris
422 1318 526 1343 curae
548 1309 765 1356 permissam.
825 1308 898 1353 Qui
926 1309 988 1345 lo-

331 1374 398 1399 cus
412 1363 489 1398 'me
508 1364 693 1400 sentiente
713 1377 791 1401 non
803 1371 889 1415 eget
900 1378 988 1401 cor-

336 1419 518 1456 rectione.
546 1420 825 1471 Wesselingius
838 1422 989 1458 malue-

331 1481 390 1511 rat
406 1473 461 1513 ἔτι
484 1473 672 1526 κρατέων,
687 1476 791 1528 quod
807 1479 987 1515 continuo

330 1531 372 1566 iu
400 1537 557 1573 textum·
578 1534 721 1583 recepit
749 1532 987 1573 Schaeferus.

330 1585 393 1623 Ad
412 1594 639 1625 structuram
658 1590 732 1626 loci
747 1590 795 1627 cf.
813 1592 926 1628 etiam
941 1592 989 1628 G.

334 1643 545 1681 Hermann.
562 1644 610 1681 ad
630 1646 754 1695 Viger.
777 1659 814 1696 p.
831 1650 989 1687 771.—

331 1699 377 1735 In
396 1712 502 1752 seqq.
523 1697 711 1751 ἐκράτυνε
741 1709 795 1739 est
810 1703 986 1753 firmavit,

331 1757 457 1803 auxit,
496 1756 695 1806 ampliavit.
763 1758 820 1797 Cf.
849 1761 878 1807 Ι,
908 1763 987 1800 100

332 1812 418 1848 coll.
444 1814 507 1852 13.
528 1814 596 1854 98.
632 1815 709 1851 Pro
731 1812 824 1854 ἕσαν
851 1818 988 1853 rescri-

329 1869 389 1919 psi
410 1861 528 1918 ἦσαν.

387 1922 455 1962 καὶ
490 1918 595 1974 ἦσαν
638 1920 795 1966 ἅπαντα
821 1927 867 1967 αἱ
905 1931 989 1967 Συ·-

332 1976 557 2031 ρήκουσαι]
598 1982 624 2018 ἰ.
656 1996 690 2020 e.
719 1983 775 2021 Et
808 1985 926 2022 omnia
957 1987 991 2022 ei

333 2039 432 2073 erant
455 2036 671 2087 Syracusae,
701 2046 745 2076 ut
763 2042 897 2078 Latine
918 2054 988 2078 ex-

332 2093 463 2143 pressit
494 2094 665 2144 Bergler.
697 2095 745 2132 ad
764 2096 987 2148 Alciphron.

331 2161 421 2198 pag.
443 2151 538 2189 237.
596 2152 662 2187 Tu
683 2151 769 2189 vide
789 2156 836 2191 sis
859 2152 989 2191 dehac

332 2204 524 2240 locutione
543 2213 638 2242 nott.
665 2206 714 2244 ad
741 2211 769 2255 Ι,
797 2213 889 2250 122.
922 2211 986 2257 III,

337 2259 428 2298 157.
459 2260 584 2309 viger.
611 2275 696 2312 pag.
728 2267 822 2304 727.
850 2264 987 2306 Manli,

334 2314 399 2350 Gr.
420 2315 486 2351 Gr.
503 2318 538 2360 ξ.
552 2316 631 2356 438
645 2331 730 2368 pag.
748 2322 843 2359 819.
867 2321 990 2364 Quam

334 2369 439 2421 quod
460 2372 510 2406 ita
525 2372 709 2421 relingere
725 2375 864 2423 placuit
881 2377 988 2412 Reis-

334 2424 401 2462 kio
423 2432 459 2461 et
483 2427 663 2465 Pauwio:
702 2428 794 2467 ἕσαν
828 2427 986 2470 ἅπαντα

337 2481 378 2521 οἰ
395 2481 439 2520 αἱ
449 2478 718 2532 Συρήκουσαι,
737 2485 775 2522 id
796 2486 987 2524 iurehaucl

334 2539 586 2574 necessarium
606 2539 754 2577 videtur
776 2544 987 2580 wesselin-

335 2595 420 2643 gio3
465 2607 535 2631 nec
577 2597 697 2646 magis
735 2603 988 2637 necessarium

337 2649 524 2698 duxerim,
555 2651 654 2688 libris
688 2658 905 2703 praesertim
926 2658 988 2693 in-

337 2707 433 2754 vitis,
447 2720 533 2743 cnm
543 2707 725 2748 Valcken.
740 2718 775 2747 et
788 2711 988 2763 Schweig-

339 2761 519 2799 liaeusero
533 2765 714 2802 scribere:
747 2766 839 2805 ἔσαν
859 2765 989 2808 ἅπαν-

340 2815 442 2858 τάοῖ
462 2816 731 2872 Συρήκουσαι.
780 2825 911 2877 Neque
932 2838 988 2862 m·-

1041 1060 1177 1098 ticulus
1197 1060 1300 1098 abest
1326 1059 1367 1098 in
1393 1060 1506 1099 simili
1534 1062 1699 1100 formula

1041 1120 1072 1167 1,
1096 1121 1188 1158 122.

1101 1181 1197 1224 αἰδὲ
1212 1184 1434 1236 παραυτίκα
1448 1180 1525 1225 ἄνά
1537 1180 1567 1224 τ’
1586 1184 1700 1234 ἔδρα-

1045 1256 1120 1294 μον
1149 1240 1216 1279 καὶ
1241 1237 1510 1292 ιῖνέβλαστον]
1541 1241 1602 1279 Ad
1624 1238 1702 1281 a'voi

1043 1293 1074 1336 τ’
1097 1297 1269 1348 ἔδραμον
1289 1298 1390 1336 conf.
1411 1306 1508 1337 nott.
1531 1298 1579 1336 ad
1598 1300 1629 1346 I,
1644 1301 1698 1340 66

1044 1361 1081 1391 et
1096 1353 1183 1394 add.
1207 1367 1304 1406 quae
1323 1353 1385 1392 hic
1405 1354 1513 1392 affert
1533 1353 1700 1393 Valcke-

1044 1425 1162 1458 naer„
1193 1410 1302 1448 Suid.
1330 1425 1359 1449 s.
1388 1425 1426 1448 v.
1458 1410 1593 1458 Γέσιος
1623 1413 1641 1448 Ι
1660 1425 1699 1462 p.

1044 1467 1140 1509 478.
1159 1468 1310 1518 Eunap.
1343 1469 1383 1504 in
1402 1467 1590 1520 Porphyr.
1613 1480 1699 1518 pag.

1050 1526 1098 1564 13
1132 1536 1220 1574 pag.
1250 1527 1276 1564 7
1295 1524 1517 1562 Boissonad.
1545 1525 1631 1562 coll.
1651 1525 1700 1561 E.

1044 1581 1239 1618 Wentzel.
1260 1581 1318 1616 De
1347 1582 1563 1632 praepositt.
1589 1581 1702 1617 tmesi

1045 1649 1103 1687 ap.
1123 1635 1306 1673 Herodot.
1339 1639 1376 1683 §.
1407 1640 1432 1678 9
1453 1652 1490 1688 p.
1514 1639 1579 1678 18.
1607 1638 1701 1673 Lar.

1044 1692 1178 1730 cherus
1208 1693 1306 1730 bene
1334 1706 1485 1730 memor
1512 1693 1583 1730 fuit
1616 1695 1700 1730 Ho-

1042 1750 1174 1786 merici
1209 1748 1321 1786 dicti:
1362 1748 1382 1789 ὁ
1408 1745 1442 1788 δ’
1480 1745 1700 1802 ἆνέδραμεν

1047 1804 1152 1855 ἔρνεϊ
1177 1801 1261 1852 ἶσος
1279 1806 1322 1842 Il.
1335 1807 1472 1853 XVIII,
1489 1806 1621 1846 56.—
1637 1805 1701 1843 Ad

1046 1858 1289 1914 οἷνέβλαστον
1309 1862 1409 1902 conf.
1432 1869 1530 1900 nott.
1565 1861 1613 1899 ad
1632 1864 1699 1910 111,

1045 1921 1112 1959 62.
1143 1916 1243 1955 Add.
1263 1919 1308 1965 V,
1329 1921 1382 1959 92
1400 1920 1437 1965 §.
1449 1917 1487 1958 4.
1504 1941 1560 1946 -
1577 1919 1700 1956 Paulo

1043 1975 1198 2012 inferius
1218 1976 1428 2025 genitivum
1459 1977 1539 2014 τῶν
1568 1970 1701 2014 οἷστοῖν

1043 2039 1171 2068 tuetur
1207 2033 1484 2082 VVesselingius
1514 2030 1571 2068 his
1608 2032 1700 2067 locis

1043 2089 1249 2125 similibus:
1280 2089 1360 2134 Vll,
1388 2090 1478 2127 170.
1508 2088 1573 2135 111,
1607 2089 1699 2127 123.

1043 2145 1107 2192 lv,
1128 2147 1194 2184 33.
1217 2145 1285 2190 IX,
1309 2146 1375 2183 93.

1102 2209 1312 2260 Μεγαρέας
1333 2224 1372 2248 τε
1393 2207 1485 2256 τούς
1506 2209 1547 2249 ἐν
1569 2208 1698 2249 ’Σικε-

1044 2265 1136 2316 λίῃ]
1166 2265 1228 2300 Ad
1263 2266 1413 2302 Siciliae
1445 2279 1550 2302 oram
1579 2267 1700 2302 meri-

1046 2320 1236 2356 dionalein
1270 2335 1347 2357 non
1387 2323 1500 2372 longe
1530 2323 1577 2358 ab
1610 2323 1700 2374 ipsis

1045 2377 1240 2426 Syracusis
1274 2379 1407 2415 intimo
1430 2380 1470 2415 iu
1490 2379 1592 2415 sinus
1611 2392 1700 2416 lna—

1043 2434 1157 2469 ritimi
1189 2447 1335 2471 recessu
1363 2435 1450 2472 urbs
1480 2436 1594 2472 iacuit
1611 2434 1698 2472 Me-

1041 2502 1157 2537 ga1·a‚·
1187 2503 1284 2541 quae
1306 2504 1381 2542 quo
1402 2504 1423 2527 a
1443 2493 1604 2541 Megaris
1627 2492 1698 2528 At-

1042 2547 1122 2582 ticis
1163 2545 1472 2597 distingueretur,
1511 2548 1697 2598 Hyblaeae

1043 2614 1257 2652 cognomen
1293 2605 1435 2654 accepit
1473 2617 1590 2654 prope
1619 2603 1697 2640 dis-

1043 2658 1232 2695 cernenda
1264 2660 1310 2695 ab
1341 2660 1465 2710 Hybla
1503 2660 1695 2708 Geleatide,

1044 2715 1114 2750 alia
1136 2715 1286 2751 Siciliae
1299 2717 1405 2763 urbe,
1426 2715 1591 2768 qusicum
1610 2717 1695 2752 Me-

1044 2772 1212 2820 garicam
1240 2773 1405 2823 Hyblam
1434 2773 1580 2822 saepius
1601 2785 1695 2809 con-

1043 2828 1167 2865 fusam
1178 2841 1256 2865 esse
1269 2827 1453 2866 videmus.
1483 2828 1568 2868 vid.
1581 2827 1695 2866 Thu-
