1897 3340
415 219 1069 259 TERPSICHORE.
1128 221 1173 257 V.

1375 225 1458 264 165

190 333 479 386 ,,τριηκοστῷ’,
517 329 670 384 Αἰακῷ
697 326 873 382 τέμενος
903 325 1214 380 ἀποδέξαντας,
1244 328 1455 385 ἄρχεσθαι

192 401 302 447 ,,τοῦ
343 397 453 450 πρὸς
497 393 731 450 Αἰγινήτας
760 395 977 450 πολέμου·
1016 398 1090 440 καί
1119 409 1198 450 σφι
1239 396 1455 452 χωρήσειν

161 471 182 503 3
194 464 272 517 ,,τοὶ
314 463 562 519 βούλονται.

640 462 694 518 ἢν
744 463 790 506 δὲ
837 462 993 507 αὐτίκα
1049 464 1453 518 ἐπιστρατεύωνται,
1471 474 1511 505 10

189 531 352 584 „nol-sto}
382 529 461 585 μέν
502 542 637 585 σφεας
670 532 716 574 ἐν
756 536 816 589 τῷ
855 530 1012 586 μεταξὺ
1045 534 1124 573 τοῦ
1164 531 1327 586 χρόνου
1365 534 1454 575 πεί-

188 604 392 650 ,,σεσθαι,
423 599 564 642 πολλοὶ
597 598 641 642 δὲ
673 600 745 642 καὶ
767 599 989 655 ποιήσειν·
1020 597 1138 649 τέλος
1157 599 1306 653 μέντοι
1329 617 1457 643 κατα-

158 672 180 707 4
192 665 528 720 ,,στρε’ψεσθαι.“

593 671 742 710 Ταῦτα
789 665 849 718 ὥς
902 667 1216 722 ἀπενειχθέντα
1253 666 1452 722 ἤκουσαν

185 735 228 776 οἱ
253 731 497 789 Ἀθηναῖοι,
539 739 600 792 τῷ
627 735 705 790 μὲν
735 735 887 792 Αἰακῷ
907 736 1083 789 τέμενος
1114 732 1324 788 ἀπέδεξαν
1353 741 1450 780 τοῦ-

183 818 231 844 το
263 800 311 844 τὸ
351 805 436 844 νῦν
476 801 546 844 ἐπὶ
574 805 650 857 τῆς
689 801 853 859 α’γορῆς
891 805 1085 857 ἵδρυται·
1139 803 1374 859 τριήκοντα
1406 805 1451 848 δὲ

182 869 276 913 ἔτεα
314 868 397 913 οὐκ
438 868 699 924 ἀνέσχοντο,
741 869 1011 922 ἀκούσαντες
1051 869 1164 922 ὅκως
1201 869 1342 926 χρεών
1385 872 1449 927 εἴη
1467 879 1507 912 15

123 1031 236 1066 nere,
283 1030 449 1070 qucrum
488 1020 679 1069 primitiva
706 1033 784 1057 non

121 1076 288 1112 multum
301 1105 311 1122 ,
342 1075 446 1127 quod
468 1075 516 1112 ad
536 1077 784 1127 significatio-

121 1145 211 1168 nem
232 1132 384 1179 attinet,
407 1132 588 1169 differunt
608 1146 629 1169 a
650 1135 784 1184 primi—

119 1190 203 1226 tivis
218 1218 227 1236 ,
265 1191 416 1226 lansou.
459 1191 498 1225 in
539 1190 704 1227 Seebod.
747 1198 784 1227 et

121 1244 230 1282 Iahn.
262 1246 416 1283 Annall.
444 1248 563 1286 1832.
593 1247 729 1297 Suppl.
751 1249 781 1295 Ι,

121 1301 146 1341 4
167 1315 255 1353 pag.
277 1303 372 1343 571.
430 1303 474 1338 In
496 1304 619 1340 verbis
649 1304 782 1340 subse-

121 1359 324 1410 quentibus
352 1360 408 1411 τῷ
435 1357 494 1397 ἒνὶ
523 1358 589 1397 καὶ
627 1375 782 1410 τριηκο-

120 1418 200 1468 στῷ
231 1417 476 1465 Hoogeveen.
512 1415 560 1452 ad
593 1417 719 1466 Viger.
740 1431 780 1468 p.

119 1474 172 1512 70
188 1479 294 1508 notat
314 1473 464 1508 numeri
476 1474 632 1509 minoris
653 1487 702 1509 ex
716 1487 780 1509 or-

119 1528 236 1565 dinali
246 1530 284 1564 in
296 1529 545 1580 principalem
561 1531 780 1566 conversio—

117 1597 231 1622 nem:
253 1598 344 1622 cum
363 1598 453 1622 sane
464 1599 533 1636 pro
554 1584 616 1624 ἑνὶ
638 1599 777 1636 exspe—

116 1648 251 1678 ctasses
286 1638 429 1694 πρώτῳ
459 1644 633 1680 tricesimo
662 1644 777 1693 primo

115 1712 223 1746 anno,
252 1698 309 1735 het
338 1711 397 1735 een
423 1712 463 1736 en
491 1698 662 1748 dertigste
680 1702 776 1747 iaar,

114 1762 155 1792 ut
174 1756 309 1792 Batavi
328 1756 548 1807 loquuntur.
569 1778 626 1782 —
644 1755 776 1793 Adlo—

114 1813 309 1849 ssutionem
328 1810 489 1862 τέμενος
501 1807 774 1861 ἀποδέξαντας

114 1869 216 1907 conf.
235 1869 281 1917 V,
304 1871 371 1910 67.
391 1869 472 1916 Vll,
497 1872 588 1910 178·

169 1975 390 2032 χωρήσειν]
431 1983 488 2017 Ita
508 1982 593 2017 libri
617 1982 768 2029 vetusti,

113 2050 208 2089 quos
229 2051 318 2075 cum
337 2045 495 2075 recentt.
513 2037 601 2075 edd.
621 2045 772 2076 secutus

111 2107 216 2142 sum,
247 2108 325 2131 uno
357 2102 517 2146 excepto
558 2093 769 2144 Scliaefer„

113 2152 178 2202 qui
199 2164 247 2188 ex
262 2164 339 2188 uno
361 2152 550 2190 Sancrofti
570 2153 667 2189 libro
700 2166 772 2189 ex-
810 2198 813 2201 Ι

112 2205 234 2245 hibuit
263 2211 440 2260 χωρῆσαι
466 2210 636 2260 itemque
663 2222 770 2257 mox,

111 2264 482 2316 καταστρέψασθαις
538 2265 643 2317 quod
683 2267 772 2303 citat

112 2321 160 2358 G.
188 2323 397 2359 Hermann.
436 2321 485 2359 ad
522 2323 651 2373 Viger.
680 2318 770 2374 pag.

112 2377 215 2425 756,
248 2391 324 2430 quo
354 2379 433 2415 scil.
455 2385 621 2430 pateret,
652 2392 770 2431 quam

111 2433 268 2471 licenter
298 2436 442 2472 aoristis
474 2437 610 2472 Graeci
630 2436 770 2473 fuerint

113 2491 182 2527 usi.
237 2493 314 2528 Nos
345 2498 558 2529 ceterorum
583 2493 769 2529 librorum

113 2546 214 2583 iussu
255 2546 318 2585 hic
350 2561 503 2600 quoque
544 2551 769 2587 retinuimus

112 2603 469 2656 καταστρέψεσθαι.
527 2604 590 2642 Ad
621 2606 768 2656 signifi—

113 2659 302 2696 cationem
320 2661 426 2698 verbi
446 2664 587 2712 χωρεῖν
607 2662 656 2698 cf.
671 2670 768 2700 nott.

113 2712 161 2749 ad
180 2715 243 2761 nl,
256 2715 323 2757 42.
337 2740 386 2745 —
410 2719 504 2754 Mox
524 2718 660 2754 retinui
680 2732 768 2755 cum

113 2777 269 2807 recentt.
307 2771 392 2809 edd.
429 2771 622 2824 ἥκουσαν,
663 2776 768 2812 cuius

112 2826 196 2863 loco
217 2825 410 2866 Schaefer.
431 2827 620 2870 ἄκουσαν.

899 1017 944 1059 τό
955 1023 1031 1060 νῦν
1051 1018 1116 1059 ἐπὶ
1135 1022 1208 1071 τῆς
1219 1015 1369 1074 α’γορῆς
1391 1019 1507 1072 ἵδρυ-

841 1078 932 1125 ται]
967 1078 1106 1122 Quaeri
1145 1078 1261 1128 possit
1281 1084 1413 1113 utrmn
1455 1076 1503 1113 de

841 1136 1042 1183 antiquiori
1077 1132 1376 1170 Atheniensium
1407 1134 1503 1182 foro,

841 1191 945 1242 quod
974 1192 1117 1242 Pnygis
1157 1192 1246 1227 colli
1283 1190 1506 1241 proximum

839 1248 952 1284 fuisse
973 1249 1102 1295 fertur,
1126 1246 1246 1296 (conf.
1268 1249 1389 1284 Kruse
1411 1248 1504 1283 Hel-

837 1304 892 1341 las
913 1306 960 1351 Π,
995 1308 1014 1344 1
1036 1317 1124 1355 pag.
1150 1305 1271 1353 103),
1303 1302 1366 1340 hic
1395 1305 1503 1354 cogi—

838 1360 1000 1397 tandum
1020 1362 1130 1397 sitan
1150 1359 1198 1396 de
1217 1362 1401 1397 recentiori
1421 1361 1503 1397 foro

837 1418 1044 1468 porticibus
1065 1424 1198 1454 ornato
1218 1430 1338 1467 prope
1347 1416 1503 1454 Andro—

836 1475 913 1510 nici
935 1487 1032 1526 quae
1052 1487 1155 1510 nunc
1176 1481 1334 1510 vocatur
1354 1475 1501 1521 turrim,

837 1529 885 1566 de
908 1543 984 1582 quo
1016 1530 1118 1567 conf.
1149 1529 1254 1566 idem
1283 1532 1406 1567 Kruse
1425 1531 1451 1567 l.
1475 1532 1500 1568 l.

835 1600 924 1636 pag.
956 1589 1027 1627 111
1064 1599 1171 1638 seqq.
1228 1587 1281 1622 At
1311 1585 1408 1623 mihi
1434 1588 1500 1624 vix

834 1642 996 1680 dubium
1013 1672 1023 1691 ,
1074 1645 1167 1695 quin
1204 1641 1251 1680 de
1294 1645 1500 1696 antiquiori

832 1700 915 1737 foro
927 1699 989 1736 hic
1005 1713 1130 1737 sermo
1151 1701 1209 1747 sit,
1231 1699 1336 1752 quod
1347 1701 1386 1736 in
1403 1701 1502 1738 valle

832 1758 931 1794 intra
951 1758 1129 1808 Pnygem
1144 1786 1153 1804 ,
1182 1757 1430 1807 Areopagum
1463 1765 1500 1794 et

832 1814 1040 1864 Acropolin
1092 1814 1205 1850 fuisse
1254 1815 1500 1864 probabiliter

829 1872 959 1907 statuit
981 1871 1023 1907 C.
1045 1870 1089 1907 O.
1111 1871 1262 1906 muller.
1289 1871 1328 1906 in
1360 1869 1495 1908 Ersch.

830 1934 868 1963 et
907 1927 1068 1963 Gruber.
1096 1926 1380 1979 Encyclopaed.
1410 1928 1496 1964 Vol.

830 1985 881 2020 VI
899 1996 987 2035 pag.
1008 1986 1105 2023 231.

886 2091 961 2134 οὐκ
979 2089 1206 2145 οἷνέσχοντο,
1228 2090 1491 2144 ἀκούσαντες]

830 2152 936 2197 Quae
957 2151 1059 2202 apud
1080 2150 1276 2189 Schaefer.
1297 2153 1418 2203 posita
1439 2160 1494 2189 est

830 2208 1020 2246 distinctio
1042 2215 1129 2245 ante
1144 2203 1399 2256 ἀκούσαντες,
1423 2208 1493 2245 de—

828 2267 946 2302 letam
966 2267 1112 2316 reperio
1142 2266 1182 2301 in
1213 2263 1432 2316 Schweigh.
1456 2273 1493 2303 et

829 2323 946 2360 Gaisf.
969 2321 1156 2370 editione,
1186 2323 1237 2359 ita
1266 2330 1306 2359 ut
1337 2323 1491 2373 partici-

827 2381 937 2430 pium
958 2374 1198 2425 ἀκούσαντες
1219 2393 1308 2416 cum
1335 2386 1491 2415 antece-

827 2436 933 2473 denti
961 2437 1079 2473 verbo
1110 2431 1321 2486 ἀνέσχοντο
1344 2449 1490 2472 conne-

827 2500 950 2530 ctatur
970 2505 1015 2529 eo
1036 2505 1107 2529 usu
1128 2505 1204 2544 quo
1225 2493 1270 2529 V.
1292 2491 1360 2534 48.
1380 2494 1409 2538 Ι,
1432 2494 1486 2533 80

825 2550 1069 2600 participium
1089 2547 1178 2585 huic
1207 2550 1325 2586 verbo
1347 2548 1507 2585 adstrui'

823 2605 1011 2653 vidimus,
1042 2604 1141 2642 hanc
1171 2606 1210 2641 in
1232 2607 1484 2642 sententiam:

825 2661 909 2700 Non
937 2664 1179 2699 sustinuerunt
1206 2662 1344 2699 audire.
1413 2662 1486 2697 Ubi

825 2718 985 2755 offendit
1044 2719 1171 2755 aoristi
1231 2718 1483 2769 participium,

825 2776 930 2812 cuius
969 2776 1054 2811 loco
1092 2775 1297 2825 praesentis
1331 2773 1483 2824 partici-

823 2832 933 2882 pium
971 2844 1062 2868 sane
1096 2837 1303 2880 exspectes.
1352 2831 1484 2879 Itaque
