1897 3340
427 213 1083 254 TERPSICHORE.
1142 217 1187 253 V.
1361 222 1442 261 147

59 330 123 375 81
184 324 289 376 τοὺς
318 325 527 374 Αἰακίδας
546 320 816 377 συμπέμπειν
856 321 1038 377 ἔφασαν.
1101 323 1445 380 Πειρησαμένων

185 393 230 436 δὲ
259 397 348 435 τῶν
381 392 585 447 Θηβαίων
623 389 734 444 nocto?
774 388 855 446 τήν
893 392 1140 446 συμμαχίην
1178 395 1266 434 τῶν
1298 393 1448 435 Αἰακι-

178 461 302 506 δέων,
331 460 404 503 καὶ
423 458 610 514 τρηχέως
627 457 959 513 περιεφθέντων
979 456 1067 501 ὑπὸ
1086 461 1175 501 τῶν
1185 457 1442 514 Ἀθηναίων,

178 522 300 577 αὖτις
319 528 362 570 οἱ
392 529 579 582 Θηβαῖοι
608 526 865 580 πέμψαντες,
894 524 1001 576 τούς
1031 527 1110 580 μὲν
1131 528 1344 578 Αἰακίδας
1369 540 1448 581 σφι

147 593 458 646 Ξοῖπεδίδοσαν,
489 598 578 638 τῶν
598 593 643 637 δὲ
667 591 855 647 ἀνδρῶν,
886 593 1071 637 ἐδέοντο.

178 660 436 718 εὐδαιμονίῃ
467 677 511 705 τε
539 660 702 717 μεγάλῃ
730 661 1010 716 ἐπαρθέντες,
1053 662 1126 706 καὶ
1167 663 1326 719 ἔχθρης
1364 679 1446 706 πα-

175 734 300 787 λαιῆς
328 728 682 786 ἀναμνησθέντες
711 728 894 787 ἐχούσης
932 729 976 781 ἐς
1014 728 1295 786 Ἀθηναίους,
1335 730 1444 780 τότε,

1501 340 1641 370 Thebani
1635 354 1657 371 in
1679 347 1776 387 nihilo

1503 384 1554 402 see
1549 376 1602 402 ius
1619 378 1669 404 de
1659 380 1745 408 vicit„

1504 410 1572 449 ini,
1592 412 1668 438 ctsso
1654 422 1703 439 ocr
1710 420 1777 442 ntes

1505 444 1622 483 opibuf.
1644 424 1776 475 (tthe-

1503 478 1660 505 munenibus
1682 482 1743 518 pri-

1505 510 1699 544 deminfcsti
1725 516 1777 541 At-

1504 544 1596 572 ticam
1620 546 1775 583 invadunt,

1130 595 1361 650 Αἰγινῆται
1383 587 1727 649 6k‚sool¹2³1‘{2³‚¹¹3‘3{¹5m

1504 646 1701 682 populantur.

119 954 252 984 cutum
283 961 362 985 esse
406 948 635 998 accepimus,
675 946 781 984 unde

118 1004 229 1041 valde
249 1005 445 1055 probabile
466 1004 520 1052 fit,
553 1003 657 1056 quod
677 1004 782 1042 idem

117 1062 298 1099 Miillerus
319 1062 480 1099 coniecit
499 1061 560 1098 l.l.
587 1074 676 1112 pag.
700 1064 777 1103 161

118 1119 204 1156 coll.
217 1121 309 1165 162,
320 1122 358 1156 in
374 1120 452 1155 eius
469 1119 614 1169 templo
634 1132 663 1156 s„
676 1118 781 1157 Αἰα-

115 1176 210 1229 κείῳ
241 1176 308 1224 (cf.
339 1174 506 1227 Hesych.
527 1177 543 1211 l
565 1189 603 1226 p.
627 1177 705 1215 133
743 1182 781 1212 et

118 1232 262 1274 Herod.
282 1234 328 1280 V,
351 1235 422 1283 89)
448 1234 618 1283 ipsorum
638 1233 780 1269 Aeaci-

118 1289 275 1337 darum,
307 1303 406 1341 quae
435 1288 508 1326 hoc
532 1290 616 1326 loco
637 1289 780 1325 intelli-

117 1353 260 1396 guntur
289 1347 511 1393 simulacra,
543 1344 696 1383 condita
715 1345 780 1382 su-

118 1404 199 1451 isse,
222 1417 343 1455 quum
363 1402 562 1450 Aeacidas,
583 1404 609 1439 i.
622 1416 654 1441 e.
675 1403 780 1439 Aea-

118 1473 207 1497 cum
219 1473 295 1497 una
312 1473 402 1497 cum
421 1472 489 1497 sua
508 1461 635 1510 stirpe,
657 1472 780 1510 pena-

118 1524 172 1554 tes
203 1530 246 1554 ac
277 1517 367 1554 deos
404 1517 582 1554 tutelares
611 1517 780 1553 colerent

115 1575 338 1624 Aeginetae,
360 1572 557 1610 Thebanis
576 1572 666 1609 inde
678 1573 778 1609 bello

113 1631 371 1668 laborantibus
431 1631 572 1666 auxilio
630 1631 777 1667 missos.

114 1689 215 1725 Hinc
253 1689 340 1725 satis
379 1694 483 1738 patet
523 1688 776 1736 συμπείθειν,

117 1744 222 1797 quod
242 1746 370 1796 plures
396 1743 510 1781 codd.
531 1743 592 1780 hic
614 1742 779 1780 afferunt

114 1815 184 1853 pro
224 1800 474 1852 συμπέμπειν
489 1829 504 1846 ,
546 1801 664 1851 recipi
697 1814 778 1838 non

114 1871 249 1910 posse,
278 1871 370 1895 nam
389 1857 580 1895 Aeacidae
605 1864 706 1905 sunt,
735 1864 777 1895 ut

114 1923 217 1952 recte
238 1915 342 1952 addit
363 1916 404 1952 C.
418 1915 622 1952 O.Miiller.
643 1928 681 1964 p.
699 1917 776 1955 163

114 1979 218 2020 not.,
270 1969 471 2023 σύμμαχοι
493 2002 503 2019 ,
555 1970 776 2022 ἐπίκουροι,

115 2028 338 2080 ἐπίκλητοι,
374 2026 731 2082 παρακεκλημένοι.

300 2154 392 2206 Cap.
412 2155 594 2192 LXXXI.

175 2254 490 2307 Πειρησαμένων
519 2254 561 2295 δὲ
584 2258 665 2295 τῶν
691 2257 775 2307 Θη-

116 2312 242 2363 βαίων
265 2328 302 2351 κ.
324 2329 356 2351 τ.
376 2314 428 2362 L]
459 2315 485 2350 i.
516 2327 548 2350 e.
582 2326 658 2350 cum
683 2313 776 2350 The-

116 2369 200 2406 bani
233 2370 469 2407 Aeacidarum
508 2371 647 2407 auxilio
680 2369 776 2420 freti

118 2428 304 2463 tentassent
325 2440 353 2464 s.
377 2430 540 2477 impetum
553 2426 721 2477 fecissent
737 2430 776 2464 in

117 2481 350 2520 Athenienses.
409 2485 466 2520 De
495 2485 611 2521 verbo
633 2486 777 2535 πειρᾶ-

121 2541 218 2577 σθαι
248 2540 349 2576 conf.
370 2541 433 2588 IV,
454 2542 508 2582 80
530 2548 568 2577 et
587 2539 636 2577 ad
660 2542 777 2577 verba

118 2595 292 2643 proxime
320 2610 427 2649 seqq.
457 2596 626 2647 τρηχέως
650 2611 778 2649 περιε-

120 2649 305 2697 φθέντων
323 2654 369 2700 V,
395 2657 431 2694 1.
489 2655 583 2690 Mox
604 2666 692 2691 cum
714 2667 776 2690 re-

120 2713 234 2762 ceptt.
266 2707 353 2746 edd.
381 2722 450 2760 pro
478 2704 601 2757 αὖθις
624 2712 776 2761 reposui

120 2763 244 2809 αὑτις,
266 2771 308 2801 ut
326 2766 463 2803 Ionum
484 2766 668 2819 loquendi
686 2780 776 2805 usus

118 2819 298 2869 postulat.
354 2822 412 2859 cf.
433 2824 594 2874 Gregor.
616 2824 703 2861 Cor.
727 2823 775 2862 de

839 947 988 988 dialect.
1010 949 1095 986 Ion.
1125 950 1162 994 §.
1193 947 1246 990 64
1267 949 1359 1002 ibiq.
1382 949 1502 987 inter-

837 1013 951 1056 prett.
981 1018 1070 1056 pag.
1091 1004 1173 1046 473
1196 1005 1350 1043 Schaef.

896 1058 1130 1116 εὐδαιμονίῃ
1151 1077 1190 1102 τε
1211 1059 1361 1117 μεγάλῃ
1376 1061 1499 1115 ἔπαρ-

836 1117 994 1167 θέντες]
1025 1121 1048 1158 i.
1065 1132 1098 1155 e.
1113 1117 1396 1170 florentsreram
1418 1133 1500 1157 sua-

836 1188 911 1213 rum
942 1180 1040 1214 statu
1070 1176 1165 1214 elati.
1224 1178 1281 1213 De
1310 1190 1405 1214 voce
1436 1173 1500 1215 εὖ·

836 1232 1028 1284 δαιμονία
1066 1233 1168 1269 conf.
1192 1234 1238 1281 V,
1261 1235 1299 1274 8.
1320 1236 1387 1275 28.
1425 1235 1501 1270 Fa—

836 1290 886 1326 cit
924 1289 1001 1327 huc
1027 1290 1177 1326 Aeliani
1215 1291 1321 1327 locus
1363 1291 1410 1327 V
1451 1292 1502 1328 H.

835 1347 923 1393 XII,
949 1349 1020 1387 10:
1055 1346 1270 1398 Αἰγινῆταί
1296 1361 1391 1386 ποτε
1413 1346 1502 1386 ἐδν-

835 1399 1027 1454 νήθησαν
1066 1419 1114 1442 τα
1152 1402 1312 1455 μέγιστα
1344 1403 1386 1442 έν
1419 1407 1502 1450 τοῖς

823 1455 1036 1510 Ἓλλησιν,
1068 1455 1265 1526 ευφορίαν
1292 1474 1382 1499 τινα
1407 1457 1500 1512 χρό-

834 1531 919 1555 νων
955 1515 1023 1555 καὶ
1062 1511 1271 1567 εὐκαιρίαν
1299 1513 1498 1586 λαχόντες·

836 1568 1010 1643 δύναμιν
1046 1588 1121 1625 γαρ
1159 1570 1354 1624 ναυτικὴν
1387 1573 1500 1624 ἔσχον

834 1629 902 1669 καὶ
923 1631 1029 1680 ησαν
1051 1629 1248 1682 μέγιστοιτ
1287 1643 1386 1682 quae
1411 1643 1500 1667 ver-

834 1687 883 1723 ba
903 1699 924 1723 a
944 1688 1033 1724 viris
1054 1686 1173 1723 doctis
1185 1688 1289 1723 varie
1311 1688 1501 1738 explicata

833 1744 1056 1781 Perizonius
1094 1751 1197 1780 recte
1230 1745 1503 1795 iuterpretatur

835 1800 882 1838 de
893 1800 1078 1851 facilitate
1102 1805 1290 1850 temporum
1313 1808 1426 1853 atque
1438 1814 1502 1851 op-

828 1860 1074 1908 portunitate,
1124 1871 1222 1909 quae
1260 1858 1370 1894 facile
1406 1865 1499 1894 tunc

833 1915 972 1958 tulerit,
986 1921 1029 1951 ut
1043 1915 1255 1965 Aeginetae
1275 1927 1388 1965 supra
1407 1915 1500 1952 alios

835 1970 884 2007 ad
922 1972 1029 2007 illam
1069 1970 1318 2008 escenderent
1356 1979 1498 2022 poten-

832 2029 939 2065 tiam.
987 2029 1063 2065 Vix
1084 2030 1187 2064 enim
1209 2027 1256 2064 de
1276 2035 1398 2064 terrae
1418 2028 1498 2064 fer-

832 2086 989 2133 tilitate,
1025 2092 1067 2121 ut
1088 2084 1319 2137 quibusdam
1339 2086 1496 2136 placuit,

832 2140 896 2179 hic
938 2142 1199 2192 cogitandum.
1262 2144 1497 2179 Paraverant

833 2200 903 2236 sibi
921 2197 1034 2236 hasce
1056 2212 1145 2250 opes
1159 2200 1371 2249 Aeginetae
1391 2212 1499 2235 mer-—

831 2263 961 2293 catura
1000 2258 1239 2307 potissimum
1281 2264 1337 2304 et,
1391 2255 1495 2308 quod

829 2326 919 2350 cum
941 2325 985 2349 eo
1007 2315 1257 2350 coniunctum
1275 2320 1342 2361 est,
1364 2327 1404 2349 re
1423 2326 1497 2349 na-

828 2371 904 2407 vali
932 2372 983 2407 ita
1014 2377 1144 2417 aucta,
1186 2377 1228 2406 ut
1255 2371 1316 2406 vel
1345 2377 1495 2406 mature

830 2428 929 2464 inter
956 2427 1118 2479 reliquas
1150 2427 1331 2463 Graeciae
1360 2434 1495 2477 gentes

833 2484 1077 2521 excellerent.
1137 2484 1248 2520 Conf.
1270 2485 1311 2520 C.
1336 2484 1496 2522 Omni]-

833 2542 901 2579 ler.
924 2541 1116 2590 Aeginett.
1141 2553 1227 2591 pag.
1249 2541 1303 2581 74
1325 2541 1410 2577 coll.
1428 2542 1494 2580 87.
1549 2541 1551 2546 ’

891 2593 1059 2648 ἐχούσης
1081 2597 1119 2644 ἐς
1142 2595 1407 2646 Ἀθηναίους]
1440 2598 1496 2631 lla

831 2655 1008 2692 meliores
1027 2656 1113 2692 libri
1133 2667 1201 2705 pro
1226 2650 1370 2703 ἐούσης
1395 2649 1496 2702 πρός

830 2705 1084 2761 Ἀθηναίους.
1160 2712 1224 2747 Tu
1266 2711 1367 2746 conf,
1396 2714 1492 2744 nott.

832 2767 881 2804 ad
910 2769 975 2814 III,
1005 2767 1072 2808 48.
1112 2766 1215 2803 Add.
1247 2767 1310 2813 VI,
1341 2769 1381 2806 2.
1428 2765 1492 2803 19.

831 2825 930 2872 vm,
956 2823 1048 2864 144.

1111 2881 1162 2919 10
1186 2875 1211 2898 ᾗ
