<?xml version="1.0" encoding="UTF-8"?>
<!DOCTYPE html PUBLIC "-//W3C//DTD XHTML 1.0 Transitional//EN"
    "http://www.w3.org/TR/xhtml1/DTD/xhtml1-transitional.dtd">
<html xmlns="http://www.w3.org/1999/xhtml" xml:lang="en" lang="en">
 <head>
  <title>
</title>
<meta http-equiv="Content-Type" content="text/html;charset=utf-8" />
  <meta name='ocr-system' content='tesseract 3.04.00' />
  <meta name='ocr-capabilities' content='ocr_page ocr_carea ocr_par ocr_line ocrx_word'/>
</head>
<body>
  <div class='ocr_page' id='page_1' title='image "./musaeher03hero/musaeher03hero_0745.png"; bbox 0 0 1897 3340; ppageno 0'>
   <div class='ocr_carea' id='block_1_1' title="bbox 505 177 1438 222">
    <p class='ocr_par' dir='ltr' id='par_1_1' title="bbox 505 177 1438 222">
     <span class='ocr_line' id='line_1_1' title="bbox 505 177 1438 222; baseline 0.002 -7"><span class='ocrx_word' id='word_1_1' title='bbox 505 177 980 218; x_wconf 81' lang='lat' dir='ltr'><strong>POLYMNIA.</strong></span> <span class='ocrx_word' id='word_1_2' title='bbox 1037 177 1140 215; x_wconf 87' lang='lat' dir='ltr'><strong>VII.</strong></span> <span class='ocrx_word' id='word_1_3' title='bbox 1357 183 1438 222; x_wconf 76' lang='lat'><em>731</em></span> 
     </span>
    </p>
   </div>
   <div class='ocr_carea' id='block_1_2' title="bbox 20 279 1897 1501">
    <p class='ocr_par' dir='ltr' id='par_1_2' title="bbox 20 279 1897 1501">
     <span class='ocr_line' id='line_1_2' title="bbox 157 279 1440 343; baseline 0 -14"><span class='ocrx_word' id='word_1_4' title='bbox 157 290 323 333; x_wconf 86' lang='grc' dir='ltr'><em>4κοντα</em></span> <span class='ocrx_word' id='word_1_5' title='bbox 360 285 576 343; x_wconf 81' lang='grc' dir='ltr'><strong><em>μυριάδας</em></strong></span> <span class='ocrx_word' id='word_1_6' title='bbox 619 287 756 332; x_wconf 81' lang='grc' dir='ltr'><strong>δοκέω</strong></span> <span class='ocrx_word' id='word_1_7' title='bbox 792 285 1019 341; x_wconf 84' lang='grc' dir='ltr'><em>γενέσθαι.</em></span> <span class='ocrx_word' id='word_1_8' title='bbox 1048 279 1176 328; x_wconf 80' lang='grc' dir='ltr'><em>αὗται</em></span> <span class='ocrx_word' id='word_1_9' title='bbox 1205 280 1269 328; x_wconf 76' lang='grc' dir='ltr'><em>ὦν</em></span> <span class='ocrx_word' id='word_1_10' title='bbox 1298 289 1343 329; x_wconf 82' lang='grc' dir='ltr'><em>αἱ</em></span> <span class='ocrx_word' id='word_1_11' title='bbox 1361 305 1440 343; x_wconf 86' lang='grc' dir='ltr'><em>μυ-</em></span> 
     </span>
     <span class='ocr_line' id='line_1_3' title="bbox 185 349 1441 414; baseline -0.002 -14"><span class='ocrx_word' id='word_1_12' title='bbox 185 355 329 411; x_wconf 88' lang='grc' dir='ltr'><em>ριάδες</em></span> <span class='ocrx_word' id='word_1_13' title='bbox 357 358 524 414; x_wconf 83' lang='grc' dir='ltr'><em>κείνῃσι</em></span> <span class='ocrx_word' id='word_1_14' title='bbox 551 358 861 409; x_wconf 76' lang='grc' dir='ltr'><em>προστεθεῖσαι</em></span> <span class='ocrx_word' id='word_1_15' title='bbox 889 357 988 411; x_wconf 87' lang='grc' dir='ltr'><em>τῇσι</em></span> <span class='ocrx_word' id='word_1_16' title='bbox 1017 352 1064 396; x_wconf 81' lang='grc' dir='ltr'><em>ἐκ</em></span> <span class='ocrx_word' id='word_1_17' title='bbox 1089 355 1166 408; x_wconf 83' lang='grc' dir='ltr'><em>τῆς</em></span> <span class='ocrx_word' id='word_1_18' title='bbox 1189 349 1350 407; x_wconf 80' lang='grc' dir='ltr'><strong><em>Ἀσίης,</em></strong></span> <span class='ocrx_word' id='word_1_19' title='bbox 1378 356 1441 408; x_wconf 82' lang='grc' dir='ltr'><em>γί-</em></span> 
     </span>
     <span class='ocr_line' id='line_1_4' title="bbox 185 418 1441 477; baseline -0.002 -11"><span class='ocrx_word' id='word_1_20' title='bbox 185 440 338 468; x_wconf 90' lang='grc' dir='ltr'><em>νονται</em></span> <span class='ocrx_word' id='word_1_21' title='bbox 371 425 416 467; x_wconf 79' lang='grc' dir='ltr'><em>αἱ</em></span> <span class='ocrx_word' id='word_1_22' title='bbox 451 427 587 467; x_wconf 78' lang='grc' dir='ltr'><em>πᾶσαι</em></span> <span class='ocrx_word' id='word_1_23' title='bbox 616 421 793 475; x_wconf 72' lang='grc' dir='ltr'><em>ἀνδρῶν</em></span> <span class='ocrx_word' id='word_1_24' title='bbox 823 422 869 464; x_wconf 81' lang='grc' dir='ltr'><em>αἱ</em></span> <span class='ocrx_word' id='word_1_25' title='bbox 898 420 1077 477; x_wconf 86' lang='grc' dir='ltr'><em>μάχιμοι</em></span> <span class='ocrx_word' id='word_1_26' title='bbox 1112 418 1321 474; x_wconf 80' lang='grc' dir='ltr'><em>μυριάδες</em></span> <span class='ocrx_word' id='word_1_27' title='bbox 1355 422 1441 475; x_wconf 92' lang='grc' dir='ltr'><em>διη-</em></span> 
     </span>
     <span class='ocr_line' id='line_1_5' title="bbox 182 485 1446 548; baseline -0.006 -11"><span class='ocrx_word' id='word_1_28' title='bbox 182 490 330 536; x_wconf 84' lang='grc' dir='ltr'><em>κόσιαι</em></span> <span class='ocrx_word' id='word_1_29' title='bbox 358 493 432 536; x_wconf 90' lang='grc' dir='ltr'><em>καὶ</em></span> <span class='ocrx_word' id='word_1_30' title='bbox 460 491 662 548; x_wconf 81' lang='grc' dir='ltr'><em>ἑξήκοντα</em></span> <span class='ocrx_word' id='word_1_31' title='bbox 689 489 764 533; x_wconf 84' lang='grc' dir='ltr'><em>καὶ</em></span> <span class='ocrx_word' id='word_1_32' title='bbox 790 489 994 544; x_wconf 79' lang='grc' dir='ltr'><em>τέσσερες,</em></span> <span class='ocrx_word' id='word_1_33' title='bbox 1026 489 1158 532; x_wconf 76' lang='grc' dir='ltr'><em>ἔπεισι</em></span> <span class='ocrx_word' id='word_1_34' title='bbox 1189 487 1235 531; x_wconf 79' lang='grc' dir='ltr'><em>δὲ</em></span> <span class='ocrx_word' id='word_1_35' title='bbox 1263 485 1446 542; x_wconf 85' lang='grc' dir='ltr'><em>ταύτῃσι</em></span> 
     </span>
     <span class='ocr_line' id='line_1_6' title="bbox 20 555 1443 616; baseline -0.006 -11"><span class='ocrx_word' id='word_1_36' title='bbox 20 569 119 616; x_wconf 78' lang='grc'><em>186</em></span> <span class='ocrx_word' id='word_1_37' title='bbox 184 559 465 610; x_wconf 80' lang='grc' dir='ltr'><em>ἑκατοντάδες</em></span> <span class='ocrx_word' id='word_1_38' title='bbox 501 558 750 611; x_wconf 80' lang='grc' dir='ltr'><em>ἑκκαίδεκα,</em></span> <span class='ocrx_word' id='word_1_39' title='bbox 799 557 872 602; x_wconf 87' lang='grc' dir='ltr'><em>καὶ</em></span> <span class='ocrx_word' id='word_1_40' title='bbox 922 556 1061 608; x_wconf 87' lang='grc' dir='ltr'><em>δεκάς.</em></span> <span class='ocrx_word' id='word_1_41' title='bbox 1123 557 1214 599; x_wconf 87' lang='grc' dir='ltr'><em>Τοῦ</em></span> <span class='ocrx_word' id='word_1_42' title='bbox 1252 555 1443 610; x_wconf 86' lang='grc' dir='ltr'><em>μαχίμου</em></span> 
     </span>
     <span class='ocr_line' id='line_1_7' title="bbox 185 623 1444 680; baseline -0.007 -7"><span class='ocrx_word' id='word_1_43' title='bbox 185 628 232 672; x_wconf 80' lang='grc' dir='ltr'><em>δὲ</em></span> <span class='ocrx_word' id='word_1_44' title='bbox 260 627 421 672; x_wconf 85' lang='grc' dir='ltr'><em>τούτου</em></span> <span class='ocrx_word' id='word_1_45' title='bbox 449 625 595 677; x_wconf 79' lang='grc' dir='ltr'><em>ἐόντος</em></span> <span class='ocrx_word' id='word_1_46' title='bbox 625 623 817 680; x_wconf 79' lang='grc' dir='ltr'><em>ἀριθμὸν</em></span> <span class='ocrx_word' id='word_1_47' title='bbox 842 623 1071 678; x_wconf 79' lang='grc' dir='ltr'><em>τοσούτου,</em></span> <span class='ocrx_word' id='word_1_48' title='bbox 1099 623 1179 680; x_wconf 77' lang='grc' dir='ltr'><em>τὴν</em></span> <span class='ocrx_word' id='word_1_49' title='bbox 1197 624 1444 679; x_wconf 80' lang='grc' dir='ltr'><em>θεραπηίην</em></span> 
     </span>
     <span class='ocr_line' id='line_1_8' title="bbox 184 691 1500 753; baseline -0.006 -14"><span class='ocrx_word' id='word_1_50' title='bbox 184 696 265 753; x_wconf 82' lang='grc' dir='ltr'><em>τὴν</em></span> <span class='ocrx_word' id='word_1_51' title='bbox 303 695 516 751; x_wconf 81' lang='grc' dir='ltr'><em>ἑπομένην</em></span> <span class='ocrx_word' id='word_1_52' title='bbox 558 692 777 744; x_wconf 86' lang='grc' dir='ltr'><em>τούτοισι,</em></span> <span class='ocrx_word' id='word_1_53' title='bbox 816 692 890 736; x_wconf 86' lang='grc' dir='ltr'><em>καὶ</em></span> <span class='ocrx_word' id='word_1_54' title='bbox 918 691 1024 743; x_wconf 81' lang='grc' dir='ltr'><em>τούς</em></span> <span class='ocrx_word' id='word_1_55' title='bbox 1054 692 1101 735; x_wconf 82' lang='grc' dir='ltr'><em>ἐν</em></span> <span class='ocrx_word' id='word_1_56' title='bbox 1128 696 1242 735; x_wconf 89' lang='grc' dir='ltr'><em>τοῖσι</em></span> <span class='ocrx_word' id='word_1_57' title='bbox 1271 695 1500 746; x_wconf 60' lang='lat' dir='ltr'><em>‹ntupum-65</em></span> 
     </span>
     <span class='ocr_line' id='line_1_9' title="bbox 182 758 1445 819; baseline -0.005 -12"><span class='ocrx_word' id='word_1_58' title='bbox 182 768 301 819; x_wconf 77' lang='grc' dir='ltr'><em>γοῖσι</em></span> <span class='ocrx_word' id='word_1_59' title='bbox 331 760 531 806; x_wconf 74' lang='grc' dir='ltr'><em>ἀκάτοισι</em></span> <span class='ocrx_word' id='word_1_60' title='bbox 569 759 747 811; x_wconf 81' lang='grc' dir='ltr'><em>ἐόντας,</em></span> <span class='ocrx_word' id='word_1_61' title='bbox 791 760 866 803; x_wconf 88' lang='grc' dir='ltr'><em>καὶ</em></span> <span class='ocrx_word' id='word_1_62' title='bbox 907 759 1021 814; x_wconf 84' lang='grc' dir='ltr'><em>μάλα</em></span> <span class='ocrx_word' id='word_1_63' title='bbox 1050 759 1097 803; x_wconf 87' lang='grc' dir='ltr'><em>ἐν</em></span> <span class='ocrx_word' id='word_1_64' title='bbox 1128 764 1241 803; x_wconf 83' lang='grc' dir='ltr'><em>τοῖσι</em></span> <span class='ocrx_word' id='word_1_65' title='bbox 1272 758 1445 801; x_wconf 78' lang='grc' dir='ltr'><em>ἄλλοισι</em></span> 
     </span>
     <span class='ocr_line' id='line_1_10' title="bbox 182 826 1446 885; baseline -0.004 -12"><span class='ocrx_word' id='word_1_66' title='bbox 182 831 375 873; x_wconf 84' lang='grc' dir='ltr'><em>πλοίοισι</em></span> <span class='ocrx_word' id='word_1_67' title='bbox 402 834 516 873; x_wconf 84' lang='grc' dir='ltr'><em>τοῖσι</em></span> <span class='ocrx_word' id='word_1_68' title='bbox 536 828 626 882; x_wconf 84' lang='grc' dir='ltr'><em>ἅμα</em></span> <span class='ocrx_word' id='word_1_69' title='bbox 647 827 825 871; x_wconf 86' lang='grc' dir='ltr'><em>πλέουσι</em></span> <span class='ocrx_word' id='word_1_70' title='bbox 841 831 895 885; x_wconf 85' lang='grc' dir='ltr'><em>τῇ</em></span> <span class='ocrx_word' id='word_1_71' title='bbox 915 830 1115 884; x_wconf 78' lang='grc' dir='ltr'><em>στρατιῇ,</em></span> <span class='ocrx_word' id='word_1_72' title='bbox 1146 826 1334 877; x_wconf 87' lang='grc' dir='ltr'><em>τούτους</em></span> <span class='ocrx_word' id='word_1_73' title='bbox 1355 828 1446 868; x_wconf 71' lang='grc' dir='ltr'><em>τῶν</em></span> 
     </span>
     <span class='ocr_line' id='line_1_11' title="bbox 181 893 1897 980; baseline -0.003 -40"><span class='ocrx_word' id='word_1_74' title='bbox 181 899 380 953; x_wconf 85' lang='grc' dir='ltr'><em>μαχίμων</em></span> <span class='ocrx_word' id='word_1_75' title='bbox 425 896 602 950; x_wconf 79' lang='grc' dir='ltr'><em>ἀνδρῶν</em></span> <span class='ocrx_word' id='word_1_76' title='bbox 639 895 693 940; x_wconf 87' lang='grc' dir='ltr'><em>οὐ</em></span> <span class='ocrx_word' id='word_1_77' title='bbox 723 897 861 940; x_wconf 83' lang='grc' dir='ltr'><em>δοκέω</em></span> <span class='ocrx_word' id='word_1_78' title='bbox 900 893 1011 939; x_wconf 79' lang='grc' dir='ltr'><em>εἶναι</em></span> <span class='ocrx_word' id='word_1_79' title='bbox 1040 895 1299 946; x_wconf 79' lang='grc' dir='ltr'><em>ἐλάσσονας,</em></span> <span class='ocrx_word' id='word_1_80' title='bbox 1336 893 1445 937; x_wconf 82' lang='grc' dir='ltr'><em>ἀλλὰ</em></span> <span class='ocrx_word' id='word_1_81' title='bbox 1895 911 1897 980; x_wconf 44' lang='grc' dir='ltr'><em>χ</em></span> 
     </span>
     <span class='ocr_line' id='line_1_12' title="bbox 155 959 1444 1020; baseline -0.002 -14"><span class='ocrx_word' id='word_1_82' title='bbox 155 969 394 1016; x_wconf 73' lang='grc' dir='ltr'><em>Ξπλεῦνας.</em></span> <span class='ocrx_word' id='word_1_83' title='bbox 424 964 497 1008; x_wconf 86' lang='grc' dir='ltr'><em>καὶ</em></span> <span class='ocrx_word' id='word_1_84' title='bbox 527 964 580 1020; x_wconf 92' lang='grc' dir='ltr'><em>δή</em></span> <span class='ocrx_word' id='word_1_85' title='bbox 607 976 742 1020; x_wconf 86' lang='grc' dir='ltr'><em>σφεας</em></span> <span class='ocrx_word' id='word_1_86' title='bbox 770 964 905 1008; x_wconf 85' lang='grc' dir='ltr'><em>ποιέω</em></span> <span class='ocrx_word' id='word_1_87' title='bbox 935 966 1062 1015; x_wconf 77' lang='grc' dir='ltr'><em>ἴσους</em></span> <span class='ocrx_word' id='word_1_88' title='bbox 1083 963 1287 1007; x_wconf 77' lang='grc' dir='ltr'><em>ἐκείνοισι</em></span> <span class='ocrx_word' id='word_1_89' title='bbox 1317 959 1444 1013; x_wconf 85' lang='grc' dir='ltr'><em>εἶναι,</em></span> 
     </span>
     <span class='ocr_line' id='line_1_13' title="bbox 184 1029 1502 1084; baseline -0.003 -8"><span class='ocrx_word' id='word_1_90' title='bbox 184 1034 258 1076; x_wconf 87' lang='grc' dir='ltr'><em>καὶ</em></span> <span class='ocrx_word' id='word_1_91' title='bbox 299 1033 400 1077; x_wconf 85' lang='grc' dir='ltr'><em>οὔτε</em></span> <span class='ocrx_word' id='word_1_92' title='bbox 437 1035 646 1084; x_wconf 83' lang='grc' dir='ltr'><em>πλεῦνας,</em></span> <span class='ocrx_word' id='word_1_93' title='bbox 685 1030 788 1076; x_wconf 75' lang='grc' dir='ltr'><em>οὔτε</em></span> <span class='ocrx_word' id='word_1_94' title='bbox 817 1031 1055 1084; x_wconf 81' lang='grc' dir='ltr'><em>ἐλάσσονας</em></span> <span class='ocrx_word' id='word_1_95' title='bbox 1095 1032 1247 1076; x_wconf 84' lang='grc' dir='ltr'><em>οὐδέν·</em></span> <span class='ocrx_word' id='word_1_96' title='bbox 1283 1029 1502 1082; x_wconf 82' lang='grc' dir='ltr'><em>ἐξισού-7Ο</em></span> 
     </span>
     <span class='ocr_line' id='line_1_14' title="bbox 183 1094 1447 1159; baseline -0.003 -16"><span class='ocrx_word' id='word_1_97' title='bbox 183 1116 308 1156; x_wconf 89' lang='grc' dir='ltr'><em>μενοι</em></span> <span class='ocrx_word' id='word_1_98' title='bbox 336 1100 382 1144; x_wconf 82' lang='grc' dir='ltr'><em>δὲ</em></span> <span class='ocrx_word' id='word_1_99' title='bbox 408 1094 531 1143; x_wconf 81' lang='grc' dir='ltr'><em>οὗτοι</em></span> <span class='ocrx_word' id='word_1_100' title='bbox 559 1103 620 1159; x_wconf 76' lang='grc' dir='ltr'><em>τῷ</em></span> <span class='ocrx_word' id='word_1_101' title='bbox 648 1101 830 1158; x_wconf 85' lang='grc' dir='ltr'><em>μαχίμῳ,</em></span> <span class='ocrx_word' id='word_1_102' title='bbox 862 1101 1127 1158; x_wconf 83' lang='grc' dir='ltr'><em>ἐκπληροῦσι</em></span> <span class='ocrx_word' id='word_1_103' title='bbox 1150 1099 1227 1149; x_wconf 80' lang='grc' dir='ltr'><em>τὰς</em></span> <span class='ocrx_word' id='word_1_104' title='bbox 1248 1100 1345 1149; x_wconf 78' lang='grc' dir='ltr'><em>ἴσας</em></span> <span class='ocrx_word' id='word_1_105' title='bbox 1365 1114 1447 1153; x_wconf 89' lang='grc' dir='ltr'><em>μυ-</em></span> 
     </span>
     <span class='ocr_line' id='line_1_15' title="bbox 148 1164 1446 1225; baseline -0.003 -13"><span class='ocrx_word' id='word_1_106' title='bbox 148 1167 339 1223; x_wconf 74' lang='grc' dir='ltr'><em>δριάδας</em></span> <span class='ocrx_word' id='word_1_107' title='bbox 388 1168 587 1225; x_wconf 83' lang='grc' dir='ltr'><em>ἐκείνῃσι.</em></span> <span class='ocrx_word' id='word_1_108' title='bbox 647 1168 773 1212; x_wconf 78' lang='grc' dir='ltr'><em>Οὕτω</em></span> <span class='ocrx_word' id='word_1_109' title='bbox 820 1169 1104 1225; x_wconf 88' lang='grc' dir='ltr'><em>πεντηκοσίας</em></span> <span class='ocrx_word' id='word_1_110' title='bbox 1144 1183 1189 1210; x_wconf 89' lang='grc' dir='ltr'><em>τε</em></span> <span class='ocrx_word' id='word_1_111' title='bbox 1226 1164 1446 1222; x_wconf 87' lang='grc' dir='ltr'><em>μυριάδας</em></span> 
     </span>
     <span class='ocr_line' id='line_1_16' title="bbox 184 1233 1445 1292; baseline -0.003 -12"><span class='ocrx_word' id='word_1_112' title='bbox 184 1235 259 1280; x_wconf 87' lang='grc' dir='ltr'><em>καὶ</em></span> <span class='ocrx_word' id='word_1_113' title='bbox 299 1237 436 1280; x_wconf 83' lang='grc' dir='ltr'><em>ε’ίκοσι</em></span> <span class='ocrx_word' id='word_1_114' title='bbox 472 1236 546 1280; x_wconf 89' lang='grc' dir='ltr'><em>καὶ</em></span> <span class='ocrx_word' id='word_1_115' title='bbox 583 1235 725 1289; x_wconf 74' lang='grc' dir='ltr'><em>ὀκτώ,</em></span> <span class='ocrx_word' id='word_1_116' title='bbox 765 1236 837 1280; x_wconf 85' lang='grc' dir='ltr'><em>καὶ</em></span> <span class='ocrx_word' id='word_1_117' title='bbox 866 1235 1063 1292; x_wconf 87' lang='grc' dir='ltr'><em>χιλιάδας</em></span> <span class='ocrx_word' id='word_1_118' title='bbox 1090 1239 1216 1289; x_wconf 84' lang='grc' dir='ltr'><em>τρεῖς,</em></span> <span class='ocrx_word' id='word_1_119' title='bbox 1249 1234 1323 1278; x_wconf 87' lang='grc' dir='ltr'><em>καὶ</em></span> <span class='ocrx_word' id='word_1_120' title='bbox 1351 1233 1445 1277; x_wconf 81' lang='grc' dir='ltr'><em>ἑκα-</em></span> 
     </span>
     <span class='ocr_line' id='line_1_17' title="bbox 184 1301 1447 1358; baseline -0.002 -12"><span class='ocrx_word' id='word_1_121' title='bbox 184 1302 398 1355; x_wconf 89' lang='grc' dir='ltr'><em>τοντάδας</em></span> <span class='ocrx_word' id='word_1_122' title='bbox 428 1303 523 1357; x_wconf 90' lang='grc' dir='ltr'><em>δυό,</em></span> <span class='ocrx_word' id='word_1_123' title='bbox 553 1305 625 1348; x_wconf 88' lang='grc' dir='ltr'><em>καὶ</em></span> <span class='ocrx_word' id='word_1_124' title='bbox 655 1303 840 1356; x_wconf 86' lang='grc' dir='ltr'><em>δεκάδας</em></span> <span class='ocrx_word' id='word_1_125' title='bbox 870 1305 951 1349; x_wconf 86' lang='grc' dir='ltr'><em>δύο</em></span> <span class='ocrx_word' id='word_1_126' title='bbox 983 1302 1159 1358; x_wconf 75' lang='grc' dir='ltr'><em>ἀνδρῶν</em></span> <span class='ocrx_word' id='word_1_127' title='bbox 1188 1301 1318 1358; x_wconf 81' lang='grc' dir='ltr'><em>ἤγαγε</em></span> <span class='ocrx_word' id='word_1_128' title='bbox 1343 1302 1447 1356; x_wconf 81' lang='grc' dir='ltr'><em>Ξέρ-</em></span> 
     </span>
     <span class='ocr_line' id='line_1_18' title="bbox 186 1369 1502 1429; baseline -0.005 -13"><span class='ocrx_word' id='word_1_129' title='bbox 186 1372 259 1428; x_wconf 85' lang='grc' dir='ltr'><em>ξης</em></span> <span class='ocrx_word' id='word_1_130' title='bbox 287 1370 311 1415; x_wconf 88' lang='grc' dir='ltr'>ὁ</span> <span class='ocrx_word' id='word_1_131' title='bbox 352 1374 546 1427; x_wconf 86' lang='grc' dir='ltr'><em>Δαρείου</em></span> <span class='ocrx_word' id='word_1_132' title='bbox 586 1371 710 1428; x_wconf 84' lang='grc' dir='ltr'><em>μέχρι</em></span> <span class='ocrx_word' id='word_1_133' title='bbox 745 1372 977 1429; x_wconf 84' lang='grc' dir='ltr'><em>Σηπιάδος</em></span> <span class='ocrx_word' id='word_1_134' title='bbox 1005 1373 1079 1416; x_wconf 83' lang='grc' dir='ltr'><em>καὶ</em></span> <span class='ocrx_word' id='word_1_135' title='bbox 1121 1369 1502 1427; x_wconf 83' lang='grc' dir='ltr'><em>Θερμοπυλέων.75</em></span> 
     </span>
     <span class='ocr_line' id='line_1_19' title="bbox 21 1433 1443 1501; baseline -0.001 -18"><span class='ocrx_word' id='word_1_136' title='bbox 21 1453 119 1501; x_wconf 69' lang='lat'><em>187</em></span> <span class='ocrx_word' id='word_1_137' title='bbox 191 1433 330 1491; x_wconf 80' lang='grc' dir='ltr'><em>Οὗτος</em></span> <span class='ocrx_word' id='word_1_138' title='bbox 358 1441 437 1496; x_wconf 79' lang='grc' dir='ltr'><em>μὲν</em></span> <span class='ocrx_word' id='word_1_139' title='bbox 466 1439 520 1497; x_wconf 73' lang='grc' dir='ltr'><em>δή</em></span> <span class='ocrx_word' id='word_1_140' title='bbox 550 1444 632 1484; x_wconf 86' lang='grc' dir='ltr'><em>τοῦ</em></span> <span class='ocrx_word' id='word_1_141' title='bbox 662 1441 934 1492; x_wconf 88' lang='grc' dir='ltr'><em>συνάπαντος</em></span> <span class='ocrx_word' id='word_1_142' title='bbox 953 1444 1031 1485; x_wconf 87' lang='grc' dir='ltr'><em>τοῦ</em></span> <span class='ocrx_word' id='word_1_143' title='bbox 1055 1439 1221 1495; x_wconf 80' lang='grc' dir='ltr'><em>Ξέρξεω</em></span> <span class='ocrx_word' id='word_1_144' title='bbox 1243 1436 1443 1494; x_wconf 85' lang='grc' dir='ltr'><em>στρατεύ-</em></span> 
     </span>
    </p>
   </div>
   <div class='ocr_carea' id='block_1_3' title="bbox 7 1363 13 1388">
    <p class='ocr_par' dir='ltr' id='par_1_3' title="bbox 7 1363 13 1388">
     <span class='ocr_line' id='line_1_20' title="bbox 7 1363 13 1388; baseline 0 0"><span class='ocrx_word' id='word_1_145' title='bbox 7 1363 13 1388; x_wconf 73' lang='lat' dir='ltr'>l</span> 
     </span>
    </p>
   </div>
   <div class='ocr_carea' id='block_1_4' title="bbox 1501 1437 1739 1577">
    <p class='ocr_par' dir='ltr' id='par_1_4' title="bbox 1501 1437 1739 1577">
     <span class='ocr_line' id='line_1_21' title="bbox 1502 1437 1701 1474; baseline 0 -9"><span class='ocrx_word' id='word_1_146' title='bbox 1502 1438 1616 1465; x_wconf 67' lang='lat' dir='ltr'>Xerxes</span> <span class='ocrx_word' id='word_1_147' title='bbox 1634 1437 1701 1474; x_wconf 68' lang='lat' dir='ltr'>ipse</span> 
     </span>
     <span class='ocr_line' id='line_1_22' title="bbox 1501 1472 1710 1507; baseline -0.01 -6"><span class='ocrx_word' id='word_1_148' title='bbox 1501 1472 1630 1501; x_wconf 85' lang='lat' dir='ltr'>omnium</span> <span class='ocrx_word' id='word_1_149' title='bbox 1646 1473 1710 1507; x_wconf 88' lang='lat' dir='ltr'>pul-</span> 
     </span>
     <span class='ocr_line' id='line_1_23' title="bbox 1503 1506 1721 1534; baseline -0.009 -1"><span class='ocrx_word' id='word_1_150' title='bbox 1503 1507 1669 1534; x_wconf 71' lang='lat' dir='ltr'>cherrimus</span> <span class='ocrx_word' id='word_1_151' title='bbox 1689 1506 1721 1532; x_wconf 80' lang='lat' dir='ltr'><em>ct</em></span> 
     </span>
     <span class='ocr_line' id='line_1_24' title="bbox 1503 1540 1739 1577; baseline -0.004 -10"><span class='ocrx_word' id='word_1_152' title='bbox 1503 1540 1739 1577; x_wconf 75' lang='lat' dir='ltr'>procerissimus.</span> 
     </span>
    </p>
   </div>
   <div class='ocr_carea' id='block_1_5' title="bbox 0 956 11 2714">
    <p class='ocr_par' dir='ltr' id='par_1_5' title="bbox 0 956 11 2714">
     <span class='ocr_line' id='line_1_25' title="bbox 0 956 11 2714; baseline 0 0"><span class='ocrx_word' id='word_1_153' title='bbox 0 956 11 2714; x_wconf 95' lang='lat' dir='ltr'><em> </em></span> 
     </span>
    </p>
   </div>
   <div class='ocr_carea' id='block_1_6' title="bbox 275 1603 646 1654">
    <p class='ocr_par' dir='ltr' id='par_1_6' title="bbox 275 1603 646 1654">
     <span class='ocr_line' id='line_1_26' title="bbox 275 1603 646 1654; baseline 0.013 -16"><span class='ocrx_word' id='word_1_154' title='bbox 275 1603 368 1654; x_wconf 74' lang='lat' dir='ltr'><em>Cap.</em></span> <span class='ocrx_word' id='word_1_155' title='bbox 401 1603 646 1642; x_wconf 78' lang='lat' dir='ltr'><strong>CLXXXVI.</strong></span> 
     </span>
    </p>
   </div>
   <div class='ocr_carea' id='block_1_7' title="bbox 129 1677 788 2016">
    <p class='ocr_par' dir='ltr' id='par_1_7' title="bbox 129 1677 788 2016">
     <span class='ocr_line' id='line_1_27' title="bbox 187 1677 785 1734; baseline -0.002 -14"><span class='ocrx_word' id='word_1_156' title='bbox 187 1679 254 1721; x_wconf 81' lang='grc' dir='ltr'><em>καὶ</em></span> <span class='ocrx_word' id='word_1_157' title='bbox 294 1677 428 1733; x_wconf 88' lang='grc' dir='ltr'><em>μάλα]</em></span> <span class='ocrx_word' id='word_1_158' title='bbox 473 1681 785 1734; x_wconf 82' lang='lat' dir='ltr'>Schweighaeus.</span> 
     </span>
     <span class='ocr_line' id='line_1_28' title="bbox 130 1737 788 1786; baseline 0.003 -11"><span class='ocrx_word' id='word_1_159' title='bbox 130 1739 171 1775; x_wconf 91' lang='lat' dir='ltr'><em>in</em></span> <span class='ocrx_word' id='word_1_160' title='bbox 190 1739 321 1776; x_wconf 80' lang='lat' dir='ltr'>Lexio.</span> <span class='ocrx_word' id='word_1_161' title='bbox 341 1737 505 1786; x_wconf 89' lang='lat' dir='ltr'>Herod.,</span> <span class='ocrx_word' id='word_1_162' title='bbox 553 1741 619 1776; x_wconf 93' lang='lat' dir='ltr'><em>ubi</em></span> <span class='ocrx_word' id='word_1_163' title='bbox 641 1741 788 1778; x_wconf 84' lang='lat' dir='ltr'><strong>confert</strong></span> 
     </span>
     <span class='ocr_line' id='line_1_29' title="bbox 131 1793 786 1844; baseline 0.005 -13"><span class='ocrx_word' id='word_1_164' title='bbox 131 1796 162 1843; x_wconf 88' lang='lat'><em>1,</em></span> <span class='ocrx_word' id='word_1_165' title='bbox 190 1797 281 1844; x_wconf 81' lang='grc'><em>181,</em></span> <span class='ocrx_word' id='word_1_166' title='bbox 314 1793 376 1832; x_wconf 86' lang='lat' dir='ltr'><em>hic</em></span> <span class='ocrx_word' id='word_1_167' title='bbox 408 1795 516 1833; x_wconf 87' lang='lat' dir='ltr'>reddi</span> <span class='ocrx_word' id='word_1_168' title='bbox 543 1797 625 1833; x_wconf 86' lang='lat' dir='ltr'>vult</span> <span class='ocrx_word' id='word_1_169' title='bbox 661 1810 786 1834; x_wconf 76' lang='lat' dir='ltr'>rursus</span> 
     </span>
     <span class='ocr_line' id='line_1_30' title="bbox 129 1852 786 1902; baseline 0.005 -15"><span class='ocrx_word' id='word_1_170' title='bbox 129 1864 247 1902; x_wconf 82' lang='lat' dir='ltr'>porro.</span> <span class='ocrx_word' id='word_1_171' title='bbox 310 1853 524 1889; x_wconf 87' lang='lat' dir='ltr'>Gronovius</span> <span class='ocrx_word' id='word_1_172' title='bbox 571 1852 786 1890; x_wconf 85' lang='lat' dir='ltr'>reddiderat</span> 
     </span>
     <span class='ocr_line' id='line_1_31' title="bbox 133 1908 788 1949; baseline 0.003 -5"><span class='ocrx_word' id='word_1_173' title='bbox 133 1909 284 1945; x_wconf 81' lang='lat' dir='ltr'><em>omnino.</em></span> <span class='ocrx_word' id='word_1_174' title='bbox 306 1931 356 1936; x_wconf 89' lang='lat'><em>——</em></span> <span class='ocrx_word' id='word_1_175' title='bbox 373 1909 431 1944; x_wconf 91' lang='lat' dir='ltr'>De</span> <span class='ocrx_word' id='word_1_176' title='bbox 443 1909 558 1946; x_wconf 86' lang='lat' dir='ltr'>verbo</span> <span class='ocrx_word' id='word_1_177' title='bbox 573 1908 697 1949; x_wconf 83' lang='grc' dir='ltr'><em>δοκέω</em></span> <span class='ocrx_word' id='word_1_178' title='bbox 713 1923 788 1947; x_wconf 87' lang='lat' dir='ltr'><em>no-</em></span> 
     </span>
     <span class='ocr_line' id='line_1_32' title="bbox 133 1962 596 2016; baseline 0.002 -15"><span class='ocrx_word' id='word_1_179' title='bbox 133 1965 296 2002; x_wconf 86' lang='lat' dir='ltr'>tavimus</span> <span class='ocrx_word' id='word_1_180' title='bbox 317 1962 366 2001; x_wconf 88' lang='lat' dir='ltr'><em>ad</em></span> <span class='ocrx_word' id='word_1_181' title='bbox 387 1978 470 2016; x_wconf 82' lang='lat' dir='ltr'>cap.</span> <span class='ocrx_word' id='word_1_182' title='bbox 503 1965 596 2006; x_wconf 85' lang='grc'><strong>185.</strong></span> 
     </span>
    </p>
   </div>
   <div class='ocr_carea' id='block_1_8' title="bbox 132 2051 794 2835">
    <p class='ocr_par' dir='ltr' id='par_1_8' title="bbox 132 2051 794 2835">
     <span class='ocr_line' id='line_1_33' title="bbox 189 2051 790 2105; baseline 0.002 -12"><span class='ocrx_word' id='word_1_183' title='bbox 189 2053 258 2094; x_wconf 86' lang='grc' dir='ltr'><em>καὶ</em></span> <span class='ocrx_word' id='word_1_184' title='bbox 287 2051 339 2105; x_wconf 83' lang='grc' dir='ltr'><em>δή</em></span> <span class='ocrx_word' id='word_1_185' title='bbox 371 2066 495 2103; x_wconf 84' lang='grc' dir='ltr'><em>σφεας</em></span> <span class='ocrx_word' id='word_1_186' title='bbox 523 2053 646 2094; x_wconf 89' lang='grc' dir='ltr'><em>ποιέω</em></span> <span class='ocrx_word' id='word_1_187' title='bbox 677 2053 790 2102; x_wconf 75' lang='grc' dir='ltr'><em>ἰ’σους</em></span> 
     </span>
     <span class='ocr_line' id='line_1_34' title="bbox 134 2107 790 2159; baseline 0 -9"><span class='ocrx_word' id='word_1_188' title='bbox 134 2109 320 2150; x_wconf 76' lang='grc' dir='ltr'><em>ἐκείνοισι</em></span> <span class='ocrx_word' id='word_1_189' title='bbox 341 2107 470 2159; x_wconf 79' lang='grc' dir='ltr'><em>εἶναι]</em></span> <span class='ocrx_word' id='word_1_190' title='bbox 502 2112 559 2147; x_wconf 92' lang='lat' dir='ltr'>De</span> <span class='ocrx_word' id='word_1_191' title='bbox 574 2112 690 2148; x_wconf 81' lang='lat' dir='ltr'>verbo</span> <span class='ocrx_word' id='word_1_192' title='bbox 702 2127 790 2150; x_wconf 84' lang='grc' dir='ltr'><em>ποι-</em></span> 
     </span>
     <span class='ocr_line' id='line_1_35' title="bbox 138 2167 789 2216; baseline -0.003 -10"><span class='ocrx_word' id='word_1_193' title='bbox 138 2171 197 2206; x_wconf 88' lang='grc' dir='ltr'><em>εῖν</em></span> <span class='ocrx_word' id='word_1_194' title='bbox 220 2167 384 2204; x_wconf 81' lang='lat' dir='ltr'>diximus</span> <span class='ocrx_word' id='word_1_195' title='bbox 416 2167 464 2204; x_wconf 90' lang='lat' dir='ltr'><em>ad</em></span> <span class='ocrx_word' id='word_1_196' title='bbox 496 2167 576 2216; x_wconf 87' lang='lat' dir='ltr'>VII,</span> <span class='ocrx_word' id='word_1_197' title='bbox 612 2167 702 2215; x_wconf 79' lang='lat'>184,</span> <span class='ocrx_word' id='word_1_198' title='bbox 724 2168 789 2204; x_wconf 82' lang='lat' dir='ltr'><em>ubi</em></span> 
     </span>
     <span class='ocr_line' id='line_1_36' title="bbox 136 2222 789 2276; baseline 0.002 -16"><span class='ocrx_word' id='word_1_199' title='bbox 136 2222 386 2260; x_wconf 80' lang='lat' dir='ltr'>Valckenaer.</span> <span class='ocrx_word' id='word_1_200' title='bbox 426 2237 580 2276; x_wconf 86' lang='lat' dir='ltr'>quoque</span> <span class='ocrx_word' id='word_1_201' title='bbox 615 2225 789 2261; x_wconf 79' lang='lat' dir='ltr'>observat</span> 
     </span>
     <span class='ocr_line' id='line_1_37' title="bbox 137 2276 789 2328; baseline 0.002 -11"><span class='ocrx_word' id='word_1_202' title='bbox 137 2278 205 2317; x_wconf 88' lang='grc' dir='ltr'><em>καὶ</em></span> <span class='ocrx_word' id='word_1_203' title='bbox 235 2276 284 2328; x_wconf 75' lang='grc' dir='ltr'><em>δή</em></span> <span class='ocrx_word' id='word_1_204' title='bbox 316 2280 479 2315; x_wconf 84' lang='lat' dir='ltr'><strong>similem</strong></span> <span class='ocrx_word' id='word_1_205' title='bbox 507 2282 548 2317; x_wconf 87' lang='lat' dir='ltr'><em>in</em></span> <span class='ocrx_word' id='word_1_206' title='bbox 576 2281 737 2318; x_wconf 90' lang='lat' dir='ltr'>modum</span> <span class='ocrx_word' id='word_1_207' title='bbox 767 2294 789 2318; x_wconf 85' lang='lat' dir='ltr'>a</span> 
     </span>
     <span class='ocr_line' id='line_1_38' title="bbox 138 2334 790 2383; baseline 0.003 -11"><span class='ocrx_word' id='word_1_208' title='bbox 138 2336 292 2372; x_wconf 86' lang='lat' dir='ltr'>Graecis</span> <span class='ocrx_word' id='word_1_209' title='bbox 311 2335 363 2372; x_wconf 83' lang='lat' dir='ltr'><em>sic</em></span> <span class='ocrx_word' id='word_1_210' title='bbox 385 2334 576 2383; x_wconf 84' lang='lat' dir='ltr'>adhiberi,</span> <span class='ocrx_word' id='word_1_211' title='bbox 609 2344 652 2374; x_wconf 90' lang='lat' dir='ltr'><em>ut</em></span> <span class='ocrx_word' id='word_1_212' title='bbox 681 2345 790 2375; x_wconf 83' lang='lat' dir='ltr'>sonet</span> 
     </span>
     <span class='ocr_line' id='line_1_39' title="bbox 132 2391 790 2444; baseline 0.003 -16"><span class='ocrx_word' id='word_1_213' title='bbox 132 2391 220 2442; x_wconf 82' lang='lat' dir='ltr'><em>fac,</em></span> <span class='ocrx_word' id='word_1_214' title='bbox 242 2392 355 2442; x_wconf 80' lang='lat' dir='ltr'>finge,</span> <span class='ocrx_word' id='word_1_215' title='bbox 376 2404 412 2428; x_wconf 86' lang='lat' dir='ltr'><em>v.</em></span> <span class='ocrx_word' id='word_1_216' title='bbox 433 2404 466 2428; x_wconf 87' lang='lat' dir='ltr'><em>c.</em></span> <span class='ocrx_word' id='word_1_217' title='bbox 488 2392 590 2442; x_wconf 83' lang='lat' dir='ltr'><em>apud</em></span> <span class='ocrx_word' id='word_1_218' title='bbox 617 2394 790 2444; x_wconf 89' lang='lat' dir='ltr'><em>Euripid.</em></span> 
     </span>
     <span class='ocr_line' id='line_1_40' title="bbox 137 2447 792 2494; baseline 0 -9"><span class='ocrx_word' id='word_1_219' title='bbox 137 2447 239 2485; x_wconf 89' lang='lat' dir='ltr'>Med.</span> <span class='ocrx_word' id='word_1_220' title='bbox 277 2450 373 2488; x_wconf 83' lang='lat'><strong>386.</strong></span> <span class='ocrx_word' id='word_1_221' title='bbox 405 2448 490 2486; x_wconf 85' lang='lat' dir='ltr'>Hel.</span> <span class='ocrx_word' id='word_1_222' title='bbox 525 2447 621 2488; x_wconf 84' lang='lat'>465.</span> <span class='ocrx_word' id='word_1_223' title='bbox 679 2449 792 2494; x_wconf 77' lang='lat' dir='ltr'><em>Quod</em></span> 
     </span>
     <span class='ocr_line' id='line_1_41' title="bbox 139 2503 793 2554; baseline -0.002 -11"><span class='ocrx_word' id='word_1_224' title='bbox 139 2518 230 2544; x_wconf 86' lang='lat' dir='ltr'>vero</span> <span class='ocrx_word' id='word_1_225' title='bbox 253 2503 301 2540; x_wconf 81' lang='lat' dir='ltr'><em>ad</em></span> <span class='ocrx_word' id='word_1_226' title='bbox 321 2505 442 2554; x_wconf 82' lang='lat' dir='ltr'><strong>ipsam</strong></span> <span class='ocrx_word' id='word_1_227' title='bbox 472 2503 655 2541; x_wconf 84' lang='lat' dir='ltr'>Herodoti</span> <span class='ocrx_word' id='word_1_228' title='bbox 683 2518 793 2542; x_wconf 91' lang='lat' dir='ltr'>com-</span> 
     </span>
     <span class='ocr_line' id='line_1_42' title="bbox 140 2561 794 2613; baseline 0 -15"><span class='ocrx_word' id='word_1_229' title='bbox 140 2562 377 2613; x_wconf 84' lang='lat' dir='ltr'>putationem</span> <span class='ocrx_word' id='word_1_230' title='bbox 398 2561 551 2607; x_wconf 85' lang='lat' dir='ltr'>attinet,</span> <span class='ocrx_word' id='word_1_231' title='bbox 571 2573 708 2609; x_wconf 80' lang='lat' dir='ltr'><em>nemo⁷</em></span> <span class='ocrx_word' id='word_1_232' title='bbox 729 2563 794 2613; x_wconf 91' lang='lat' dir='ltr'><em>qui</em></span> 
     </span>
     <span class='ocr_line' id='line_1_43' title="bbox 143 2616 794 2671; baseline -0.002 -16"><span class='ocrx_word' id='word_1_233' title='bbox 143 2616 339 2671; x_wconf 89' lang='lat' dir='ltr'>quomodo</span> <span class='ocrx_word' id='word_1_234' title='bbox 368 2630 435 2666; x_wconf 89' lang='lat' dir='ltr'>per</span> <span class='ocrx_word' id='word_1_235' title='bbox 467 2617 652 2653; x_wconf 73' lang='lat' dir='ltr'>orientem</span> <span class='ocrx_word' id='word_1_236' title='bbox 682 2631 794 2654; x_wconf 84' lang='lat' dir='ltr'>exer-</span> 
     </span>
     <span class='ocr_line' id='line_1_44' title="bbox 141 2672 794 2723; baseline -0.002 -11"><span class='ocrx_word' id='word_1_237' title='bbox 141 2677 236 2712; x_wconf 86' lang='lat' dir='ltr'>citus</span> <span class='ocrx_word' id='word_1_238' title='bbox 267 2672 316 2710; x_wconf 86' lang='lat' dir='ltr'><em>ad</em></span> <span class='ocrx_word' id='word_1_239' title='bbox 350 2674 493 2709; x_wconf 89' lang='lat' dir='ltr'>bellum</span> <span class='ocrx_word' id='word_1_240' title='bbox 527 2674 712 2723; x_wconf 84' lang='lat' dir='ltr'>proficisci</span> <span class='ocrx_word' id='word_1_241' title='bbox 731 2687 794 2711; x_wconf 89' lang='lat' dir='ltr'>so·-</span> 
     </span>
     <span class='ocr_line' id='line_1_45' title="bbox 143 2728 793 2782; baseline -0.002 -14"><span class='ocrx_word' id='word_1_242' title='bbox 143 2732 245 2768; x_wconf 89' lang='lat' dir='ltr'>leant</span> <span class='ocrx_word' id='word_1_243' title='bbox 274 2737 312 2767; x_wconf 87' lang='lat' dir='ltr'>et</span> <span class='ocrx_word' id='word_1_244' title='bbox 342 2728 539 2782; x_wconf 89' lang='lat' dir='ltr'>quomodo</span> <span class='ocrx_word' id='word_1_245' title='bbox 579 2729 793 2780; x_wconf 84' lang='lat' dir='ltr'>expeditio-</span> 
     </span>
     <span class='ocr_line' id='line_1_46' title="bbox 142 2787 794 2835; baseline 0.002 -11"><span class='ocrx_word' id='word_1_246' title='bbox 142 2800 210 2825; x_wconf 86' lang='lat' dir='ltr'>nes</span> <span class='ocrx_word' id='word_1_247' title='bbox 237 2787 396 2825; x_wconf 81' lang='lat' dir='ltr'>bellicae</span> <span class='ocrx_word' id='word_1_248' title='bbox 416 2787 680 2835; x_wconf 80' lang='lat' dir='ltr'>instituantur,</span> <span class='ocrx_word' id='word_1_249' title='bbox 720 2799 794 2825; x_wconf 91' lang='lat' dir='ltr'><em>no-</em></span> 
     </span>
    </p>
   </div>
   <div class='ocr_carea' id='block_1_9' title="bbox 845 1601 1507 2551">
    <p class='ocr_par' dir='ltr' id='par_1_9' title="bbox 845 1601 1507 2551">
     <span class='ocr_line' id='line_1_47' title="bbox 847 1601 1506 1653; baseline -0.006 -12"><span class='ocrx_word' id='word_1_250' title='bbox 847 1604 965 1651; x_wconf 82' lang='lat' dir='ltr'>verit,</span> <span class='ocrx_word' id='word_1_251' title='bbox 994 1603 1213 1650; x_wconf 85' lang='lat' dir='ltr'>mirabitur,</span> <span class='ocrx_word' id='word_1_252' title='bbox 1250 1614 1407 1650; x_wconf 85' lang='lat' dir='ltr'>eorum,</span> <span class='ocrx_word' id='word_1_253' title='bbox 1438 1601 1506 1653; x_wconf 86' lang='lat' dir='ltr'><em>qui</em></span> 
     </span>
     <span class='ocr_line' id='line_1_48' title="bbox 845 1661 1506 1712; baseline -0.006 -15"><span class='ocrx_word' id='word_1_254' title='bbox 845 1662 984 1698; x_wconf 87' lang='lat' dir='ltr'>milites</span> <span class='ocrx_word' id='word_1_255' title='bbox 1012 1661 1112 1711; x_wconf 90' lang='lat' dir='ltr'>ipsos</span> <span class='ocrx_word' id='word_1_256' title='bbox 1138 1666 1407 1712; x_wconf 84' lang='lat' dir='ltr'>sequerentur,</span> <span class='ocrx_word' id='word_1_257' title='bbox 1428 1671 1506 1694; x_wconf 85' lang='lat' dir='ltr'><em>nu-</em></span> 
     </span>
     <span class='ocr_line' id='line_1_49' title="bbox 846 1715 1505 1768; baseline -0.006 -14"><span class='ocrx_word' id='word_1_258' title='bbox 846 1730 1010 1765; x_wconf 84' lang='lat' dir='ltr'>merum,</span> <span class='ocrx_word' id='word_1_259' title='bbox 1031 1716 1274 1768; x_wconf 89' lang='lat' dir='ltr'>pedissequos</span> <span class='ocrx_word' id='word_1_260' title='bbox 1296 1715 1381 1752; x_wconf 89' lang='lat' dir='ltr'><em>dico</em></span> <span class='ocrx_word' id='word_1_261' title='bbox 1394 1745 1403 1763; x_wconf 89' lang='lat'>,</span> <span class='ocrx_word' id='word_1_262' title='bbox 1424 1728 1505 1751; x_wconf 76' lang='lat' dir='ltr'>ser-</span> 
     </span>
     <span class='ocr_line' id='line_1_50' title="bbox 847 1773 1505 1823; baseline -0.006 -13"><span class='ocrx_word' id='word_1_263' title='bbox 847 1787 937 1821; x_wconf 80' lang='lat' dir='ltr'>vos,</span> <span class='ocrx_word' id='word_1_264' title='bbox 977 1774 1175 1820; x_wconf 88' lang='lat' dir='ltr'>mulieres,</span> <span class='ocrx_word' id='word_1_265' title='bbox 1206 1773 1393 1823; x_wconf 86' lang='lat' dir='ltr'>reliquam</span> <span class='ocrx_word' id='word_1_266' title='bbox 1422 1778 1505 1807; x_wconf 88' lang='lat' dir='ltr'>tur-—</span> 
     </span>
     <span class='ocr_line' id='line_1_51' title="bbox 850 1830 1505 1879; baseline -0.005 -13"><span class='ocrx_word' id='word_1_267' title='bbox 850 1831 962 1877; x_wconf 88' lang='lat' dir='ltr'>bam,</span> <span class='ocrx_word' id='word_1_268' title='bbox 993 1830 1240 1866; x_wconf 82' lang='lat' dir='ltr'>militantibus</span> <span class='ocrx_word' id='word_1_269' title='bbox 1263 1841 1394 1879; x_wconf 89' lang='lat' dir='ltr'>parem</span> <span class='ocrx_word' id='word_1_270' title='bbox 1416 1840 1505 1864; x_wconf 85' lang='lat' dir='ltr'>oen-</span> 
     </span>
     <span class='ocr_line' id='line_1_52' title="bbox 849 1884 1504 1936; baseline -0.006 -13"><span class='ocrx_word' id='word_1_271' title='bbox 849 1887 921 1923; x_wconf 87' lang='lat' dir='ltr'>seri</span> <span class='ocrx_word' id='word_1_272' title='bbox 942 1899 962 1922; x_wconf 87' lang='lat' dir='ltr'>a</span> <span class='ocrx_word' id='word_1_273' title='bbox 982 1893 1088 1936; x_wconf 83' lang='lat' dir='ltr'>patre</span> <span class='ocrx_word' id='word_1_274' title='bbox 1109 1884 1296 1922; x_wconf 76' lang='lat' dir='ltr'>historiae.</span> <span class='ocrx_word' id='word_1_275' title='bbox 1328 1885 1427 1929; x_wconf 80' lang='lat' dir='ltr'>Quin</span> <span class='ocrx_word' id='word_1_276' title='bbox 1445 1890 1504 1920; x_wconf 88' lang='lat' dir='ltr'>et-</span> 
     </span>
     <span class='ocr_line' id='line_1_53' title="bbox 851 1942 1503 1990; baseline -0.006 -11"><span class='ocrx_word' id='word_1_277' title='bbox 851 1944 1027 1979; x_wconf 82' lang='lat' dir='ltr'><em>iamnum</em></span> <span class='ocrx_word' id='word_1_278' title='bbox 1046 1943 1222 1979; x_wconf 82' lang='lat' dir='ltr'>novimus</span> <span class='ocrx_word' id='word_1_279' title='bbox 1243 1943 1288 1978; x_wconf 84' lang='lat' dir='ltr'><em>ab</em></span> <span class='ocrx_word' id='word_1_280' title='bbox 1308 1942 1386 1978; x_wconf 81' lang='lat' dir='ltr'>istis</span> <span class='ocrx_word' id='word_1_281' title='bbox 1405 1953 1503 1990; x_wconf 82' lang='lat' dir='ltr'>gen-</span> 
     </span>
     <span class='ocr_line' id='line_1_54' title="bbox 851 1995 1504 2050; baseline -0.006 -14"><span class='ocrx_word' id='word_1_282' title='bbox 851 2000 950 2036; x_wconf 81' lang='lat' dir='ltr'>tibus</span> <span class='ocrx_word' id='word_1_283' title='bbox 972 1999 1230 2050; x_wconf 84' lang='lat' dir='ltr'>expeditiones</span> <span class='ocrx_word' id='word_1_284' title='bbox 1251 1999 1402 2035; x_wconf 86' lang='lat' dir='ltr'>bellicas</span> <span class='ocrx_word' id='word_1_285' title='bbox 1430 1995 1504 2032; x_wconf 83' lang='lat' dir='ltr'><em>hoc</em></span> 
     </span>
     <span class='ocr_line' id='line_1_55' title="bbox 850 2055 1504 2104; baseline -0.005 -12"><span class='ocrx_word' id='word_1_286' title='bbox 850 2055 966 2093; x_wconf 88' lang='lat' dir='ltr'><em>modo</em></span> <span class='ocrx_word' id='word_1_287' title='bbox 987 2057 1141 2104; x_wconf 83' lang='lat' dir='ltr'>institui,</span> <span class='ocrx_word' id='word_1_288' title='bbox 1162 2062 1205 2092; x_wconf 91' lang='lat' dir='ltr'><em>ut</em></span> <span class='ocrx_word' id='word_1_289' title='bbox 1237 2067 1394 2091; x_wconf 89' lang='lat' dir='ltr'>omnem</span> <span class='ocrx_word' id='word_1_290' title='bbox 1423 2066 1504 2090; x_wconf 89' lang='lat' dir='ltr'>ser-</span> 
     </span>
     <span class='ocr_line' id='line_1_56' title="bbox 850 2111 1506 2160; baseline -0.006 -11"><span class='ocrx_word' id='word_1_291' title='bbox 850 2125 1000 2160; x_wconf 84' lang='lat' dir='ltr'>vorum,</span> <span class='ocrx_word' id='word_1_292' title='bbox 1021 2114 1227 2148; x_wconf 88' lang='lat' dir='ltr'>mulierum</span> <span class='ocrx_word' id='word_1_293' title='bbox 1255 2118 1326 2148; x_wconf 87' lang='lat' dir='ltr'>etc.</span> <span class='ocrx_word' id='word_1_294' title='bbox 1353 2111 1506 2148; x_wconf 85' lang='lat' dir='ltr'>turbam</span> 
     </span>
     <span class='ocr_line' id='line_1_57' title="bbox 854 2165 1505 2220; baseline -0.006 -14"><span class='ocrx_word' id='word_1_295' title='bbox 854 2183 985 2206; x_wconf 89' lang='lat' dir='ltr'>secum</span> <span class='ocrx_word' id='word_1_296' title='bbox 998 2169 1138 2206; x_wconf 87' lang='lat' dir='ltr'>ducant</span> <span class='ocrx_word' id='word_1_297' title='bbox 1155 2168 1380 2220; x_wconf 79' lang='lat' dir='ltr'>profecturi3</span> <span class='ocrx_word' id='word_1_298' title='bbox 1401 2165 1505 2203; x_wconf 76' lang='lat' dir='ltr'>mide</span> 
     </span>
     <span class='ocr_line' id='line_1_58' title="bbox 851 2224 1505 2278; baseline -0.005 -16"><span class='ocrx_word' id='word_1_299' title='bbox 851 2239 953 2273; x_wconf 88' lang='lat' dir='ltr'>sane,</span> <span class='ocrx_word' id='word_1_300' title='bbox 985 2239 1082 2278; x_wconf 85' lang='lat' dir='ltr'>quae</span> <span class='ocrx_word' id='word_1_301' title='bbox 1113 2225 1160 2262; x_wconf 88' lang='lat' dir='ltr'><em>de</em></span> <span class='ocrx_word' id='word_1_302' title='bbox 1197 2225 1369 2261; x_wconf 82' lang='lat' dir='ltr'>maxima</span> <span class='ocrx_word' id='word_1_303' title='bbox 1395 2224 1505 2260; x_wconf 84' lang='lat' dir='ltr'>turba</span> 
     </span>
     <span class='ocr_line' id='line_1_59' title="bbox 853 2283 1505 2333; baseline -0.005 -14"><span class='ocrx_word' id='word_1_304' title='bbox 853 2283 991 2320; x_wconf 85' lang='lat' dir='ltr'>Xerxis</span> <span class='ocrx_word' id='word_1_305' title='bbox 1029 2284 1154 2333; x_wconf 84' lang='lat' dir='ltr'>copias</span> <span class='ocrx_word' id='word_1_306' title='bbox 1193 2288 1376 2333; x_wconf 88' lang='lat' dir='ltr'>sequente</span> <span class='ocrx_word' id='word_1_307' title='bbox 1414 2293 1505 2317; x_wconf 84' lang='lat' dir='ltr'>nar-</span> 
     </span>
     <span class='ocr_line' id='line_1_60' title="bbox 853 2337 1507 2390; baseline -0.006 -14"><span class='ocrx_word' id='word_1_308' title='bbox 853 2347 986 2376; x_wconf 84' lang='lat' dir='ltr'>rantur</span> <span class='ocrx_word' id='word_1_309' title='bbox 1005 2339 1107 2390; x_wconf 89' lang='lat' dir='ltr'><em>apud</em></span> <span class='ocrx_word' id='word_1_310' title='bbox 1139 2337 1390 2385; x_wconf 84' lang='lat' dir='ltr'><em>Herodotum,</em></span> <span class='ocrx_word' id='word_1_311' title='bbox 1429 2337 1507 2373; x_wconf 53' lang='lat' dir='ltr'><em>mi*</em></span> 
     </span>
     <span class='ocr_line' id='line_1_61' title="bbox 853 2394 1507 2433; baseline -0.008 -1"><span class='ocrx_word' id='word_1_312' title='bbox 853 2397 958 2432; x_wconf 85' lang='lat' dir='ltr'>nime</span> <span class='ocrx_word' id='word_1_313' title='bbox 986 2409 1056 2433; x_wconf 91' lang='lat' dir='ltr'><em>nos</em></span> <span class='ocrx_word' id='word_1_314' title='bbox 1085 2394 1282 2432; x_wconf 80' lang='lat' dir='ltr'>offendere</span> <span class='ocrx_word' id='word_1_315' title='bbox 1304 2394 1444 2431; x_wconf 76' lang='lat' dir='ltr'>debent</span> <span class='ocrx_word' id='word_1_316' title='bbox 1465 2398 1507 2428; x_wconf 79' lang='lat' dir='ltr'><em>ut</em></span> 
     </span>
     <span class='ocr_line' id='line_1_62' title="bbox 852 2450 1506 2503; baseline -0.005 -16"><span class='ocrx_word' id='word_1_317' title='bbox 852 2454 978 2489; x_wconf 87' lang='lat' dir='ltr'>miuus</span> <span class='ocrx_word' id='word_1_318' title='bbox 1000 2466 1169 2503; x_wconf 83' lang='lat' dir='ltr'>congrua</span> <span class='ocrx_word' id='word_1_319' title='bbox 1190 2459 1255 2488; x_wconf 85' lang='lat' dir='ltr'><em>aut</em></span> <span class='ocrx_word' id='word_1_320' title='bbox 1269 2464 1391 2488; x_wconf 74' lang='lat' dir='ltr'>avet-0</span> <span class='ocrx_word' id='word_1_321' title='bbox 1413 2450 1506 2485; x_wconf 82' lang='lat' dir='ltr'>alie-</span> 
     </span>
     <span class='ocr_line' id='line_1_63' title="bbox 854 2507 1500 2551; baseline -0.002 -7"><span class='ocrx_word' id='word_1_322' title='bbox 854 2521 918 2544; x_wconf 87' lang='lat' dir='ltr'><em>na.</em></span> <span class='ocrx_word' id='word_1_323' title='bbox 954 2509 1064 2545; x_wconf 86' lang='lat' dir='ltr'>Conf.</span> <span class='ocrx_word' id='word_1_324' title='bbox 1094 2512 1258 2546; x_wconf 87' lang='lat' dir='ltr'>Heeren.</span> <span class='ocrx_word' id='word_1_325' title='bbox 1287 2507 1405 2544; x_wconf 87' lang='lat' dir='ltr'>Ideen</span> <span class='ocrx_word' id='word_1_326' title='bbox 1429 2507 1458 2551; x_wconf 91' lang='lat' dir='ltr'><em>l,</em></span> <span class='ocrx_word' id='word_1_327' title='bbox 1484 2509 1500 2543; x_wconf 95' lang='lat'>1</span> 
     </span>
    </p>
   </div>
   <div class='ocr_carea' id='block_1_10' title="bbox 854 2565 1371 2706">
    <p class='ocr_par' dir='ltr' id='par_1_10' title="bbox 854 2565 1371 2706">
     <span class='ocr_line' id='line_1_64' title="bbox 854 2565 1176 2615; baseline 0.006 -15"><span class='ocrx_word' id='word_1_328' title='bbox 854 2577 942 2615; x_wconf 83' lang='lat' dir='ltr'>pag.</span> <span class='ocrx_word' id='word_1_329' title='bbox 965 2565 1060 2605; x_wconf 87' lang='lat'>501.</span> <span class='ocrx_word' id='word_1_330' title='bbox 1082 2565 1176 2607; x_wconf 87' lang='lat'>515.</span> 
     </span>
     <span class='ocr_line' id='line_1_65' title="bbox 996 2651 1371 2706; baseline -0.016 -14"><span class='ocrx_word' id='word_1_331' title='bbox 996 2655 1087 2706; x_wconf 75' lang='lat' dir='ltr'><em>cap.</em></span> <span class='ocrx_word' id='word_1_332' title='bbox 1110 2651 1371 2691; x_wconf 76' lang='lat' dir='ltr'><strong>CLXXXvn.</strong></span> 
     </span>
    </p>
   </div>
   <div class='ocr_carea' id='block_1_11' title="bbox 852 2723 1508 2841">
    <p class='ocr_par' dir='ltr' id='par_1_11' title="bbox 852 2723 1508 2841">
     <span class='ocr_line' id='line_1_66' title="bbox 910 2723 1505 2785; baseline -0.01 -13"><span class='ocrx_word' id='word_1_333' title='bbox 910 2735 983 2772; x_wconf 84' lang='grc' dir='ltr'><em>τοῦ</em></span> <span class='ocrx_word' id='word_1_334' title='bbox 1014 2732 1164 2785; x_wconf 80' lang='grc' dir='ltr'><em>Ξέρξεω</em></span> <span class='ocrx_word' id='word_1_335' title='bbox 1199 2723 1505 2781; x_wconf 79' lang='grc' dir='ltr'><em>στρατεύματος]</em></span> 
     </span>
     <span class='ocr_line' id='line_1_67' title="bbox 852 2786 1508 2841; baseline -0.008 -15"><span class='ocrx_word' id='word_1_336' title='bbox 852 2789 952 2828; x_wconf 72' lang='lat' dir='ltr'>Male</span> <span class='ocrx_word' id='word_1_337' title='bbox 972 2791 1088 2841; x_wconf 79' lang='lat' dir='ltr'>vulgo</span> <span class='ocrx_word' id='word_1_338' title='bbox 1108 2786 1412 2840; x_wconf 85' lang='lat' dir='ltr'>praeponebatur</span> <span class='ocrx_word' id='word_1_339' title='bbox 1430 2796 1508 2824; x_wconf 82' lang='lat' dir='ltr'><em>vox</em></span> 
     </span>
    </p>
   </div>
   <div class='ocr_carea' id='block_1_12' title="bbox 1830 1061 1897 3340">
    <p class='ocr_par' dir='ltr' id='par_1_12' title="bbox 1830 1061 1897 3340">
     <span class='ocr_line' id='line_1_68' title="bbox 1830 1061 1897 3340; baseline 0 0"><span class='ocrx_word' id='word_1_340' title='bbox 1830 1061 1897 3340; x_wconf 95' lang='lat' dir='ltr'><em> </em></span> 
     </span>
    </p>
   </div>
  </div>
 </body>
</html>
