1897 3340
501 182 1155 223 TERPSICHORE.
1215 185 1260 221 V.

1485 189 1513 226 3

252 293 534 351 ἐπιχειρέουσι
564 293 609 335 οἱ
639 293 852 342 Παίονες,
881 291 956 334 καὶ
985 289 1150 334 πολλόν
1175 307 1219 334 τε
1248 291 1508 349 ἐκράτησαν,

163 356 193 399 2
252 363 324 406 καὶ
353 358 500 405 ἕλιπόν
530 370 678 415 σφεων
712 358 897 414 ὀλίγους.

249 446 340 473 νων
379 426 595 479 πρότερον
630 425 842 482 γενόμενα
881 421 965 470 ὦδε
1003 425 1192 480 ἐγένετο·
1232 426 1327 470 τότε
1358 428 1404 471 δὲ
1434 425 1507 471 ἄν·

962 358 1025 401 To}
1055 359 1135 413 μὲν
1165 359 1218 414 δή
1248 358 1335 403 ἀπὸ
1369 360 1508 404 Παιό-

251 488 372 539 δρῶν
409 484 590 540 ἀγαθῶν
627 484 725 537 περὶ
764 488 840 539 τῆς
878 483 1126 538 ἐλευθερίης
1155 484 1398 539 γινομένων
1422 490 1511 529 τῶν

251 553 572 606 Περινθίων,οῑ
595 553 762 606 Πέρσαι
787 568 831 595 τε
853 551 927 595 καὶ
949 548 972 594 ὁ
990 550 1251 606 Μεγάβαζος
1280 551 1507 610 ἐπεκράτη-

219 628 335 665 Ξσαν
364 621 535 678 πλήθεϊ.
584 618 645 670 ὥς
683 619 729 663 δὲ
769 618 981 675 ἐχειρώθη
1010 617 1038 674 ἡ
1068 619 1312 673 Πέρινθος,
1347 620 1567 676 ἤλαυνε25

191 807 286 845 adeo
328 813 450 845 exstat
483 807 734 845 παιονίσασιτ
775 806 848 842 nisi

191 871 395 916 utrumque
434 862 508 900 hoc
543 875 563 898 e
593 864 684 899 vitio
713 869 848 898 natum

190 923 402 968 existimes,
452 933 540 957 cum
581 933 692 966 sane,
742 918 847 971 quod

189 991 267 1015 non
307 978 405 1029 fugit
438 977 763 1027 Wesselingium,
797 977 847 1012 li-

188 1034 339 1088 quidior
359 1031 603 1085 παρήχησις,
636 1035 667 1071 si
698 1032 846 1070 dederis

188 1108 261 1131 παι
273 1107 303 1131 ω
315 1092 447 1131 νίσασι
495 1103 612 1142 quam
661 1106 734 1129 παι
746 1106 769 1128 α
781 1090 844 1129 νί-

189 1160 291 1188 σασι.
350 1149 406 1185 Ac
436 1147 574 1184 dicitur
602 1160 693 1184 sane
719 1161 846 1186 παιω-

190 1206 311 1252 νίζειν
341 1213 455 1258 atque
487 1206 708 1251 παιωνίζειν
737 1205 845 1240 nullo

189 1262 472 1312 significationis
513 1261 750 1307 discrimine,
804 1268 847 1297 ut

190 1319 238 1356 ad
256 1318 479 1370 Thucydid.
508 1320 538 1364 J,
571 1318 624 1359 50
652 1318 847 1353 annotavit

190 1375 387 1412 Dukerus:
435 1387 511 1426 quo
544 1381 673 1410 tamen
710 1373 846 1410 eodem

190 1434 274 1469 loco
294 1433 534 1482 nuperrimus
565 1430 686 1466 editor
714 1437 847 1466 monet

189 1490 350 1540 optimos
389 1500 560 1539 quosque
589 1487 704 1523 libros
735 1485 848 1522 exhi—

190 1547 277 1582 bere
318 1544 587 1590 παιωνίζεινς
627 1556 725 1595 quae
755 1556 847 1579 sane

190 1603 311 1652 magis
349 1602 505 1652 antiqua
543 1599 719 1636 videatur
767 1613 847 1636 esse

189 1659 326 1696 forma.
363 1659 430 1695 Tu
451 1657 552 1694 conf.
573 1670 661 1708 pag.
686 1656 763 1697 147
785 1655 846 1693 ed.

189 1716 357 1753 Gervini.
406 1713 470 1751 Ad
489 1715 616 1765 ipsum
634 1715 709 1751 loci
730 1726 847 1764 argu-

188 1780 364 1810 mentum
423 1772 643 1823 oraculique
690 1784 847 1808 sensum

188 1830 287 1867 bene
306 1828 601 1879 intelligendum
620 1827 693 1865 hoc
712 1835 847 1864 tenea—

188 1899 295 1924 mus:
337 1885 531 1937 duplicem
571 1885 674 1937 apud
701 1892 848 1922 veteres

189 1944 302 1981 fuisse
331 1956 538 1994 Paeanem,
588 1943 750 1979 alterum
783 1942 849 1994 qui

189 2007 277 2038 ante
305 2013 477 2051 pugnam
502 2002 543 2036 in
571 2001 701 2037 Martis
722 1998 849 2036 hono-

188 2071 270 2094 rem
287 2059 492 2094 canebatur
505 2088 514 2105 ,
535 2057 709 2104 alterum,
729 2056 849 2108 probe

190 2116 236 2152 ab
275 2113 349 2152 hoc
390 2113 714 2161 discernendum,
781 2113 847 2165 qui

189 2178 273 2223 post
318 2184 493 2223 pugnam
542 2178 649 2222 parta
688 2171 848 2207 victoria

188 2229 360 2280 Apollini
391 2229 609 2265 canebatur.
669 2229 734 2265 Tu
754 2226 845 2275 vid„

189 2299 238 2322 ne
258 2286 388 2337 plura,
423 2286 657 2335 Wesseling.
679 2283 728 2321 ad
749 2285 846 2321 Dio-

189 2341 270 2379 dor.
293 2343 410 2380 Sicul.
432 2344 536 2389 xm,
560 2345 625 2383 16.

246 2398 313 2438 καὶ
349 2396 494 2438 πολλόν
537 2412 578 2437 τε
624 2393 847 2449 ἐκράτησαν

190 2455 258 2495 καὶ
279 2452 413 2495 {Madv
439 2468 573 2505 σφεων
601 2450 788 2506 ὀλίγους]
818 2456 846 2492 i.

193 2523 226 2548 e.
254 2524 419 2561 magnam
444 2526 473 2549 s.
495 2512 713 2562 splendidam
739 2514 848 2548 victo-

190 2570 282 2605 riam
315 2572 536 2619 reportarunt
563 2581 762 2618 paucosque
793 2580 849 2605 eo-

192 2633 270 2662 rum
300 2624 602 2673 (Perinthiorum
623 2626 727 2675 scil.)
751 2624 849 2675 sece-

194 2684 276 2717 runt
294 2682 456 2731 reliquos.
512 2684 612 2718 Nam
634 2680 769 2730 σφέων
799 2681 848 2718 ad

195 2736 408 2775 Perinthios
427 2746 607 2790 spectare,
629 2740 694 2776 vix
708 2751 849 2790 quem-

197 2804 312 2843 quam
337 2794 448 2844 sugit.
513 2796 588 2831 Pro
623 2792 771 2834 πολλόν
807 2796 848 2831 in

905 804 1098 842 Sancrofti
1118 805 1214 841 libro
1243 812 1364 842 exstat
1394 810 1565 856 πολλῶν,

905 861 1010 913 quod
1048 875 1126 898 non
1168 862 1376 899 absurdum
1417 864 1567 902 videtur

903 919 1162 968 VVesselingio
1175 919 1223 955 ob
1236 932 1471 972 consequens
1481 917 1566 961 ὀλί-

903 990 1020 1028 γους,
1059 977 1129 1012 nisi
1182 974 1285 1026 apud
1323 977 1564 1015 Herodotum

902 1033 1024 1068 multo
1065 1033 1231 1069 crebrius
1271 1040 1366 1070 esset
1404 1033 1566 1084 πολλὸν,

903 1088 1010 1140 quod
1041 1090 1168 1140 ipsum
1193 1089 1457 1127 Herodotenm
1487 1106 1566 1129 esse

904 1147 966 1194 (ut
979 1143 1129 1185 πολλὸν
1152 1142 1393 1197 ἑσσώθησαν
1405 1149 1449 1196 V,
1467 1152 1565 1198 102)

903 1210 1006 1239 recte
1026 1205 1155 1240 statuit
1186 1202 1386 1253 Valcken.,
1427 1219 1564 1257 quam-

906 1273 1024 1311 quam
1046 1261 1215 1297 usitatius
1236 1263 1369 1315 πολλῷ
1398 1259 1564 1312 ἐκράτη-

905 1328 992 1361 σαν,
1006 1316 1119 1368 ·qu0d
1139 1317 1184 1363 V,
1206 1319 1261 1357 77
1284 1325 1416 1364 exstat,
1439 1318 1566 1370 quod-

904 1385 980 1424 que
1009 1375 1124 1409 etiam
1155 1371 1217 1409 hic
1247 1374 1340 1410 olim
1374 1374 1488 1412 fuisse
1509 1376 1567 1412 le-

904 1435 1009 1465 ctum
1037 1430 1247 1479 suspicatur
1283 1432 1340 1466 vir
1369 1433 1567 1481 sagacissi-

902 1498 1010 1522 mus:
1060 1487 1202 1537 quippe
1240 1485 1344 1522 unde
1384 1490 1567 1526 exstiterit

903 1544 1065 1580 πολλῶν
1086 1544 1126 1578 in
1148 1541 1279 1579 codice
1300 1543 1507 1581 Sancrofti.

1152 1667 1246 1718 Cap.
1266 1669 1315 1703 II.

967 1766 1022 1808 Τὰ
1051 1767 1123 1820 μὲν
1160 1766 1211 1819 δή
1252 1765 1334 1809 eino*
1371 1767 1565 1810 Παιόνων

903 1822 1095 1877 πρότερον
1122 1823 1334 1877 γενόμενα,
1377 1821 1454 1866 ὦδε
1481 1827 1566 1880 ἐγέ-

906 1897 994 1922 νετο
1007 1884 1041 1931 ].
1108 1884 1344 1933 Praepositio
1384 1879 1465 1923 οἷπό
1497 1898 1566 1922 eo-

906 1938 996 1976 dem
1027 1939 1266 1989 significatu,
1309 1953 1385 1992 quo
1415 1942 1464 1989 II,
1496 1940 1565 1988 54,

906 1997 973 2033 ubi
1000 1995 1078 2033 vid.
1106 2003 1204 2034 nott.
1262 1998 1322 2033 De
1350 2010 1446 2034 voce
1475 1992 1565 2047 ὧδε,

905 2066 1004 2105 quae
1023 2052 1087 2090 hic
1108 2053 1156 2090 ad
1186 2053 1450 2092 antecedentia
1477 2068 1565 2106 spe-

905 2117 1000 2158 ctat,
1045 2111 1197 2148 monuit
1225 2110 1364 2148 Matth.
1394 2113 1460 2149 Gr.
1497 2113 1565 2149 Gr.

903 2181 992 2218 pag.
1015 2170 1108 2209 871.
1166 2169 1247 2204 Nec
1268 2169 1375 2205 aliter
1396 2162 1473 2208 ὧδε
1494 2169 1566 2205 ad·-

902 2224 1056 2261 hibetur
1075 2225 1156 2271 VII,
1179 2227 1246 2265 62.
1296 2227 1341 2261 In
1363 2238 1470 2278 seqq.
1493 2222 1565 2265 ὄῖν-

903 2282 992 2333 δρες
1013 2277 1162 2333 οἷγαθοὶ
1186 2280 1365 2319 dicuntur
1384 2284 1459 2320 viri
1482 2282 1564 2333 for-

901 2342 965 2386 ΐεε,
989 2337 1319 2391 quemadmodum
1338 2340 1369 2387 Ι,
1392 2341 1473 2380 169
1501 2340 1567 2376 Io·-

903 2409 993 2444 nes,
1013 2408 1083 2446 pro
1104 2396 1279 2432 libertate
1299 2408 1367 2432 sua
1387 2408 1569 2446 pugnan-

903 2459 958 2490 tes
969 2466 979 2499 ς
991 2465 1160 2504 namque
1174 2466 1223 2489 ex
1235 2451 1421 2489 Herodoti
1437 2459 1569 2490 mente

905 2523 926 2546 a
953 2511 1091 2546 virtute
1112 2508 1277 2559 disiungi
1295 2510 1429 2561 nequit
1459 2510 1570 2546 forti-

904 2565 1046 2603 tudinis
1056 2567 1175 2614 notio,
1191 2566 1258 2603 sed
1277 2573 1486 2618 utrumque
1498 2579 1567 2602 ae-

905 2637 980 2675 que
992 2624 1243 2661 eontuuctum
1262 2624 1421 2674 cogitari
1441 2622 1566 2660 debet.

905 2681 971 2717 Tu
981 2681 1030 2717 cf.
1042 2681 1111 2724 VI,
1136 2679 1227 2720 114.
1252 2683 1345 2720 117.
1366 2680 1449 2726 VII,
1471 2677 1566 2719 224.

903 2738 973 2784 IX,
994 2737 1062 2778 75.
1094 2743 1130 2772 et
1161 2749 1259 2788 quae
1294 2735 1341 2773 de
1371 2735 1429 2772 his
1449 2734 1567 2771 disse-

906 2796 980 2830 ruit
998 2792 1266 2830 Hoffineister:
1298 2789 1457 2829 Sittlich
1478 2789 1568 2824 reli-

1223 2851 1242 2887 1
1263 2845 1288 2867 ἢ

1568 351 1712 381 Perintho
1737 356 1817 384 devi-

1565 389 1634 419 cta,
1653 386 1792 417 Thraces

1567 419 1732 447 maritimos
1764 424 1800 457 [c.

1568 451 1621 486 10.)
1637 452 1773 481 adoritur
1792 465 1839 484 eu-

1570 494 1696 514 rumuue
1710 488 1801 516 alium

1570 527 1606 546 ex
1623 521 1682 548 alio
1699 523 1841 555 populum

1568 553 1696 588 imperio
1715 554 1825 583 Persa-

1566 594 1632 614 rum
1655 587 1785 616 subiicit.
