1897 3340
405 215 490 255 206

376 322 715 376 ἓνεπίμπρασαν
749 318 801 361 τὰ
835 319 882 362 ἐν
908 319 1085 376 ’Ἕλλησι
1117 319 1200 375 sod.

803 212 1261 250 HERODOT!

1264 319 1369 364 Τότε
1401 320 1447 364 δὲ
1478 322 1521 364 οἱ
1546 316 1720 374 ’Πέρ-7ο

405 402 476 432 σαι
508 390 551 431 οἱ
579 387 699 436 ἐντὸς
718 386 876 438 ’Ἅλυος
905 391 1107 442 ποταμοῦ
1137 388 1303 441 νομούς
1335 389 1521 444 ἔχοντες,
1551 405 1663 444 προ-

403 453 731 507 πυνθανόμενοι
779 459 943 507 ταῦτα,
994 457 1275 510 συνηλίζοντο
1321 457 1392 498 καὶ
1453 456 1666 511 ἐβοήθεον

402 527 517 565 τοῖσι
549 524 743 563 Λυδοῖσι.
787 524 860 564 καί
888 538 980 572 πως
1011 522 1058 565 ἐν
1085 523 1162 578 μὲν
1193 524 1381 580 Σάρδισι
1413 522 1555 567 οὐκέτι
1572 523 1662 567 ἐόν-

402 606 479 640 τας
510 587 613 637 τούς
633 586 787 637 Ἴωνας
809 588 1082 644 εὑρίσκουσι·
1115 590 1315 646 ἑπόμενοι
1352 592 1398 634 δὲ
1432 592 1541 634 κατὰ
1580 592 1663 634 στί-

374 661 512 712 3βον,
557 654 752 708 αἱρέουσι
795 654 960 706 αὐτούς
995 656 1042 698 ἐν
1073 656 1249 716 Ἐφέσῳ.
1299 660 1372 702 καὶ
1410 658 1664 715 ἀντετάχθη-

401 736 483 766 σαν
511 722 589 778 μὲν
621 724 664 765 οἱ
680 721 839 775 Ἴωνες,
873 723 1170 779 συμβαλόντες
1199 726 1257 775 δὲ,
1286 727 1444 770 πολλὸν
1477 726 1719 781 ἓσσώθη-75

401 804 505 833 σαν·
535 790 609 833 καὶ
637 791 830 842 πολλοὺς
861 790 1009 834 αὐτῶν
1037 794 1081 835 οἱ
1112 792 1280 846 Πέρσαι
1310 794 1562 849 φονεύουσι,
1593 794 1663 837 ἄλ-

399 862 504 908 λους
533 873 577 900 τε
607 856 904 912 ὀνομαστούς,
937 859 984 903 ἐν
1014 861 1059 902 δὲ
1082 861 1135 917 δή
1167 862 1237 904 καὶ
1260 860 1505 905 Εὐαλκίδεα
1536 873 1662 915 στρα-

401 924 610 980 τηγέοντα
631 923 899 979 Ἐρετριέων,
929 927 1294 984 στεφανηφόρους
1309 945 1353 972 τε
1374 927 1546 983 ἀγῶνας
1564 927 1663 972 ἀνα·

402 991 661 1047 ραιρηκότα,
707 995 780 1037 καὶ
815 994 903 1038 ὑπό
945 998 1203 1050 Σιμωνίδεω
1238 1000 1320 1040 τοῦ
1354 999 1498 1052 Κηΐου
1527 995 1667 1040 πολλὰ

371 1058 642 1104 4αἰνεθέντα.
685 1064 728 1104 οἳ
759 1061 804 1105 δὲ
834 1061 979 1105 αὐτῶν
998 1061 1228 1121 ἀπέφυγον
1257 1063 1336 1120 τήν
1364 1064 1516 1120 μάχην,
1548 1064 1658 1108 ἐσκε-
1676 1070 1721 1104 80

400 1126 628 1183 δάσθησαν
660 1127 743 1172 α’νὰ
771 1129 847 1181 τὰς
868 1132 1035 1182 πόλιας.

403 1347 445 1387 οἷ
462 1344 726 1394 ἒντὸς”Αλυος
738 1351 924 1400 ποταμοῦ
935 1364 1006 1388 νο-

345 1401 447 1455 μούς
470 1404 649 1455 ἔχοντες]
684 1405 849 1450 Quinam
871 1405 1005 1442 dicau—

344 1468 407 1498 tur
427 1460 468 1500 οί
488 1459 598 1508 ἐντὸς
612 1458 760 1506 ΓἈλυος
773 1492 782 1508 ,
817 1461 1004 1499 indicavi-

341 1530 429 1554 mus
455 1517 503 1554 ad
532 1519 562 1565 Ι,
585 1521 623 1558 6.
651 1519 904 1554 Locutionem
933 1533 1005 1557 νο-

344 1571 444 1624 μούς
479 1573 581 1624 ἔχειν
595 1603 604 1620 ,
627 1587 724 1625 quae
746 1576 861 1610 etiam
882 1575 925 1622 V,
947 1577 1001 1615 92

344 1631 382 1676 §.
407 1633 425 1669 1
459 1631 671 1676 invenitur,
715 1629 935 1681 Schweigh.
959 1633 999 1667 iu

342 1687 475 1723 Lexic.
497 1686 639 1732 Herod.
661 1689 929 1737 interpretatur
949 1701 1002 1724 se-

345 1743 442 1790 dem,
476 1744 728 1780 habitationem
757 1744 892 1781 habere.
951 1744 1003 1781 At

343 1806 445 1836 recte
473 1799 569 1836 mihi
596 1802 758 1836 Heeren.
788 1800 903 1836 Ide-eu
924 1802 954 1847 Ι,
980 1803 999 1840 1

343 1868 431 1907 pag.
454 1857 534 1897 505
559 1869 714 1893 monere
734 1856 904 1904 VIdetur,
934 1871 1003 1895 νο-

344 1909 447 1963 μούς
462 1912 522 1949 hic
535 1926 612 1950 esse
625 1926 742 1963 pagos
754 1921 874 1950 certos
885 1926 1001 1965 quos-

344 1968 434 2005 dam
471 1971 672 2006 Persarum
707 1971 886 2006 militibus
927 1969 1000 2019 (de

345 2027 480 2079 quipus
493 2025 551 2062 hic
572 2039 696 2063 sermo
710 2027 778 2078 est)
793 2040 860 2077 per
870 2028 1000 2077 singu

344 2083 397 2118 las
408 2084 585 2132 satrapias
595 2085 852 2133 assignatos‚in
865 2085 1001 2135 quibus

345 2146 626 2176 commorantes
664 2139 848 2190 praesidia
881 2139 1001 2176 habe-

344 2202 448 2242 rent,
480 2195 666 2233 custodias
687 2203 854 2246 agerent,
876 2197 947 2232 alia
961 2196 1000 2233 id

343 2264 476 2302 genus.
535 2251 646 2288 Unde
683 2251 743 2290 hic
772 2254 895 2303 potius
927 2254 1001 2290 loci

343 2320 496 2345 seusus:
546 2307 710 2355 „Persae
736 2310 916 2357 (milites)
941 2311 1002 2359 qui

342 2366 510 2401 stationes
530 2378 612 2402 suas
631 2379 660 2402 s.
676 2366 858 2416 praesidia
878 2368 916 2402 in
930 2379 1000 2416 pa—

341 2425 401 2470 gis
421 2424 470 2458 cis
490 2421 619 2473 Halyn
639 2425 718 2460 sitis
736 2423 920 2460 habebant.

402 2528 586 2584 ἑπόμενοι
634 2531 676 2573 δὲ
719 2532 848 2574 nato?
899 2535 1001 2574 στί-

342 2589 399 2640 βο
417 2590 468 2638 v]
501 2590 610 2626 Conf.
630 2591 693 2638 IV,
717 2594 807 2631 122.
830 2592 873 2639 V,
907 2594 998 2632 120·

342 2645 454 2691 Quod
483 2649 673 2698 sequitur:
717 2647 894 2698 αἱρέουσι
924 2643 999 2685 αυ’-

341 2699 436 2749 τοῦς
471 2702 512 2742 ἐν
543 2700 697 2757 Ἐφέσῳ
743 2711 819 2740 est:
879 2704 1000 2754 depre-

341 2759 498 2796 hendunt
525 2773 579 2797 eos
608 2761 658 2798 ad
679 2760 870 2811 Ephesum.
919 2762 997 2797 Eo-

342 2814 431 2854 dem
458 2830 590 2866 sensu,
639 2830 715 2870 quo
746 2816 806 2854 ln‘c
836 2817 997 2855 verbum

1063 1349 1203 1400 αἴρεῖν,
1233 1362 1346 1399 supra
1371 1350 1416 1397 V,
1439 1352 1490 1390 98
1521 1353 1720 1402 καταλαμ-

1060 1403 1214 1457 βανειν.
1280 1407 1373 1443 Mox
1392 1406 1480 1443 dedi
1500 1404 1631 1446 αυτῶν
1650 1420 1718 1459 pro

1061 1459 1213 1501 αὐτέων
1271 1469 1308 1498 et
1357 1458 1648 1512 ὄνομαστους,
1697 1476 1720 1500 a

1060 1517 1253 1558 Borheck.
1272 1525 1307 1554 et
1319 1518 1524 1557 Schaefero
1536 1522 1662 1557 invitis
1670 1520 1719 1556 li-

1058 1576 1337 1612 bris'mutatum
1348 1577 1384 1611 in
1408 1591 1428 1615 0
1439 1573 1464 1615 v’
1474 1592 1495 1615 v
1509 1589 1719 1626 ομαστους,

1061 1644 1298 1683 quamquam
1317 1639 1477 1684 utraque
1498 1633 1620 1670 forma
1640 1635 1718 1670 No-

1060 1696 1136 1725 stro
1158 1690 1305 1725 usitata.
1346 1690 1410 1726 Sic
1433 1685 1718 1739 ου’νομαστοῖσι

1057 1746 1122 1792 IV,
1144 1745 1197 1785 58
1228 1745 1321 1793 (ubi
1351 1759 1448 1783 uuus
1479 1747 1717 1783 Florentiuus

1058 1796 1330 1851 ὀνομαστοῖσι)
1351 1803 1398 1849 ΙΙ,
1419 1804 1507 1842 178.
1530 1803 1574 1851 V,
1596 1806 1630 1850 1,
1652 1802 1716 1839 ubi

1057 1857 1134 1895 vid.
1156 1863 1252 1893 nott.

1115 1927 1176 1952 στε
1163 1909 1449 1965 εφανηφόρους
1480 1928 1519 1954 τε
1559 1910 1718 1980 αγῶνας

1057 1966 1375 2020 ἀναραιρηκότα]
1406 1972 1432 2008 i.
1455 1984 1487 2007 e.
1511 1973 1573 2021 qui
1590 1973 1627 2008 in
1644 1984 1716 2009 cer-

1056 2027 1246 2064 ίαηιίηίὺιιε
1271 2041 1415 2064 coronas
1448 2028 1644 2076 (victoriae
1663 2029 1716 2065 si-

1056 2084 1210 2134 guum)
1241 2088 1496 2135 reportaverat.
1543 2083 1714 2133 vidJX,

1058 2142 1123 2180 93.
1156 2140 1218 2187 VI,
1251 2143 1315 2181 36.
1347 2144 1413 2181 70.
1439 2143 1515 2182 103
1538 2141 1623 2179 coll.
1644 2142 1714 2189 IX,

1057 2195 1122 2235 (54.
1144 2198 1206 2243 vl,
1231 2198 1320 2238 125.
1354 2199 1445 2245 103,
1476 2198 1541 2234 ubi
1571 2205 1625 2235 est
1653 2198 1716 2237 νί-

1056 2267 1132 2302 κην
1158 2249 1425 2302 ἀναιρεῖσθαι.
1471 2254 1554 2299 Quo
1577 2252 1715 2291 eodem

1055 2311 1217 2358 pertinet
1244 2305 1438 2361 Ὀλύμπια
1469 2323 1498 2347 s.
1526 2306 1713 2361 Ὀλυμπι-

1057 2361 1134 2404 άδα
1164 2366 1261 2414 (scil.
1283 2364 1426 2418 νίκην)
1459 2363 1714 2417 ἀναιρεῖσθαι

1057 2422 1113 2469 (in
1144 2423 1240 2459 ludis
1267 2423 1486 2473 Olympiacis
1516 2425 1650 2460 vincere
1682 2436 1713 2461 s.

1054 2481 1239 2516 victoriam
1261 2479 1439 2529 referre);
1471 2479 1518 2517 de
1539 2492 1614 2532 quo
1636 2478 1714 2518 vid.

1056 2542 1149 2572 nott.
1184 2535 1232 2572 ad
1264 2536 1325 2583 VI,
1362 2539 1427 2576 70.
1485 2537 1542 2572 De
1572 2537 1713 2573 Pausa-

1054 2591 1139 2638 nist,
1165 2591 1237 2629 hoc
1266 2591 1446 2644 loquendi
1475 2606 1595 2641 genus
1626 2594 1715 2629 imi-

1053 2655 1156 2684 tante
1179 2650 1277 2686 conf.
1300 2649 1456 2685 sie-belis
1478 2649 1525 2686 ad
1547 2650 1713 2687 Pausau.

1054 2705 1117 2751 VI,
1144 2707 1192 2746 15
1211 2707 1246 2750 ξ.
1266 2708 1302 2744 6.
1335 2705 1515 2742 Observat
1536 2706 1711 2744 Broeud-

1052 2760 1148 2797 sted.
1203 2762 1379 2809 (Reisen.
1410 2763 1426 2797 1
1456 2775 1542 2813 pag.
1565 2765 1638 2812 69)
1668 2775 1713 2799 ea

1053 2830 1151 2870 quae
1183 2817 1397 2855 Herodotus
1436 2818 1483 2856 de
1521 2818 1712 2857 Eualcidis
