<?xml version="1.0" encoding="UTF-8"?>
<!DOCTYPE html PUBLIC "-//W3C//DTD XHTML 1.0 Transitional//EN"
    "http://www.w3.org/TR/xhtml1/DTD/xhtml1-transitional.dtd">
<html xmlns="http://www.w3.org/1999/xhtml" xml:lang="en" lang="en">
 <head>
  <title>
</title>
<meta http-equiv="Content-Type" content="text/html;charset=utf-8" />
  <meta name='ocr-system' content='tesseract 3.04.00' />
  <meta name='ocr-capabilities' content='ocr_page ocr_carea ocr_par ocr_line ocrx_word'/>
</head>
<body>
  <div class='ocr_page' id='page_1' title='image "./musaeher03hero_0503.png"; bbox 0 0 1897 3340; ppageno 0'>
   <div class='ocr_carea' id='block_1_1' title="bbox 0 455 11 658">
    <p class='ocr_par' dir='ltr' id='par_1_1' title="bbox 0 455 11 658">
     <span class='ocr_line' id='line_1_1' title="bbox 0 455 11 658; textangle 90"><span class='ocrx_word' id='word_1_1' title='bbox 0 534 11 658; x_wconf 57' lang='lat' dir='ltr'><strong>man</strong></span> <span class='ocrx_word' id='word_1_2' title='bbox 0 498 5 516; x_wconf 58' lang='lat'><strong>2-</strong></span> <span class='ocrx_word' id='word_1_3' title='bbox 2 455 3 461; x_wconf 45' lang='lat'><em>⁴</em></span> 
     </span>
    </p>
   </div>
   <div class='ocr_carea' id='block_1_2' title="bbox 17 786 24 3340">
    <p class='ocr_par' dir='ltr' id='par_1_2' title="bbox 17 786 24 3340">
     <span class='ocr_line' id='line_1_2' title="bbox 17 786 24 3340; textangle 90"><span class='ocrx_word' id='word_1_4' title='bbox 19 3119 24 3340; x_wconf 38' lang='grc' dir='ltr'><em>..νῇ-...-</em></span> <span class='ocrx_word' id='word_1_5' title='bbox 18 2881 23 3111; x_wconf 73' lang='lat'><strong>-—--—--</strong></span> <span class='ocrx_word' id='word_1_6' title='bbox 17 1981 22 2875; x_wconf 33' lang='lat' dir='ltr'><strong>——fflw——nm——q—&lt;ae—</strong></span> <span class='ocrx_word' id='word_1_7' title='bbox 17 1656 21 1974; x_wconf 47' lang='lat' dir='ltr'><strong>——-—--—-*———--w—2—&lt;</strong></span> <span class='ocrx_word' id='word_1_8' title='bbox 17 1315 24 1643; x_wconf 38' lang='lat' dir='ltr'><strong>v———fflf--v-—Y‘</strong></span> <span class='ocrx_word' id='word_1_9' title='bbox 18 1221 22 1307; x_wconf 36' lang='lat' dir='ltr'><strong>⁴*ss</strong></span> <span class='ocrx_word' id='word_1_10' title='bbox 18 1116 22 1216; x_wconf 53' lang='lat'><strong>—-—-*</strong></span> <span class='ocrx_word' id='word_1_11' title='bbox 18 1099 20 1109; x_wconf 79' lang='lat'>—</span> <span class='ocrx_word' id='word_1_12' title='bbox 18 926 22 1089; x_wconf 39' lang='grc' dir='ltr'><strong>-ψ--ᾕ-ι-Λ,</strong></span> <span class='ocrx_word' id='word_1_13' title='bbox 18 900 22 920; x_wconf 32' lang='grc' dir='ltr'><strong>ᾗ</strong></span> <span class='ocrx_word' id='word_1_14' title='bbox 18 807 22 894; x_wconf 42' lang='grc' dir='ltr'><strong>«-,-.-.Α,</strong></span> <span class='ocrx_word' id='word_1_15' title='bbox 19 786 23 794; x_wconf 86' lang='grc'>.</span> 
     </span>
    </p>
   </div>
   <div class='ocr_carea' id='block_1_3' title="bbox 20 0 24 769">
    <p class='ocr_par' dir='ltr' id='par_1_3' title="bbox 20 0 24 769">
     <span class='ocr_line' id='line_1_3' title="bbox 20 0 24 769; baseline 0 0"><span class='ocrx_word' id='word_1_16' title='bbox 20 0 24 769; x_wconf 95' lang='lat' dir='ltr'><strong> </strong></span> 
     </span>
    </p>
   </div>
   <div class='ocr_carea' id='block_1_4' title="bbox 529 190 1468 236">
    <p class='ocr_par' dir='ltr' id='par_1_4' title="bbox 529 190 1468 236">
     <span class='ocr_line' id='line_1_4' title="bbox 529 190 1468 236; baseline -0.011 -1"><span class='ocrx_word' id='word_1_17' title='bbox 529 190 1165 236; x_wconf 83' lang='lat' dir='ltr'><strong>POLYMNIA.V11.</strong></span> <span class='ocrx_word' id='word_1_18' title='bbox 1385 194 1468 234; x_wconf 64' lang='lat'><strong>⁴89</strong></span> 
     </span>
    </p>
   </div>
   <div class='ocr_carea' id='block_1_5' title="bbox 176 297 1523 764">
    <p class='ocr_par' dir='ltr' id='par_1_5' title="bbox 176 297 1523 764">
     <span class='ocr_line' id='line_1_5' title="bbox 206 297 1466 363; baseline -0.01 -11"><span class='ocrx_word' id='word_1_19' title='bbox 206 307 370 363; x_wconf 82' lang='grc' dir='ltr'><em>δεξιὴν,</em></span> <span class='ocrx_word' id='word_1_20' title='bbox 404 306 445 357; x_wconf 80' lang='grc' dir='ltr'><strong>ἐς</strong></span> <span class='ocrx_word' id='word_1_21' title='bbox 474 304 661 359; x_wconf 74' lang='grc' dir='ltr'><em>Σάρδις,</em></span> <span class='ocrx_word' id='word_1_22' title='bbox 691 305 744 359; x_wconf 88' lang='grc' dir='ltr'><strong>τῇ</strong></span> <span class='ocrx_word' id='word_1_23' title='bbox 762 300 833 344; x_wconf 85' lang='grc' dir='ltr'><strong>καὶ</strong></span> <span class='ocrx_word' id='word_1_24' title='bbox 850 297 1131 357; x_wconf 79' lang='grc' dir='ltr'><strong><em>πορευομένῳ</em></strong></span> <span class='ocrx_word' id='word_1_25' title='bbox 1155 298 1360 353; x_wconf 82' lang='grc' dir='ltr'><em>διαβῆναι</em></span> <span class='ocrx_word' id='word_1_26' title='bbox 1388 299 1466 341; x_wconf 80' lang='grc' dir='ltr'><em>τόν</em></span> 
     </span>
     <span class='ocr_line' id='line_1_6' title="bbox 207 365 1468 428; baseline -0.009 -9"><span class='ocrx_word' id='word_1_27' title='bbox 207 376 472 428; x_wconf 83' lang='grc' dir='ltr'><em>Μαίανδρον</em></span> <span class='ocrx_word' id='word_1_28' title='bbox 500 370 696 426; x_wconf 84' lang='grc' dir='ltr'><em>ποταμὸν</em></span> <span class='ocrx_word' id='word_1_29' title='bbox 723 371 840 411; x_wconf 80' lang='grc' dir='ltr'><em>πᾶσα</em></span> <span class='ocrx_word' id='word_1_30' title='bbox 863 366 1028 422; x_wconf 73' lang='grc' dir='ltr'><em>ἀνάγκη</em></span> <span class='ocrx_word' id='word_1_31' title='bbox 1046 368 1221 422; x_wconf 74' lang='grc' dir='ltr'><em>γίνεται,</em></span> <span class='ocrx_word' id='word_1_32' title='bbox 1253 366 1326 408; x_wconf 82' lang='grc' dir='ltr'><strong>καὶ</strong></span> <span class='ocrx_word' id='word_1_33' title='bbox 1357 365 1468 408; x_wconf 79' lang='grc' dir='ltr'><em>ἰέναι</em></span> 
     </span>
     <span class='ocr_line' id='line_1_7' title="bbox 204 434 1467 496; baseline -0.008 -10"><span class='ocrx_word' id='word_1_34' title='bbox 204 441 323 496; x_wconf 78' lang='grc' dir='ltr'><em>παρὰ</em></span> <span class='ocrx_word' id='word_1_35' title='bbox 360 440 642 494; x_wconf 79' lang='grc' dir='ltr'><em>Καλλάτηβον</em></span> <span class='ocrx_word' id='word_1_36' title='bbox 670 434 821 488; x_wconf 88' lang='grc' dir='ltr'><em>πόλιν,</em></span> <span class='ocrx_word' id='word_1_37' title='bbox 864 434 912 477; x_wconf 80' lang='grc' dir='ltr'><em>ἐν</em></span> <span class='ocrx_word' id='word_1_38' title='bbox 940 439 992 492; x_wconf 83' lang='grc' dir='ltr'><strong>τῇ</strong></span> <span class='ocrx_word' id='word_1_39' title='bbox 1029 434 1186 487; x_wconf 79' lang='grc' dir='ltr'><em>ἄνδρες</em></span> <span class='ocrx_word' id='word_1_40' title='bbox 1215 434 1467 488; x_wconf 80' lang='grc' dir='ltr'><em>δημιοεργοὶ</em></span> 
     </span>
     <span class='ocr_line' id='line_1_8' title="bbox 176 499 1523 565; baseline -0.008 -12"><span class='ocrx_word' id='word_1_41' title='bbox 176 510 299 565; x_wconf 66' lang='grc' dir='ltr'><em>Ξμέλι</em></span> <span class='ocrx_word' id='word_1_42' title='bbox 329 509 374 552; x_wconf 81' lang='grc' dir='ltr'><strong>ἐκ</strong></span> <span class='ocrx_word' id='word_1_43' title='bbox 402 509 586 564; x_wconf 82' lang='grc' dir='ltr'><em>μυρίκης</em></span> <span class='ocrx_word' id='word_1_44' title='bbox 614 519 659 547; x_wconf 87' lang='grc' dir='ltr'><strong>τε</strong></span> <span class='ocrx_word' id='word_1_45' title='bbox 687 502 761 547; x_wconf 79' lang='grc' dir='ltr'><strong>καὶ</strong></span> <span class='ocrx_word' id='word_1_46' title='bbox 793 505 939 556; x_wconf 80' lang='grc' dir='ltr'><em>πυροῦ</em></span> <span class='ocrx_word' id='word_1_47' title='bbox 969 506 1163 546; x_wconf 80' lang='grc' dir='ltr'><em>ποιεῦσι·</em></span> <span class='ocrx_word' id='word_1_48' title='bbox 1193 501 1357 557; x_wconf 83' lang='grc' dir='ltr'><em>ταύτην</em></span> <span class='ocrx_word' id='word_1_49' title='bbox 1388 499 1523 544; x_wconf 73' lang='grc' dir='ltr'><em>ἰώνσο</em></span> 
     </span>
     <span class='ocr_line' id='line_1_9' title="bbox 204 565 1464 630; baseline -0.007 -10"><span class='ocrx_word' id='word_1_50' title='bbox 204 575 227 620; x_wconf 88' lang='grc' dir='ltr'>ὁ</span> <span class='ocrx_word' id='word_1_51' title='bbox 239 576 398 630; x_wconf 77' lang='grc' dir='ltr'><em>Ξέρξης</em></span> <span class='ocrx_word' id='word_1_52' title='bbox 418 574 496 629; x_wconf 77' lang='grc' dir='ltr'><em>τήν</em></span> <span class='ocrx_word' id='word_1_53' title='bbox 516 571 637 624; x_wconf 88' lang='grc' dir='ltr'><em>ὁδὸν,</em></span> <span class='ocrx_word' id='word_1_54' title='bbox 668 565 766 624; x_wconf 80' lang='grc' dir='ltr'><em>εὗρε</em></span> <span class='ocrx_word' id='word_1_55' title='bbox 786 568 1178 624; x_wconf 75' lang='grc' dir='ltr'><em>πλατάνιστον,τὴν</em></span> <span class='ocrx_word' id='word_1_56' title='bbox 1199 569 1378 619; x_wconf 78' lang='grc' dir='ltr'><em>κάλλεος</em></span> <span class='ocrx_word' id='word_1_57' title='bbox 1403 570 1464 612; x_wconf 81' lang='grc' dir='ltr'><strong>εἴ·</strong></span> 
     </span>
     <span class='ocr_line' id='line_1_10' title="bbox 203 636 1465 696; baseline -0.007 -8"><span class='ocrx_word' id='word_1_58' title='bbox 203 661 306 688; x_wconf 82' lang='grc' dir='ltr'><em>νεκα</em></span> <span class='ocrx_word' id='word_1_59' title='bbox 335 638 637 696; x_wconf 73' lang='grc' dir='ltr'><em>δωρησάμενος</em></span> <span class='ocrx_word' id='word_1_60' title='bbox 666 638 817 694; x_wconf 85' lang='grc' dir='ltr'><em>κόσμῳ</em></span> <span class='ocrx_word' id='word_1_61' title='bbox 847 639 1027 696; x_wconf 80' lang='grc' dir='ltr'><em>χρυσέῳ,</em></span> <span class='ocrx_word' id='word_1_62' title='bbox 1059 638 1133 681; x_wconf 82' lang='grc' dir='ltr'><strong>καὶ</strong></span> <span class='ocrx_word' id='word_1_63' title='bbox 1163 639 1390 693; x_wconf 76' lang='grc' dir='ltr'><em>μελεδωνῷ</em></span> <span class='ocrx_word' id='word_1_64' title='bbox 1419 636 1465 679; x_wconf 85' lang='grc' dir='ltr'><strong>οἷ-</strong></span> 
     </span>
     <span class='ocr_line' id='line_1_11' title="bbox 203 704 1466 764; baseline -0.005 -10"><span class='ocrx_word' id='word_1_65' title='bbox 203 709 381 764; x_wconf 50' lang='lat' dir='ltr'><strong>cavam</strong></span> <span class='ocrx_word' id='word_1_66' title='bbox 411 706 538 763; x_wconf 78' lang='grc' dir='ltr'><em>ἀνδρὶ</em></span> <span class='ocrx_word' id='word_1_67' title='bbox 567 705 818 762; x_wconf 77' lang='grc' dir='ltr'><em>ἐπιτρέψας,</em></span> <span class='ocrx_word' id='word_1_68' title='bbox 850 706 1028 763; x_wconf 80' lang='grc' dir='ltr'><em>δευτέρῃ</em></span> <span class='ocrx_word' id='word_1_69' title='bbox 1048 705 1184 762; x_wconf 75' lang='grc' dir='ltr'><em>ἡμέρῃ</em></span> <span class='ocrx_word' id='word_1_70' title='bbox 1215 704 1391 749; x_wconf 80' lang='grc' dir='ltr'><em>οἷπίκετο</em></span> <span class='ocrx_word' id='word_1_71' title='bbox 1423 704 1466 756; x_wconf 83' lang='grc' dir='ltr'><strong>ἐς</strong></span> 
     </span>
    </p>
   </div>
   <div class='ocr_carea' id='block_1_6' title="bbox 139 877 805 2630">
    <p class='ocr_par' dir='ltr' id='par_1_6' title="bbox 142 877 804 993">
     <span class='ocr_line' id='line_1_12' title="bbox 143 877 804 936; baseline 0.002 -15"><span class='ocrx_word' id='word_1_72' title='bbox 143 885 256 936; x_wconf 83' lang='lat' dir='ltr'><strong>phau.</strong></span> <span class='ocrx_word' id='word_1_73' title='bbox 277 886 438 936; x_wconf 81' lang='lat' dir='ltr'><strong>Byzant.</strong></span> <span class='ocrx_word' id='word_1_74' title='bbox 473 897 502 921; x_wconf 76' lang='lat' dir='ltr'><strong>s·</strong></span> <span class='ocrx_word' id='word_1_75' title='bbox 531 896 567 921; x_wconf 83' lang='lat' dir='ltr'><strong>v.</strong></span> <span class='ocrx_word' id='word_1_76' title='bbox 591 877 804 934; x_wconf 71' lang='grc' dir='ltr'><em>Καλλάτη-</em></span> 
     </span>
     <span class='ocr_line' id='line_1_13' title="bbox 142 940 437 993; baseline 0 -12"><span class='ocrx_word' id='word_1_77' title='bbox 142 943 212 993; x_wconf 84' lang='grc' dir='ltr'><strong>βος</strong></span> <span class='ocrx_word' id='word_1_78' title='bbox 233 954 319 991; x_wconf 75' lang='lat' dir='ltr'><strong>pag·</strong></span> <span class='ocrx_word' id='word_1_79' title='bbox 341 940 437 982; x_wconf 79' lang='grc'><strong>438.</strong></span> 
     </span>
    </p>

    <p class='ocr_par' dir='ltr' id='par_1_7' title="bbox 139 994 805 2181">
     <span class='ocr_line' id='line_1_14' title="bbox 199 994 804 1050; baseline -0.01 -14"><span class='ocrx_word' id='word_1_80' title='bbox 199 995 341 1050; x_wconf 74' lang='grc' dir='ltr'><em>ἄνδρες</em></span> <span class='ocrx_word' id='word_1_81' title='bbox 367 994 623 1048; x_wconf 79' lang='grc' dir='ltr'><em>δημιοεργοὶ]</em></span> <span class='ocrx_word' id='word_1_82' title='bbox 654 994 804 1032; x_wconf 86' lang='lat' dir='ltr'><strong>Eodem</strong></span> 
     </span>
     <span class='ocr_line' id='line_1_15' title="bbox 140 1049 802 1106; baseline -0.005 -14"><span class='ocrx_word' id='word_1_83' title='bbox 140 1068 252 1092; x_wconf 87' lang='lat' dir='ltr'><strong>sensu</strong></span> <span class='ocrx_word' id='word_1_84' title='bbox 298 1067 375 1092; x_wconf 84' lang='lat' dir='ltr'><strong>vox</strong></span> <span class='ocrx_word' id='word_1_85' title='bbox 421 1049 652 1106; x_wconf 85' lang='grc' dir='ltr'><em>δημιοεργὸς</em></span> <span class='ocrx_word' id='word_1_86' title='bbox 700 1052 802 1104; x_wconf 86' lang='lat' dir='ltr'><strong>apud</strong></span> 
     </span>
     <span class='ocr_line' id='line_1_16' title="bbox 139 1108 801 1162; baseline -0.005 -14"><span class='ocrx_word' id='word_1_87' title='bbox 139 1110 281 1148; x_wconf 86' lang='lat' dir='ltr'><strong>Athen.</strong></span> <span class='ocrx_word' id='word_1_88' title='bbox 303 1112 332 1159; x_wconf 90' lang='grc' dir='ltr'><strong>Ι,</strong></span> <span class='ocrx_word' id='word_1_89' title='bbox 355 1110 406 1151; x_wconf 83' lang='grc'><strong>14</strong></span> <span class='ocrx_word' id='word_1_90' title='bbox 427 1113 539 1162; x_wconf 79' lang='lat' dir='ltr'><strong>p-1S</strong></span> <span class='ocrx_word' id='word_1_91' title='bbox 568 1112 616 1147; x_wconf 89' lang='lat' dir='ltr'><strong>D.</strong></span> <span class='ocrx_word' id='word_1_92' title='bbox 637 1116 674 1146; x_wconf 80' lang='lat' dir='ltr'><strong>et</strong></span> <span class='ocrx_word' id='word_1_93' title='bbox 698 1108 801 1160; x_wconf 86' lang='lat' dir='ltr'><strong>apud</strong></span> 
     </span>
     <span class='ocr_line' id='line_1_17' title="bbox 139 1166 801 1218; baseline -0.002 -14"><span class='ocrx_word' id='word_1_94' title='bbox 139 1167 332 1204; x_wconf 80' lang='lat' dir='ltr'>Plutarch.</span> <span class='ocrx_word' id='word_1_95' title='bbox 349 1169 384 1202; x_wconf 89' lang='grc' dir='ltr'><strong>ΙΙ</strong></span> <span class='ocrx_word' id='word_1_96' title='bbox 404 1182 440 1218; x_wconf 80' lang='grc' dir='ltr'><strong>Ρ,</strong></span> <span class='ocrx_word' id='word_1_97' title='bbox 459 1170 540 1209; x_wconf 78' lang='grc'><strong>280</strong></span> <span class='ocrx_word' id='word_1_98' title='bbox 560 1169 608 1203; x_wconf 88' lang='lat' dir='ltr'><strong>D.</strong></span> <span class='ocrx_word' id='word_1_99' title='bbox 638 1167 703 1202; x_wconf 90' lang='lat' dir='ltr'><strong>Tu</strong></span> <span class='ocrx_word' id='word_1_100' title='bbox 724 1166 801 1204; x_wconf 81' lang='lat' dir='ltr'><strong>vid.</strong></span> 
     </span>
     <span class='ocr_line' id='line_1_18' title="bbox 139 1222 802 1274; baseline -0.003 -14"><span class='ocrx_word' id='word_1_101' title='bbox 139 1231 234 1262; x_wconf 85' lang='lat' dir='ltr'><strong>nott.</strong></span> <span class='ocrx_word' id='word_1_102' title='bbox 253 1222 305 1261; x_wconf 63' lang='lat' dir='ltr'><strong>&#39;ad</strong></span> <span class='ocrx_word' id='word_1_103' title='bbox 325 1225 387 1271; x_wconf 77' lang='lat' dir='ltr'><strong>IV,</strong></span> <span class='ocrx_word' id='word_1_104' title='bbox 415 1224 504 1264; x_wconf 80' lang='lat'><strong>194.</strong></span> <span class='ocrx_word' id='word_1_105' title='bbox 523 1245 578 1250; x_wconf 85' lang='lat'>—</span> <span class='ocrx_word' id='word_1_106' title='bbox 605 1225 649 1259; x_wconf 85' lang='lat' dir='ltr'><strong>In</strong></span> <span class='ocrx_word' id='word_1_107' title='bbox 670 1224 802 1274; x_wconf 82' lang='lat' dir='ltr'><strong>proxi-</strong></span> 
     </span>
     <span class='ocr_line' id='line_1_19' title="bbox 140 1279 803 1332; baseline 0.003 -15"><span class='ocrx_word' id='word_1_108' title='bbox 140 1294 205 1318; x_wconf 89' lang='lat' dir='ltr'><strong>me</strong></span> <span class='ocrx_word' id='word_1_109' title='bbox 223 1294 330 1332; x_wconf 79' lang='lat' dir='ltr'><strong>seqq.</strong></span> <span class='ocrx_word' id='word_1_110' title='bbox 351 1294 487 1318; x_wconf 87' lang='lat' dir='ltr'><strong>vocem</strong></span> <span class='ocrx_word' id='word_1_111' title='bbox 510 1279 596 1329; x_wconf 81' lang='grc' dir='ltr'><em>μέλι</em></span> <span class='ocrx_word' id='word_1_112' title='bbox 616 1287 703 1316; x_wconf 86' lang='lat' dir='ltr'><strong>ante</strong></span> <span class='ocrx_word' id='word_1_113' title='bbox 717 1295 803 1319; x_wconf 85' lang='grc' dir='ltr'><em>ποι-</em></span> 
     </span>
     <span class='ocr_line' id='line_1_20' title="bbox 142 1335 805 1387; baseline -0.008 -10"><span class='ocrx_word' id='word_1_114' title='bbox 142 1340 227 1377; x_wconf 84' lang='grc' dir='ltr'><em>εῦσι</em></span> <span class='ocrx_word' id='word_1_115' title='bbox 247 1339 363 1387; x_wconf 79' lang='lat' dir='ltr'><strong>vulgo</strong></span> <span class='ocrx_word' id='word_1_116' title='bbox 395 1335 607 1373; x_wconf 75' lang='lat' dir='ltr'>exhibitam</span> <span class='ocrx_word' id='word_1_117' title='bbox 639 1337 805 1373; x_wconf 83' lang='lat' dir='ltr'><strong>colloca-</strong></span> 
     </span>
     <span class='ocr_line' id='line_1_21' title="bbox 142 1393 804 1443; baseline -0.003 -11"><span class='ocrx_word' id='word_1_118' title='bbox 142 1396 266 1432; x_wconf 85' lang='lat' dir='ltr'><strong>vimus</strong></span> <span class='ocrx_word' id='word_1_119' title='bbox 287 1408 376 1431; x_wconf 85' lang='lat' dir='ltr'><strong>cum</strong></span> <span class='ocrx_word' id='word_1_120' title='bbox 391 1393 609 1443; x_wconf 77' lang='lat' dir='ltr'><strong>Schweigh.</strong></span> <span class='ocrx_word' id='word_1_121' title='bbox 633 1400 669 1430; x_wconf 81' lang='lat' dir='ltr'><strong>et</strong></span> <span class='ocrx_word' id='word_1_122' title='bbox 688 1394 804 1430; x_wconf 88' lang='lat' dir='ltr'><strong>Gaisf.</strong></span> 
     </span>
     <span class='ocr_line' id='line_1_22' title="bbox 144 1449 805 1502; baseline -0.002 -14"><span class='ocrx_word' id='word_1_123' title='bbox 144 1458 230 1488; x_wconf 84' lang='lat' dir='ltr'><strong>ante</strong></span> <span class='ocrx_word' id='word_1_124' title='bbox 252 1451 293 1490; x_wconf 78' lang='grc' dir='ltr'><strong>ἐκ</strong></span> <span class='ocrx_word' id='word_1_125' title='bbox 314 1450 493 1502; x_wconf 80' lang='grc' dir='ltr'><em>μυρίκης.</em></span> <span class='ocrx_word' id='word_1_126' title='bbox 542 1451 600 1487; x_wconf 88' lang='lat' dir='ltr'><strong>Ac</strong></span> <span class='ocrx_word' id='word_1_127' title='bbox 621 1449 805 1501; x_wconf 74' lang='lat' dir='ltr'><strong>Myricam</strong></span> 
     </span>
     <span class='ocr_line' id='line_1_23' title="bbox 143 1506 803 1558; baseline 0.002 -15"><span class='ocrx_word' id='word_1_128' title='bbox 143 1509 257 1558; x_wconf 83' lang='lat' dir='ltr'><strong>vulgo</strong></span> <span class='ocrx_word' id='word_1_129' title='bbox 321 1509 510 1558; x_wconf 84' lang='lat' dir='ltr'><strong>accipiunt</strong></span> <span class='ocrx_word' id='word_1_130' title='bbox 561 1506 803 1555; x_wconf 73' lang='lat' dir='ltr'><strong>Tamarz&#39;c6m3</strong></span> 
     </span>
     <span class='ocr_line' id='line_1_24' title="bbox 144 1562 803 1616; baseline -0.002 -15"><span class='ocrx_word' id='word_1_131' title='bbox 144 1565 317 1616; x_wconf 82' lang='lat' dir='ltr'><strong>quamvis</strong></span> <span class='ocrx_word' id='word_1_132' title='bbox 362 1577 439 1616; x_wconf 86' lang='lat' dir='ltr'><strong>quo</strong></span> <span class='ocrx_word' id='word_1_133' title='bbox 478 1563 595 1600; x_wconf 87' lang='lat' dir='ltr'><strong>modo</strong></span> <span class='ocrx_word' id='word_1_134' title='bbox 642 1562 714 1600; x_wconf 84' lang='lat' dir='ltr'><strong>hac</strong></span> <span class='ocrx_word' id='word_1_135' title='bbox 754 1577 803 1600; x_wconf 86' lang='lat' dir='ltr'><strong>ex</strong></span> 
     </span>
     <span class='ocr_line' id='line_1_25' title="bbox 142 1621 802 1671; baseline -0.002 -14"><span class='ocrx_word' id='word_1_136' title='bbox 142 1622 295 1671; x_wconf 81' lang='lat' dir='ltr'><strong>planta,</strong></span> <span class='ocrx_word' id='word_1_137' title='bbox 328 1634 375 1657; x_wconf 84' lang='lat' dir='ltr'><strong>ex</strong></span> <span class='ocrx_word' id='word_1_138' title='bbox 407 1622 484 1657; x_wconf 89' lang='lat' dir='ltr'><strong>eius</strong></span> <span class='ocrx_word' id='word_1_139' title='bbox 514 1621 638 1668; x_wconf 86' lang='lat' dir='ltr'><strong>soliis,</strong></span> <span class='ocrx_word' id='word_1_140' title='bbox 667 1621 802 1657; x_wconf 85' lang='lat' dir='ltr'><strong>fructi-</strong></span> 
     </span>
     <span class='ocr_line' id='line_1_26' title="bbox 141 1678 802 1728; baseline 0 -14"><span class='ocrx_word' id='word_1_141' title='bbox 141 1679 210 1715; x_wconf 89' lang='lat' dir='ltr'><strong>bus</strong></span> <span class='ocrx_word' id='word_1_142' title='bbox 231 1692 260 1715; x_wconf 88' lang='lat' dir='ltr'><strong>s.</strong></span> <span class='ocrx_word' id='word_1_143' title='bbox 273 1678 379 1715; x_wconf 87' lang='lat' dir='ltr'><strong>caule</strong></span> <span class='ocrx_word' id='word_1_144' title='bbox 390 1679 467 1714; x_wconf 81' lang='lat' dir='ltr'><strong>mel</strong></span> <span class='ocrx_word' id='word_1_145' title='bbox 482 1679 693 1728; x_wconf 84' lang='lat' dir='ltr'><strong>comparari</strong></span> <span class='ocrx_word' id='word_1_146' title='bbox 712 1690 802 1727; x_wconf 87' lang='lat' dir='ltr'><strong>pos-</strong></span> 
     </span>
     <span class='ocr_line' id='line_1_27' title="bbox 141 1734 802 1782; baseline -0.002 -11"><span class='ocrx_word' id='word_1_147' title='bbox 141 1736 208 1782; x_wconf 85' lang='lat' dir='ltr'><strong>sit,</strong></span> <span class='ocrx_word' id='word_1_148' title='bbox 231 1734 382 1771; x_wconf 85' lang='lat' dir='ltr'><strong>difficile</strong></span> <span class='ocrx_word' id='word_1_149' title='bbox 403 1734 564 1771; x_wconf 79' lang='lat' dir='ltr'><strong>dixeris:</strong></span> <span class='ocrx_word' id='word_1_150' title='bbox 595 1734 668 1770; x_wconf 86' lang='lat' dir='ltr'><strong>nisi</strong></span> <span class='ocrx_word' id='word_1_151' title='bbox 688 1735 802 1770; x_wconf 81' lang='lat' dir='ltr'><strong>aliam</strong></span> 
     </span>
     <span class='ocr_line' id='line_1_28' title="bbox 141 1789 802 1841; baseline -0.002 -14"><span class='ocrx_word' id='word_1_152' title='bbox 141 1804 290 1841; x_wconf 84' lang='lat' dir='ltr'><strong>prorsus</strong></span> <span class='ocrx_word' id='word_1_153' title='bbox 310 1792 479 1841; x_wconf 78' lang='lat' dir='ltr'>plantam</span> <span class='ocrx_word' id='word_1_154' title='bbox 500 1789 562 1827; x_wconf 90' lang='lat' dir='ltr'><strong>hic</strong></span> <span class='ocrx_word' id='word_1_155' title='bbox 582 1791 802 1840; x_wconf 82' lang='lat' dir='ltr'><strong>intelligen-</strong></span> 
     </span>
     <span class='ocr_line' id='line_1_29' title="bbox 143 1847 802 1884; baseline -0.002 -1"><span class='ocrx_word' id='word_1_156' title='bbox 143 1847 233 1884; x_wconf 82' lang='lat' dir='ltr'><strong>dam</strong></span> <span class='ocrx_word' id='word_1_157' title='bbox 254 1854 491 1884; x_wconf 84' lang='lat' dir='ltr'><strong>essestatuas.</strong></span> <span class='ocrx_word' id='word_1_158' title='bbox 522 1848 718 1883; x_wconf 78' lang='lat' dir='ltr'><strong>Immerito</strong></span> <span class='ocrx_word' id='word_1_159' title='bbox 732 1860 802 1883; x_wconf 88' lang='lat' dir='ltr'><strong>au-</strong></span> 
     </span>
     <span class='ocr_line' id='line_1_30' title="bbox 144 1901 803 1953; baseline 0 -14"><span class='ocrx_word' id='word_1_160' title='bbox 144 1911 221 1940; x_wconf 88' lang='lat' dir='ltr'><strong>tem</strong></span> <span class='ocrx_word' id='word_1_161' title='bbox 242 1903 288 1940; x_wconf 89' lang='lat' dir='ltr'><strong>de</strong></span> <span class='ocrx_word' id='word_1_162' title='bbox 308 1904 405 1941; x_wconf 78' lang='lat' dir='ltr'><strong>melle</strong></span> <span class='ocrx_word' id='word_1_163' title='bbox 423 1903 588 1941; x_wconf 78' lang='lat' dir='ltr'><strong>naturali</strong></span> <span class='ocrx_word' id='word_1_164' title='bbox 613 1901 674 1940; x_wconf 88' lang='lat' dir='ltr'><strong>hic</strong></span> <span class='ocrx_word' id='word_1_165' title='bbox 696 1904 803 1953; x_wconf 80' lang='lat' dir='ltr'><strong>cogi-</strong></span> 
     </span>
     <span class='ocr_line' id='line_1_31' title="bbox 142 1959 802 2008; baseline 0 -11"><span class='ocrx_word' id='word_1_166' title='bbox 142 1961 244 1997; x_wconf 83' lang='lat' dir='ltr'><strong>tabat</strong></span> <span class='ocrx_word' id='word_1_167' title='bbox 264 1961 453 1997; x_wconf 77' lang='lat' dir='ltr'><strong>Me&#39;ziriac.</strong></span> <span class='ocrx_word' id='word_1_168' title='bbox 476 1961 615 2008; x_wconf 84' lang='lat' dir='ltr'><strong>(Mem.</strong></span> <span class='ocrx_word' id='word_1_169' title='bbox 637 1959 684 1996; x_wconf 91' lang='lat' dir='ltr'><strong>de</strong></span> <span class='ocrx_word' id='word_1_170' title='bbox 705 1961 802 1997; x_wconf 85' lang='lat' dir='ltr'><strong>l&#39;Ac.</strong></span> 
     </span>
     <span class='ocr_line' id='line_1_32' title="bbox 143 2015 802 2067; baseline 0 -14"><span class='ocrx_word' id='word_1_171' title='bbox 143 2015 181 2054; x_wconf 90' lang='lat' dir='ltr'><strong>d.</strong></span> <span class='ocrx_word' id='word_1_172' title='bbox 202 2018 318 2054; x_wconf 85' lang='lat' dir='ltr'><strong>Inscr.</strong></span> <span class='ocrx_word' id='word_1_173' title='bbox 340 2018 396 2053; x_wconf 90' lang='lat' dir='ltr'><strong>IX</strong></span> <span class='ocrx_word' id='word_1_174' title='bbox 415 2031 454 2067; x_wconf 90' lang='lat' dir='ltr'><strong>p.</strong></span> <span class='ocrx_word' id='word_1_175' title='bbox 476 2017 549 2065; x_wconf 87' lang='grc'><strong>59)</strong></span> <span class='ocrx_word' id='word_1_176' title='bbox 571 2029 591 2052; x_wconf 91' lang='lat' dir='ltr'><strong>a</strong></span> <span class='ocrx_word' id='word_1_177' title='bbox 611 2015 802 2053; x_wconf 84' lang='lat' dir='ltr'><strong>Larchero</strong></span> 
     </span>
     <span class='ocr_line' id='line_1_33' title="bbox 143 2072 801 2125; baseline 0.002 -16"><span class='ocrx_word' id='word_1_178' title='bbox 143 2072 403 2124; x_wconf 78' lang='lat' dir='ltr'><strong>reprehensus,</strong></span> <span class='ocrx_word' id='word_1_179' title='bbox 425 2075 490 2125; x_wconf 82' lang='lat' dir='ltr'><strong>qui</strong></span> <span class='ocrx_word' id='word_1_180' title='bbox 506 2080 605 2109; x_wconf 87' lang='lat' dir='ltr'><strong>recte</strong></span> <span class='ocrx_word' id='word_1_181' title='bbox 624 2074 701 2110; x_wconf 88' lang='lat' dir='ltr'><strong>mel</strong></span> <span class='ocrx_word' id='word_1_182' title='bbox 723 2081 801 2110; x_wconf 84' lang='lat' dir='ltr'><strong>arte</strong></span> 
     </span>
     <span class='ocr_line' id='line_1_34' title="bbox 146 2129 702 2181; baseline 0.002 -15"><span class='ocrx_word' id='word_1_183' title='bbox 146 2137 320 2181; x_wconf 84' lang='lat' dir='ltr'><strong>paratum</strong></span> <span class='ocrx_word' id='word_1_184' title='bbox 340 2129 402 2167; x_wconf 87' lang='lat' dir='ltr'><strong>hic</strong></span> <span class='ocrx_word' id='word_1_185' title='bbox 427 2131 588 2180; x_wconf 82' lang='lat' dir='ltr'><strong>intelligi</strong></span> <span class='ocrx_word' id='word_1_186' title='bbox 607 2131 702 2167; x_wconf 81' lang='lat' dir='ltr'><strong>vult.</strong></span> 
     </span>
    </p>

    <p class='ocr_par' dir='ltr' id='par_1_8' title="bbox 145 2183 802 2627">
     <span class='ocr_line' id='line_1_35' title="bbox 198 2183 802 2238; baseline 0 -14"><span class='ocrx_word' id='word_1_187' title='bbox 198 2184 272 2238; x_wconf 78' lang='grc' dir='ltr'><em>τήν</em></span> <span class='ocrx_word' id='word_1_188' title='bbox 310 2183 473 2233; x_wconf 78' lang='grc' dir='ltr'><em>κάλλεος</em></span> <span class='ocrx_word' id='word_1_189' title='bbox 511 2186 642 2225; x_wconf 76' lang='grc' dir='ltr'><em>εἵνεκα</em></span> <span class='ocrx_word' id='word_1_190' title='bbox 674 2187 802 2237; x_wconf 85' lang='grc' dir='ltr'><em>δωρη-</em></span> 
     </span>
     <span class='ocr_line' id='line_1_36' title="bbox 145 2239 801 2297; baseline -0.002 -17"><span class='ocrx_word' id='word_1_191' title='bbox 145 2239 313 2293; x_wconf 73' lang='grc' dir='ltr'><em>σάμενος</em></span> <span class='ocrx_word' id='word_1_192' title='bbox 343 2240 476 2297; x_wconf 83' lang='grc' dir='ltr'><em>κόσμῳ</em></span> <span class='ocrx_word' id='word_1_193' title='bbox 501 2242 669 2295; x_wconf 68' lang='grc' dir='ltr'><em>χρυσέῳ]</em></span> <span class='ocrx_word' id='word_1_194' title='bbox 706 2245 801 2279; x_wconf 85' lang='lat' dir='ltr'><strong>Per-</strong></span> 
     </span>
     <span class='ocr_line' id='line_1_37' title="bbox 147 2298 800 2337; baseline 0.005 -4"><span class='ocrx_word' id='word_1_195' title='bbox 147 2299 265 2335; x_wconf 84' lang='lat' dir='ltr'><strong>tinent</strong></span> <span class='ocrx_word' id='word_1_196' title='bbox 285 2298 358 2335; x_wconf 89' lang='lat' dir='ltr'><strong>huc</strong></span> <span class='ocrx_word' id='word_1_197' title='bbox 378 2301 527 2336; x_wconf 79' lang='lat' dir='ltr'><strong>Aeliani</strong></span> <span class='ocrx_word' id='word_1_198' title='bbox 541 2301 656 2337; x_wconf 82' lang='lat' dir='ltr'><strong>verba</strong></span> <span class='ocrx_word' id='word_1_199' title='bbox 677 2301 722 2337; x_wconf 89' lang='lat' dir='ltr'><strong>V.</strong></span> <span class='ocrx_word' id='word_1_200' title='bbox 753 2302 800 2336; x_wconf 91' lang='lat' dir='ltr'><strong>H.</strong></span> 
     </span>
     <span class='ocr_line' id='line_1_38' title="bbox 146 2354 801 2408; baseline 0.009 -19"><span class='ocrx_word' id='word_1_201' title='bbox 146 2354 501 2401; x_wconf 79' lang='lat' dir='ltr'><strong>H,14‚ubiXerxes</strong></span> <span class='ocrx_word' id='word_1_202' title='bbox 522 2356 653 2393; x_wconf 85' lang='lat' dir='ltr'><strong>velut’</strong></span> <span class='ocrx_word' id='word_1_203' title='bbox 637 2354 801 2408; x_wconf 73' lang='grc' dir='ltr'><em>εραστής</em></span> 
     </span>
     <span class='ocr_line' id='line_1_39' title="bbox 146 2406 802 2463; baseline 0.008 -15"><span class='ocrx_word' id='word_1_204' title='bbox 146 2409 294 2458; x_wconf 77' lang='grc' dir='ltr'><em>ἐξῆψεν</em></span> <span class='ocrx_word' id='word_1_205' title='bbox 338 2406 461 2462; x_wconf 82' lang='grc' dir='ltr'><em>αυτῆς</em></span> <span class='ocrx_word' id='word_1_206' title='bbox 501 2409 653 2463; x_wconf 82' lang='grc' dir='ltr'><em>κόσμον</em></span> <span class='ocrx_word' id='word_1_207' title='bbox 681 2416 802 2452; x_wconf 82' lang='grc' dir='ltr'><em>πολυ-</em></span> 
     </span>
     <span class='ocr_line' id='line_1_40' title="bbox 146 2467 801 2533; baseline 0.009 -30"><span class='ocrx_word' id='word_1_208' title='bbox 146 2467 258 2515; x_wconf 72' lang='grc' dir='ltr'><em>τελῇ,</em></span> <span class='ocrx_word' id='word_1_209' title='bbox 301 2470 502 2533; x_wconf 82' lang='grc' dir='ltr'><em>στρεπτοῖς</em></span> <span class='ocrx_word' id='word_1_210' title='bbox 532 2468 597 2507; x_wconf 81' lang='grc' dir='ltr'><strong>καὶ</strong></span> <span class='ocrx_word' id='word_1_211' title='bbox 624 2470 801 2517; x_wconf 80' lang='grc' dir='ltr'><em>ψελλίοις</em></span> 
     </span>
     <span class='ocr_line' id='line_1_41' title="bbox 147 2519 800 2575; baseline 0.009 -17"><span class='ocrx_word' id='word_1_212' title='bbox 147 2523 272 2571; x_wconf 76' lang='grc' dir='ltr'><em>τιμῶν</em></span> <span class='ocrx_word' id='word_1_213' title='bbox 291 2536 384 2567; x_wconf 88' lang='grc' dir='ltr'><em>τους</em></span> <span class='ocrx_word' id='word_1_214' title='bbox 405 2519 574 2569; x_wconf 74' lang='grc' dir='ltr'><em>κλάδους</em></span> <span class='ocrx_word' id='word_1_215' title='bbox 602 2523 668 2563; x_wconf 81' lang='grc' dir='ltr'><strong>καὶ</strong></span> <span class='ocrx_word' id='word_1_216' title='bbox 689 2529 800 2575; x_wconf 81' lang='grc' dir='ltr'><em>μελε-</em></span> 
     </span>
     <span class='ocr_line' id='line_1_42' title="bbox 148 2573 802 2630; baseline 0.009 -15"><span class='ocrx_word' id='word_1_217' title='bbox 148 2573 276 2616; x_wconf 79' lang='grc' dir='ltr'><em>δωνόν</em></span> <span class='ocrx_word' id='word_1_218' title='bbox 313 2573 415 2630; x_wconf 71' lang='grc' dir='ltr'><strong>αὐτῇ</strong></span> <span class='ocrx_word' id='word_1_219' title='bbox 449 2578 673 2627; x_wconf 80' lang='grc' dir='ltr'><em>κατέλιπεν,</em></span> <span class='ocrx_word' id='word_1_220' title='bbox 705 2578 802 2621; x_wconf 83' lang='grc' dir='ltr'><em>ω’στε</em></span> 
     </span>
    </p>
   </div>
   <div class='ocr_carea' id='block_1_7' title="bbox 148 2631 807 2741">
    <p class='ocr_par' dir='ltr' id='par_1_9' title="bbox 148 2631 807 2741">
     <span class='ocr_line' id='line_1_43' title="bbox 148 2631 806 2686; baseline 0.009 -16"><span class='ocrx_word' id='word_1_221' title='bbox 148 2632 323 2686; x_wconf 75' lang='grc' dir='ltr'><em>ἐρωμένῃ</em></span> <span class='ocrx_word' id='word_1_222' title='bbox 344 2631 502 2682; x_wconf 79' lang='grc' dir='ltr'><em>φύλακα</em></span> <span class='ocrx_word' id='word_1_223' title='bbox 519 2633 586 2673; x_wconf 76' lang='grc' dir='ltr'><strong>καὶ</strong></span> <span class='ocrx_word' id='word_1_224' title='bbox 617 2635 806 2686; x_wconf 81' lang='grc' dir='ltr'><em>φρουράν.</em></span> 
     </span>
     <span class='ocr_line' id='line_1_44' title="bbox 149 2689 807 2741; baseline 0.008 -17"><span class='ocrx_word' id='word_1_225' title='bbox 149 2689 282 2724; x_wconf 76' lang='lat' dir='ltr'><strong>Tzetz.</strong></span> <span class='ocrx_word' id='word_1_226' title='bbox 318 2689 365 2726; x_wconf 82' lang='lat' dir='ltr'><strong>ad</strong></span> <span class='ocrx_word' id='word_1_227' title='bbox 394 2689 586 2741; x_wconf 77' lang='lat' dir='ltr'><strong>Lycophr.</strong></span> <span class='ocrx_word' id='word_1_228' title='bbox 619 2704 670 2729; x_wconf 81' lang='lat' dir='ltr'><strong>vs,</strong></span> <span class='ocrx_word' id='word_1_229' title='bbox 702 2692 807 2733; x_wconf 78' lang='lat'>1432</span> 
     </span>
    </p>
   </div>
   <div class='ocr_carea' id='block_1_8' title="bbox 152 2743 809 2855">
    <p class='ocr_par' dir='ltr' id='par_1_10' title="bbox 152 2743 809 2855">
     <span class='ocr_line' id='line_1_45' title="bbox 152 2743 809 2794; baseline 0.009 -14"><span class='ocrx_word' id='word_1_230' title='bbox 152 2758 188 2794; x_wconf 80' lang='lat' dir='ltr'><strong>p.</strong></span> <span class='ocrx_word' id='word_1_231' title='bbox 216 2747 315 2785; x_wconf 76' lang='grc'>1037</span> <span class='ocrx_word' id='word_1_232' title='bbox 338 2747 420 2786; x_wconf 83' lang='lat' dir='ltr'><strong>Vol.</strong></span> <span class='ocrx_word' id='word_1_233' title='bbox 443 2748 475 2782; x_wconf 89' lang='lat' dir='ltr'><strong>ll</strong></span> <span class='ocrx_word' id='word_1_234' title='bbox 497 2747 603 2783; x_wconf 75' lang='lat' dir='ltr'><strong>Mtill.</strong></span> <span class='ocrx_word' id='word_1_235' title='bbox 627 2743 719 2785; x_wconf 69' lang='grc' dir='ltr'><strong>καθ’</strong></span> <span class='ocrx_word' id='word_1_236' title='bbox 734 2746 809 2786; x_wconf 58' lang='grc' dir='ltr'><strong>ιἨ-</strong></span> 
     </span>
     <span class='ocr_line' id='line_1_46' title="bbox 155 2795 809 2855; baseline 0.006 -16"><span class='ocrx_word' id='word_1_237' title='bbox 155 2795 321 2851; x_wconf 84' lang='grc' dir='ltr'><em>ρόδοτον</em></span> <span class='ocrx_word' id='word_1_238' title='bbox 347 2803 397 2840; x_wconf 81' lang='lat' dir='ltr'><strong>ait</strong></span> <span class='ocrx_word' id='word_1_239' title='bbox 428 2799 645 2855; x_wconf 72' lang='grc' dir='ltr'><em>ἑχρύσωσεν</em></span> <span class='ocrx_word' id='word_1_240' title='bbox 684 2799 809 2854; x_wconf 70' lang='grc' dir='ltr'><em>αὐτήν</em></span> 
     </span>
    </p>
   </div>
   <div class='ocr_carea' id='block_1_9' title="bbox 856 876 1525 2855">
    <p class='ocr_par' dir='ltr' id='par_1_11' title="bbox 856 876 1524 1660">
     <span class='ocr_line' id='line_1_47' title="bbox 861 876 1523 930; baseline -0.011 -9"><span class='ocrx_word' id='word_1_241' title='bbox 861 878 927 921; x_wconf 77' lang='grc' dir='ltr'><strong>διοέ</strong></span> <span class='ocrx_word' id='word_1_242' title='bbox 947 877 991 921; x_wconf 75' lang='grc' dir='ltr'><strong>τό</strong></span> <span class='ocrx_word' id='word_1_243' title='bbox 1014 876 1169 927; x_wconf 75' lang='grc' dir='ltr'><strong>κάλλος,</strong></span> <span class='ocrx_word' id='word_1_244' title='bbox 1202 879 1382 930; x_wconf 85' lang='lat' dir='ltr'><strong>deceptus</strong></span> <span class='ocrx_word' id='word_1_245' title='bbox 1408 891 1523 915; x_wconf 81' lang='lat' dir='ltr'><strong>aurea</strong></span> 
     </span>
     <span class='ocr_line' id='line_1_48' title="bbox 859 937 1521 989; baseline -0.002 -15"><span class='ocrx_word' id='word_1_246' title='bbox 859 939 1013 989; x_wconf 84' lang='lat' dir='ltr'><strong>platano</strong></span> <span class='ocrx_word' id='word_1_247' title='bbox 1043 951 1124 988; x_wconf 84' lang='lat' dir='ltr'><strong>cap.</strong></span> <span class='ocrx_word' id='word_1_248' title='bbox 1147 940 1222 986; x_wconf 78' lang='lat'><strong>27,</strong></span> <span class='ocrx_word' id='word_1_249' title='bbox 1244 938 1357 987; x_wconf 83' lang='lat' dir='ltr'><strong>plane</strong></span> <span class='ocrx_word' id='word_1_250' title='bbox 1378 943 1419 973; x_wconf 87' lang='lat' dir='ltr'><strong>ut</strong></span> <span class='ocrx_word' id='word_1_251' title='bbox 1448 937 1521 973; x_wconf 89' lang='lat' dir='ltr'><strong>Dio</strong></span> 
     </span>
     <span class='ocr_line' id='line_1_49' title="bbox 861 991 1522 1046; baseline -0.005 -14"><span class='ocrx_word' id='word_1_252' title='bbox 861 995 1056 1046; x_wconf 85' lang='lat' dir='ltr'><strong>Chrysost.</strong></span> <span class='ocrx_word' id='word_1_253' title='bbox 1077 995 1219 1034; x_wconf 77' lang='lat' dir='ltr'><strong>Homil.</strong></span> <span class='ocrx_word' id='word_1_254' title='bbox 1241 995 1309 1031; x_wconf 90' lang='lat' dir='ltr'><strong>VII</strong></span> <span class='ocrx_word' id='word_1_255' title='bbox 1329 995 1366 1030; x_wconf 88' lang='lat' dir='ltr'><strong>in</strong></span> <span class='ocrx_word' id='word_1_256' title='bbox 1383 995 1456 1043; x_wconf 90' lang='lat' dir='ltr'><strong>Ep.</strong></span> <span class='ocrx_word' id='word_1_257' title='bbox 1473 991 1522 1029; x_wconf 87' lang='lat' dir='ltr'><strong>ad</strong></span> 
     </span>
     <span class='ocr_line' id='line_1_50' title="bbox 861 1051 1523 1102; baseline -0.006 -13"><span class='ocrx_word' id='word_1_258' title='bbox 861 1053 1003 1089; x_wconf 87' lang='lat' dir='ltr'><strong>Coloss.</strong></span> <span class='ocrx_word' id='word_1_259' title='bbox 1043 1064 1131 1102; x_wconf 79' lang='lat' dir='ltr'><strong>pag.</strong></span> <span class='ocrx_word' id='word_1_260' title='bbox 1165 1053 1246 1091; x_wconf 84' lang='lat'><strong>377</strong></span> <span class='ocrx_word' id='word_1_261' title='bbox 1282 1053 1329 1087; x_wconf 89' lang='lat' dir='ltr'><strong>B.</strong></span> <span class='ocrx_word' id='word_1_262' title='bbox 1385 1051 1523 1086; x_wconf 79' lang='lat' dir='ltr'><strong>Attulit</strong></span> 
     </span>
     <span class='ocr_line' id='line_1_51' title="bbox 856 1103 1524 1159; baseline -0.003 -13"><span class='ocrx_word' id='word_1_263' title='bbox 856 1109 1148 1159; x_wconf 78' lang='lat' dir='ltr'><strong>VVesselingius.</strong></span> <span class='ocrx_word' id='word_1_264' title='bbox 1170 1108 1354 1144; x_wconf 85' lang='lat' dir='ltr'><strong>Voculam</strong></span> <span class='ocrx_word' id='word_1_265' title='bbox 1369 1103 1524 1157; x_wconf 85' lang='grc' dir='ltr'><em>κόσμον</em></span> 
     </span>
     <span class='ocr_line' id='line_1_52' title="bbox 858 1165 1523 1213; baseline -0.006 -10"><span class='ocrx_word' id='word_1_266' title='bbox 858 1165 905 1203; x_wconf 88' lang='lat' dir='ltr'><strong>de</strong></span> <span class='ocrx_word' id='word_1_267' title='bbox 927 1172 1062 1202; x_wconf 85' lang='lat' dir='ltr'><strong>ornatu</strong></span> <span class='ocrx_word' id='word_1_268' title='bbox 1078 1165 1253 1201; x_wconf 81' lang='lat' dir='ltr'><strong>muliebri</strong></span> <span class='ocrx_word' id='word_1_269' title='bbox 1272 1165 1432 1213; x_wconf 80' lang='lat' dir='ltr'><strong>intelligi</strong></span> <span class='ocrx_word' id='word_1_270' title='bbox 1452 1176 1523 1200; x_wconf 87' lang='lat' dir='ltr'><strong>vo-</strong></span> 
     </span>
     <span class='ocr_line' id='line_1_53' title="bbox 857 1219 1522 1260; baseline -0.005 -1"><span class='ocrx_word' id='word_1_271' title='bbox 857 1223 927 1260; x_wconf 83' lang='lat' dir='ltr'><strong>luit</strong></span> <span class='ocrx_word' id='word_1_272' title='bbox 947 1221 1125 1260; x_wconf 77' lang='lat' dir='ltr'><strong>Larclier.</strong></span> <span class='ocrx_word' id='word_1_273' title='bbox 1154 1221 1276 1257; x_wconf 83' lang='lat' dir='ltr'><strong>Creu</strong></span> <span class='ocrx_word' id='word_1_274' title='bbox 1289 1236 1322 1257; x_wconf 82' lang='lat' dir='ltr'><strong>z.</strong></span> <span class='ocrx_word' id='word_1_275' title='bbox 1344 1219 1438 1257; x_wconf 84' lang='lat' dir='ltr'><strong>haec</strong></span> <span class='ocrx_word' id='word_1_276' title='bbox 1452 1219 1522 1256; x_wconf 88' lang='lat' dir='ltr'><strong>ad-</strong></span> 
     </span>
     <span class='ocr_line' id='line_1_54' title="bbox 860 1279 1522 1330; baseline -0.006 -14"><span class='ocrx_word' id='word_1_277' title='bbox 860 1280 1058 1330; x_wconf 75' lang='lat' dir='ltr'><strong>scripscrat</strong></span> <span class='ocrx_word' id='word_1_278' title='bbox 1072 1291 1081 1315; x_wconf 90' lang='lat'><strong>:</strong></span> <span class='ocrx_word' id='word_1_279' title='bbox 1105 1279 1188 1326; x_wconf 83' lang='lat' dir='ltr'><strong>„De</strong></span> <span class='ocrx_word' id='word_1_280' title='bbox 1201 1279 1443 1327; x_wconf 75' lang='lat' dir='ltr'><strong>platanorum</strong></span> <span class='ocrx_word' id='word_1_281' title='bbox 1454 1290 1522 1327; x_wconf 87' lang='lat' dir='ltr'><strong>per</strong></span> 
     </span>
     <span class='ocr_line' id='line_1_55' title="bbox 862 1333 1522 1386; baseline -0.005 -14"><span class='ocrx_word' id='word_1_282' title='bbox 862 1337 1064 1373; x_wconf 77' lang='lat' dir='ltr'><strong>Graeciam</strong></span> <span class='ocrx_word' id='word_1_283' title='bbox 1085 1333 1342 1386; x_wconf 84' lang='lat' dir='ltr'><strong>pulcritudine</strong></span> <span class='ocrx_word' id='word_1_284' title='bbox 1364 1341 1401 1370; x_wconf 90' lang='lat' dir='ltr'><strong>et</strong></span> <span class='ocrx_word' id='word_1_285' title='bbox 1420 1346 1522 1370; x_wconf 85' lang='lat' dir='ltr'><strong>non-</strong></span> 
     </span>
     <span class='ocr_line' id='line_1_56' title="bbox 860 1390 1522 1442; baseline -0.003 -13"><span class='ocrx_word' id='word_1_286' title='bbox 860 1394 1055 1429; x_wconf 81' lang='lat' dir='ltr'><strong>nullarum</strong></span> <span class='ocrx_word' id='word_1_287' title='bbox 1067 1390 1317 1442; x_wconf 83' lang='lat' dir='ltr'><strong>amplitudine</strong></span> <span class='ocrx_word' id='word_1_288' title='bbox 1329 1391 1522 1441; x_wconf 81' lang='lat' dir='ltr'><strong>agitLiber</strong></span> 
     </span>
     <span class='ocr_line' id='line_1_57' title="bbox 860 1447 1521 1498; baseline -0.005 -12"><span class='ocrx_word' id='word_1_289' title='bbox 860 1451 959 1486; x_wconf 82' lang='lat' dir='ltr'><strong>Baro</strong></span> <span class='ocrx_word' id='word_1_290' title='bbox 984 1449 1031 1486; x_wconf 90' lang='lat' dir='ltr'><strong>de</strong></span> <span class='ocrx_word' id='word_1_291' title='bbox 1053 1447 1303 1498; x_wconf 79' lang='lat' dir='ltr'><strong>Stackelberg</strong></span> <span class='ocrx_word' id='word_1_292' title='bbox 1330 1449 1370 1484; x_wconf 88' lang='lat' dir='ltr'><strong>in</strong></span> <span class='ocrx_word' id='word_1_293' title='bbox 1393 1461 1521 1498; x_wconf 81' lang='lat' dir='ltr'><strong>opere,</strong></span> 
     </span>
     <span class='ocr_line' id='line_1_58' title="bbox 862 1505 1524 1558; baseline -0.003 -16"><span class='ocrx_word' id='word_1_294' title='bbox 862 1505 966 1558; x_wconf 89' lang='lat' dir='ltr'><strong>quod</strong></span> <span class='ocrx_word' id='word_1_295' title='bbox 987 1506 1223 1543; x_wconf 85' lang='lat' dir='ltr'><strong>inscribitur:</strong></span> <span class='ocrx_word' id='word_1_296' title='bbox 1261 1506 1338 1541; x_wconf 85' lang='lat' dir='ltr'><strong>Der</strong></span> <span class='ocrx_word' id='word_1_297' title='bbox 1364 1505 1524 1555; x_wconf 87' lang='lat' dir='ltr'><strong>Apollo-</strong></span> 
     </span>
     <span class='ocr_line' id='line_1_59' title="bbox 859 1559 1523 1613; baseline 0 -14"><span class='ocrx_word' id='word_1_298' title='bbox 859 1564 1004 1613; x_wconf 85' lang='lat' dir='ltr'><strong>tempel</strong></span> <span class='ocrx_word' id='word_1_299' title='bbox 1017 1576 1066 1599; x_wconf 91' lang='lat' dir='ltr'><strong>zu</strong></span> <span class='ocrx_word' id='word_1_300' title='bbox 1085 1564 1235 1599; x_wconf 76' lang='lat' dir='ltr'><strong>Bassae.</strong></span> <span class='ocrx_word' id='word_1_301' title='bbox 1257 1574 1346 1613; x_wconf 86' lang='lat' dir='ltr'><strong>pag.</strong></span> <span class='ocrx_word' id='word_1_302' title='bbox 1376 1559 1426 1602; x_wconf 78' lang='lat'><strong>14</strong></span> <span class='ocrx_word' id='word_1_303' title='bbox 1443 1568 1523 1599; x_wconf 84' lang='lat' dir='ltr'><strong>not.</strong></span> 
     </span>
     <span class='ocr_line' id='line_1_60' title="bbox 863 1621 953 1660; baseline -0.011 -20"><span class='ocrx_word' id='word_1_304' title='bbox 863 1621 953 1660; x_wconf 55' lang='grc' dir='ltr'><strong>12ιίί</strong></span> 
     </span>
    </p>

    <p class='ocr_par' dir='ltr' id='par_1_12' title="bbox 857 1669 1525 2855">
     <span class='ocr_line' id='line_1_61' title="bbox 895 1669 1524 1727; baseline -0.002 -13"><span class='ocrx_word' id='word_1_305' title='bbox 895 1674 962 1714; x_wconf 84' lang='grc' dir='ltr'><strong>καὶ</strong></span> <span class='ocrx_word' id='word_1_306' title='bbox 977 1675 1187 1727; x_wconf 75' lang='grc' dir='ltr'><em>μελεδωνῷ</em></span> <span class='ocrx_word' id='word_1_307' title='bbox 1200 1669 1391 1727; x_wconf 69' lang='grc' dir='ltr'><em>αθανιῖτῳ</em></span> <span class='ocrx_word' id='word_1_308' title='bbox 1405 1669 1524 1725; x_wconf 68' lang='grc' dir='ltr'><em>ἀνδρὶ</em></span> 
     </span>
     <span class='ocr_line' id='line_1_62' title="bbox 858 1730 1524 1784; baseline -0.009 -12"><span class='ocrx_word' id='word_1_309' title='bbox 858 1731 1091 1784; x_wconf 78' lang='grc' dir='ltr'><em>ἐπιτρέψας]</em></span> <span class='ocrx_word' id='word_1_310' title='bbox 1103 1732 1319 1768; x_wconf 86' lang='lat' dir='ltr'><strong>Immerito</strong></span> <span class='ocrx_word' id='word_1_311' title='bbox 1309 1744 1349 1767; x_wconf 82' lang='lat' dir='ltr'><strong>ln</strong></span> <span class='ocrx_word' id='word_1_312' title='bbox 1361 1730 1416 1767; x_wconf 82' lang='lat' dir='ltr'><strong>his</strong></span> <span class='ocrx_word' id='word_1_313' title='bbox 1428 1744 1524 1767; x_wconf 87' lang='lat' dir='ltr'><strong>ver-</strong></span> 
     </span>
     <span class='ocr_line' id='line_1_63' title="bbox 858 1783 1524 1841; baseline -0.006 -15"><span class='ocrx_word' id='word_1_314' title='bbox 858 1790 914 1826; x_wconf 90' lang='lat' dir='ltr'><strong>bis</strong></span> <span class='ocrx_word' id='word_1_315' title='bbox 926 1788 1083 1825; x_wconf 82' lang='lat' dir='ltr'><strong>haerent</strong></span> <span class='ocrx_word' id='word_1_316' title='bbox 1105 1801 1173 1839; x_wconf 90' lang='lat' dir='ltr'><strong>pro</strong></span> <span class='ocrx_word' id='word_1_317' title='bbox 1187 1783 1378 1841; x_wconf 68' lang='grc' dir='ltr'><em>ἀθανάτῳ</em></span> <span class='ocrx_word' id='word_1_318' title='bbox 1389 1787 1524 1824; x_wconf 86' lang='lat' dir='ltr'><strong>rescri-</strong></span> 
     </span>
     <span class='ocr_line' id='line_1_64' title="bbox 858 1839 1523 1884; baseline -0.006 -1"><span class='ocrx_word' id='word_1_319' title='bbox 858 1846 991 1883; x_wconf 87' lang='lat' dir='ltr'><strong>bentes</strong></span> <span class='ocrx_word' id='word_1_320' title='bbox 1005 1839 1113 1884; x_wconf 71' lang='grc' dir='ltr'><em>αθαν</em></span> <span class='ocrx_word' id='word_1_321' title='bbox 1107 1842 1246 1883; x_wconf 65' lang='lat' dir='ltr'><strong>dtmv:</strong></span> <span class='ocrx_word' id='word_1_322' title='bbox 1261 1844 1523 1881; x_wconf 76' lang='lat' dir='ltr'><strong>custodzendam</strong></span> 
     </span>
     <span class='ocr_line' id='line_1_65' title="bbox 859 1902 1524 1939; baseline -0.005 0"><span class='ocrx_word' id='word_1_323' title='bbox 859 1902 1030 1939; x_wconf 80' lang='lat' dir='ltr'><strong>mandans</strong></span> <span class='ocrx_word' id='word_1_324' title='bbox 1062 1902 1216 1939; x_wconf 78' lang='lat' dir='ltr'><strong>arborem</strong></span> <span class='ocrx_word' id='word_1_325' title='bbox 1258 1913 1340 1938; x_wconf 79' lang='lat' dir='ltr'><strong>um</strong></span> <span class='ocrx_word' id='word_1_326' title='bbox 1371 1912 1422 1937; x_wconf 71' lang='lat' dir='ltr'><strong>ez·</strong></span> <span class='ocrx_word' id='word_1_327' title='bbox 1446 1912 1524 1937; x_wconf 77' lang='lat' dir='ltr'><strong>zm-</strong></span> 
     </span>
     <span class='ocr_line' id='line_1_66' title="bbox 859 1957 1524 2008; baseline -0.005 -13"><span class='ocrx_word' id='word_1_328' title='bbox 859 1958 1135 1995; x_wconf 74' lang='lat' dir='ltr'><strong>mortalium</strong></span> <span class='ocrx_word' id='word_1_329' title='bbox 1165 1957 1362 2003; x_wconf 73' lang='lat' dir='ltr'><strong>cohorti,</strong></span> <span class='ocrx_word' id='word_1_330' title='bbox 1385 1969 1524 2008; x_wconf 88' lang='lat' dir='ltr'><strong>quem-</strong></span> 
     </span>
     <span class='ocr_line' id='line_1_67' title="bbox 860 2013 1522 2064; baseline -0.002 -14"><span class='ocrx_word' id='word_1_331' title='bbox 860 2014 1072 2052; x_wconf 83' lang='lat' dir='ltr'><strong>admodum</strong></span> <span class='ocrx_word' id='word_1_332' title='bbox 1097 2013 1199 2064; x_wconf 81' lang='lat' dir='ltr'><strong>apud</strong></span> <span class='ocrx_word' id='word_1_333' title='bbox 1227 2015 1391 2050; x_wconf 84' lang='lat' dir='ltr'><strong>Pausan.</strong></span> <span class='ocrx_word' id='word_1_334' title='bbox 1412 2014 1474 2060; x_wconf 83' lang='lat' dir='ltr'><strong>VI,</strong></span> <span class='ocrx_word' id='word_1_335' title='bbox 1497 2013 1522 2054; x_wconf 87' lang='lat'><em>5</em></span> 
     </span>
     <span class='ocr_line' id='line_1_68' title="bbox 860 2069 1524 2121; baseline -0.006 -11"><span class='ocrx_word' id='word_1_336' title='bbox 860 2072 896 2117; x_wconf 65' lang='grc' dir='ltr'><strong>ξ.</strong></span> <span class='ocrx_word' id='word_1_337' title='bbox 921 2074 960 2112; x_wconf 80' lang='grc'><strong>3.</strong></span> <span class='ocrx_word' id='word_1_338' title='bbox 1017 2072 1122 2108; x_wconf 86' lang='lat' dir='ltr'><strong>Libri</strong></span> <span class='ocrx_word' id='word_1_339' title='bbox 1142 2071 1269 2121; x_wconf 84' lang='lat' dir='ltr'><strong>scripti</strong></span> <span class='ocrx_word' id='word_1_340' title='bbox 1287 2083 1366 2106; x_wconf 84' lang='lat' dir='ltr'><strong>non</strong></span> <span class='ocrx_word' id='word_1_341' title='bbox 1387 2069 1524 2107; x_wconf 83' lang='lat' dir='ltr'><strong>suffra-</strong></span> 
     </span>
     <span class='ocr_line' id='line_1_69' title="bbox 858 2128 1524 2179; baseline -0.003 -15"><span class='ocrx_word' id='word_1_342' title='bbox 858 2135 997 2178; x_wconf 82' lang='lat' dir='ltr'><strong>gantur</strong></span> <span class='ocrx_word' id='word_1_343' title='bbox 1045 2141 1172 2179; x_wconf 83' lang='lat' dir='ltr'><strong>neque</strong></span> <span class='ocrx_word' id='word_1_344' title='bbox 1224 2128 1381 2164; x_wconf 86' lang='lat' dir='ltr'><strong>omnino</strong></span> <span class='ocrx_word' id='word_1_345' title='bbox 1430 2139 1524 2176; x_wconf 86' lang='lat' dir='ltr'><strong>opus</strong></span> 
     </span>
     <span class='ocr_line' id='line_1_70' title="bbox 860 2184 1524 2236; baseline -0.003 -15"><span class='ocrx_word' id='word_1_346' title='bbox 860 2184 1072 2236; x_wconf 85' lang='lat' dir='ltr'><strong>quidquam</strong></span> <span class='ocrx_word' id='word_1_347' title='bbox 1091 2191 1251 2232; x_wconf 84' lang='lat' dir='ltr'><strong>mutare⁷</strong></span> <span class='ocrx_word' id='word_1_348' title='bbox 1273 2185 1302 2221; x_wconf 91' lang='lat' dir='ltr'><strong>si</strong></span> <span class='ocrx_word' id='word_1_349' title='bbox 1325 2196 1421 2234; x_wconf 85' lang='lat' dir='ltr'><strong>quae</strong></span> <span class='ocrx_word' id='word_1_350' title='bbox 1443 2185 1524 2234; x_wconf 85' lang='lat' dir='ltr'><strong>ipse</strong></span> 
     </span>
     <span class='ocr_line' id='line_1_71' title="bbox 860 2239 1523 2288; baseline -0.005 -10"><span class='ocrx_word' id='word_1_351' title='bbox 860 2240 1077 2278; x_wconf 89' lang='lat' dir='ltr'><strong>Herodotus</strong></span> <span class='ocrx_word' id='word_1_352' title='bbox 1114 2242 1194 2285; x_wconf 69' lang='lat' dir='ltr'><strong>Vll,</strong></span> <span class='ocrx_word' id='word_1_353' title='bbox 1227 2242 1279 2280; x_wconf 77' lang='grc'><strong>83</strong></span> <span class='ocrx_word' id='word_1_354' title='bbox 1314 2239 1523 2288; x_wconf 77' lang='lat' dir='ltr'><strong>tradiderit,</strong></span> 
     </span>
     <span class='ocr_line' id='line_1_72' title="bbox 859 2292 1524 2349; baseline 0.003 -15"><span class='ocrx_word' id='word_1_355' title='bbox 859 2299 1116 2349; x_wconf 84' lang='lat' dir='ltr'><strong>respiciamus.</strong></span> <span class='ocrx_word' id='word_1_356' title='bbox 1165 2299 1340 2349; x_wconf 84' lang='lat' dir='ltr'><strong>Namque</strong></span> <span class='ocrx_word' id='word_1_357' title='bbox 1368 2292 1524 2336; x_wconf 63' lang='grc' dir='ltr'><em>ἀθάνα-</em></span> 
     </span>
     <span class='ocr_line' id='line_1_73' title="bbox 857 2350 1524 2406; baseline -0.007 -12"><span class='ocrx_word' id='word_1_358' title='bbox 857 2369 924 2401; x_wconf 86' lang='grc' dir='ltr'><strong>τος</strong></span> <span class='ocrx_word' id='word_1_359' title='bbox 953 2350 1058 2406; x_wconf 71' lang='grc' dir='ltr'><em>οἷνῆρ</em></span> <span class='ocrx_word' id='word_1_360' title='bbox 1092 2354 1130 2392; x_wconf 88' lang='lat' dir='ltr'><strong>h.</strong></span> <span class='ocrx_word' id='word_1_361' title='bbox 1165 2355 1191 2391; x_wconf 91' lang='lat' dir='ltr'><strong>l.</strong></span> <span class='ocrx_word' id='word_1_362' title='bbox 1221 2361 1277 2390; x_wconf 84' lang='lat' dir='ltr'><strong>est</strong></span> <span class='ocrx_word' id='word_1_363' title='bbox 1318 2354 1524 2390; x_wconf 70' lang='lat' dir='ltr'><strong>immortalis</strong></span> 
     </span>
     <span class='ocr_line' id='line_1_74' title="bbox 859 2411 1522 2461; baseline -0.003 -13"><span class='ocrx_word' id='word_1_364' title='bbox 859 2413 922 2461; x_wconf 78' lang='lat' dir='ltr'><strong>qui</strong></span> <span class='ocrx_word' id='word_1_365' title='bbox 949 2416 1097 2448; x_wconf 77' lang='lat' dir='ltr'><strong>vocatur</strong></span> <span class='ocrx_word' id='word_1_366' title='bbox 1123 2413 1201 2460; x_wconf 77' lang='lat' dir='ltr'><strong>vir,</strong></span> <span class='ocrx_word' id='word_1_367' title='bbox 1239 2411 1316 2447; x_wconf 85' lang='lat' dir='ltr'><strong>sive</strong></span> <span class='ocrx_word' id='word_1_368' title='bbox 1345 2411 1453 2447; x_wconf 87' lang='lat' dir='ltr'><strong>miles</strong></span> <span class='ocrx_word' id='word_1_369' title='bbox 1474 2423 1522 2446; x_wconf 86' lang='lat' dir='ltr'><strong>ex</strong></span> 
     </span>
     <span class='ocr_line' id='line_1_75' title="bbox 859 2466 1523 2519; baseline -0.005 -14"><span class='ocrx_word' id='word_1_370' title='bbox 859 2481 992 2505; x_wconf 86' lang='lat' dir='ltr'><strong>eorum</strong></span> <span class='ocrx_word' id='word_1_371' title='bbox 1013 2467 1189 2515; x_wconf 87' lang='lat' dir='ltr'><strong>cohorte,</strong></span> <span class='ocrx_word' id='word_1_372' title='bbox 1221 2468 1286 2519; x_wconf 89' lang='lat' dir='ltr'><strong>qui</strong></span> <span class='ocrx_word' id='word_1_373' title='bbox 1305 2466 1407 2517; x_wconf 87' lang='lat' dir='ltr'><strong>apud</strong></span> <span class='ocrx_word' id='word_1_374' title='bbox 1426 2468 1523 2502; x_wconf 91' lang='lat' dir='ltr'><strong>Per—</strong></span> 
     </span>
     <span class='ocr_line' id='line_1_76' title="bbox 858 2522 1522 2562; baseline -0.006 0"><span class='ocrx_word' id='word_1_375' title='bbox 858 2538 916 2562; x_wconf 86' lang='lat' dir='ltr'><strong>sas</strong></span> <span class='ocrx_word' id='word_1_376' title='bbox 944 2525 1198 2562; x_wconf 69' lang='lat' dir='ltr'><strong>Immortalium</strong></span> <span class='ocrx_word' id='word_1_377' title='bbox 1226 2525 1384 2560; x_wconf 86' lang='lat' dir='ltr'><strong>nomine</strong></span> <span class='ocrx_word' id='word_1_378' title='bbox 1419 2522 1522 2559; x_wconf 84' lang='lat' dir='ltr'><strong>indi-</strong></span> 
     </span>
     <span class='ocr_line' id='line_1_77' title="bbox 861 2581 1525 2631; baseline -0.003 -14"><span class='ocrx_word' id='word_1_379' title='bbox 861 2582 1066 2629; x_wconf 84' lang='lat' dir='ltr'><strong>cabantur3</strong></span> <span class='ocrx_word' id='word_1_380' title='bbox 1106 2588 1148 2618; x_wconf 90' lang='lat' dir='ltr'><strong>ut</strong></span> <span class='ocrx_word' id='word_1_381' title='bbox 1178 2581 1238 2618; x_wconf 85' lang='lat' dir='ltr'><strong>vel</strong></span> <span class='ocrx_word' id='word_1_382' title='bbox 1273 2581 1383 2616; x_wconf 87' lang='lat' dir='ltr'><strong>nimis</strong></span> <span class='ocrx_word' id='word_1_383' title='bbox 1406 2593 1525 2631; x_wconf 83' lang='lat' dir='ltr'><strong>quae-</strong></span> 
     </span>
     <span class='ocr_line' id='line_1_78' title="bbox 862 2635 1524 2688; baseline -0.005 -15"><span class='ocrx_word' id='word_1_384' title='bbox 862 2638 931 2673; x_wconf 82' lang='lat' dir='ltr'><strong>sita</strong></span> <span class='ocrx_word' id='word_1_385' title='bbox 967 2637 1190 2684; x_wconf 77' lang='lat' dir='ltr'><strong>videantur⁷</strong></span> <span class='ocrx_word' id='word_1_386' title='bbox 1222 2649 1320 2688; x_wconf 79' lang='lat' dir='ltr'><strong>quae</strong></span> <span class='ocrx_word' id='word_1_387' title='bbox 1360 2635 1408 2672; x_wconf 83' lang='lat' dir='ltr'><strong>ad</strong></span> <span class='ocrx_word' id='word_1_388' title='bbox 1438 2635 1524 2671; x_wconf 80' lang='lat' dir='ltr'><strong>h.1.</strong></span> 
     </span>
     <span class='ocr_line' id='line_1_79' title="bbox 863 2687 1524 2742; baseline -0.006 -12"><span class='ocrx_word' id='word_1_389' title='bbox 863 2694 1035 2730; x_wconf 82' lang='lat' dir='ltr'><strong>observat</strong></span> <span class='ocrx_word' id='word_1_390' title='bbox 1068 2692 1453 2742; x_wconf 75' lang='lat' dir='ltr'><strong>Sclmeighaeuserus</strong></span> <span class='ocrx_word' id='word_1_391' title='bbox 1476 2687 1524 2727; x_wconf 73' lang='grc' dir='ltr'><strong>α’-</strong></span> 
     </span>
     <span class='ocr_line' id='line_1_80' title="bbox 864 2723 1524 2801; baseline -0.011 -14"><span class='ocrx_word' id='word_1_392' title='bbox 864 2744 1046 2788; x_wconf 75' lang='grc' dir='ltr'><em>θοῖνατον</em></span> <span class='ocrx_word' id='word_1_393' title='bbox 1079 2747 1207 2801; x_wconf 71' lang='grc' dir='ltr'><em>ἄνδρα</em></span> <span class='ocrx_word' id='word_1_394' title='bbox 1222 2723 1297 2785; x_wconf 61' lang='lat' dir='ltr'><strong>Obie</strong></span> <span class='ocrx_word' id='word_1_395' title='bbox 1331 2760 1419 2783; x_wconf 88' lang='lat' dir='ltr'><strong>eum</strong></span> <span class='ocrx_word' id='word_1_396' title='bbox 1450 2745 1524 2782; x_wconf 78' lang='lat' dir='ltr'><strong>dici</strong></span> 
     </span>
     <span class='ocr_line' id='line_1_81' title="bbox 866 2803 1524 2855; baseline -0.005 -14"><span class='ocrx_word' id='word_1_397' title='bbox 866 2807 1096 2855; x_wconf 77' lang='lat' dir='ltr'><strong>existimans,</strong></span> <span class='ocrx_word' id='word_1_398' title='bbox 1119 2807 1180 2843; x_wconf 89' lang='lat' dir='ltr'><strong>cui</strong></span> <span class='ocrx_word' id='word_1_399' title='bbox 1193 2806 1306 2843; x_wconf 82' lang='lat' dir='ltr'><strong>etiam</strong></span> <span class='ocrx_word' id='word_1_400' title='bbox 1322 2816 1424 2839; x_wconf 86' lang='lat' dir='ltr'><strong>nunc</strong></span> <span class='ocrx_word' id='word_1_401' title='bbox 1438 2803 1524 2839; x_wconf 86' lang='lat' dir='ltr'><strong>vivo</strong></span> 
     </span>
    </p>
   </div>
   <div class='ocr_carea' id='block_1_10' title="bbox 1896 2176 1897 2722">
    <p class='ocr_par' dir='ltr' id='par_1_13' title="bbox 1896 2176 1897 2722">
     <span class='ocr_line' id='line_1_82' title="bbox 1896 2176 1897 2722; baseline 0 0"><span class='ocrx_word' id='word_1_402' title='bbox 1896 2176 1897 2722; x_wconf 95' lang='lat' dir='ltr'><strong> </strong></span> 
     </span>
    </p>
   </div>
  </div>
 </body>
</html>
