1897 3340
412 231 496 269 (518
817 226 1278 265 HERODOTI

413 338 486 381 καὶ
514 336 681 382 Σιυδόν
706 354 749 381 τε
779 337 909 381 πόλιν
933 337 1004 380 καὶ
1036 335 1307 390 Χαλέστρην,
1338 335 1403 378 ἐπὶ
1426 334 1504 376 τὸν
1521 333 1668 385 ’Ἀξιον

413 403 630 460 ποταμόν·
677 405 725 456 ὃς
757 404 917 459 οὐρίζει
946 403 1090 459 χώρην
1119 402 1197 458 τὴν
1228 403 1492 458 Μυγδονίην
1522 415 1566 443 τε
1594 400 1668 443 καὶ

415 474 664 516 Βοττιαιΐδα
681 505 692 523 ,
740 477 814 527 τῆς
838 473 982 527 ἔχουσι
1010 470 1059 514 τὸ
1097 471 1212 523 παρὰ
1241 470 1469 514 θάλασσαν
1501 467 1669 513 στεινὸν

387 541 578 594 ιχωρίον
607 540 732 591 πόλις
749 539 886 596 Ἴχναι.
913 555 958 582 τε
992 538 1066 582 καὶ
1101 539 1256 583 Πέλλα.

356 762 424 801 pro
440 748 688 802 Χαλαίστρας
704 744 912 798 reponend.
928 745 1013 782 Χα-

355 802 557 873 λοὲσιτροις.ἲ
613 857 634 873 n
890 816 898 828 ·
944 850 954 865 Ι

413 861 477 901 ἐπὶ
515 876 584 901 τον
626 860 750 907 Αξιον
801 855 1011 907 ποταμον]

356 918 462 954 Alius
493 925 547 954 est
572 913 737 964 Ἄξιός,
779 911 881 965 quod
902 925 1014 962 prae—

356 981 453 1011 stare
483 975 535 1011 ait
561 969 782 1011 Tzschuck.
813 970 896 1005 loco
921 981 1014 1004 mox

356 1029 547 1067 laudando
559 1058 568 1076 ‚
599 1029 666 1065 ubi
682 1029 770 1064 citat
788 1027 943 1062 Barnes.
965 1024 1014 1061 ad

356 1085 530 1137 Euripid.
559 1084 701 1122 Bacch.
734 1082 829 1123 570.
886 1082 1014 1132 Atque

357 1145 504 1180 sicsane
524 1141 626 1193 apud
639 1142 855 1192 Scymnum
876 1136 1015 1175 Chium

358 1203 434 1241 621
468 1194 607 1247 Ἄξιός.
665 1198 739 1243 Qui
768 1195 904 1232 fluvius
933 1195 1017 1231 Ho-

355 1268 463 1293 mero
493 1257 571 1292 iam
601 1255 774 1305 cognitus
800 1252 862 1300 (11.
891 1252 927 1287 ΙΙ
957 1264 1013 1288 vs.

335 1310 456 1363 ⁸849)
486 1314 585 1349 inter
602 1309 851 1348 Macedoniae
879 1308 1014 1345 fluvios

354 1370 524 1420 primum
534 1375 640 1406 tenet
659 1369 801 1405 locum.
822 1366 855 1402 E
868 1363 1013 1403 Scardo

355 1433 488 1462 monte
526 1427 567 1462 in
599 1425 813 1462 Paeonibus
860 1434 1015 1458 exorsus

356 1482 623 1519 Macedoniam
649 1480 818 1518 mediam
858 1478 1015 1516 dissecat

356 1545 394 1575 et
425 1540 523 1577 intra
558 1537 792 1576 Chalestram
822 1549 865 1573 ac
885 1534 1015 1573 Ther-

356 1608 463 1631 mam
491 1597 537 1632 ab
568 1608 704 1633 occasu
724 1592 1014 1631 Thessalonice—s

354 1652 452 1687 mari
485 1654 676 1689 miscetur.
732 1651 808 1687 Per
840 1647 1015 1685 medium

355 1720 494 1745 aevum
542 1707 721 1745 Bardarii
762 1719 792 1743 s.
831 1704 1013 1743 Bardaris

355 1777 499 1801 nomeu
519 1765 690 1815 accepit3
710 1775 812 1799 nunc
834 1774 923 1798 eum
943 1774 1013 1798 vo-

355 1827 442 1857 cant
462 1820 609 1859 Bardar
627 1834 657 1857 s.
691 1819 843 1857 Vardar.
899 1818 1015 1854 Plura

355 1877 502 1914 Duker.
542 1876 591 1914 ad
625 1874 847 1927 Thucydid.
878 1876 925 1921 ΙΙ,
947 1875 1014 1913 99.

357 1933 578 1976 Tzscliuck.
608 1932 657 1970 ad
686 1934 776 1970 Mel.
806 1933 853 1977 11,
875 1935 898 1972 3
930 1931 966 1975 ξ.
992 1932 1011 1970 1

356 2003 444 2041 pag.
477 1993 556 2031 163
594 1997 692 2026 nott.
732 2002 868 2039 exegg.
902 1988 1017 2023 Man-

356 2054 454 2083 nert.
479 2047 547 2083 VII
566 2060 605 2097 p.
631 2044 711 2087 475
733 2058 839 2097 seqq.
859 2066 915 2071 ——
945 2042 1012 2080 Cr.

357 2101 419 2139 hic
467 2103 629 2139 conferri
679 2102 761 2140 vult
799 2103 934 2152 Heyne
973 2100 1014 2134 in

359 2159 520 2208 Opuscc,
549 2157 695 2195 Acadd.
732 2159 784 2196 IV
813 2170 901 2209 pag.
934 2156 1013 2196 169

358 2219 452 2253 nott.

414 2270 662 2317 Βοττιαιΐδα]

360 2326 441 2373 Vll,
460 2326 550 2367 185.
562 2327 757 2372 vlll,127.
777 2321 891 2373 Apud
903 2320 1017 2359 Thu-

359 2381 515 2433 cyd.11‚
547 2383 600 2422 99
632 2380 772 2418 Βοττία
804 2386 839 2416 et
859 2380 907 2425 Π,
940 2379 1016 2417 100

360 2438 543 2477 Βυττιαία
582 2435 710 2485 (unde
739 2435 840 2486 apud
863 2435 1014 2471 Livium

359 2495 508 2542 XXVI,
539 2494 591 2534 25
629 2494 796 2544 aliosque
826 2491 1014 2540 Bottiaea)

363 2558 399 2587 et
418 2553 447 2598 1,
468 2551 520 2592 65
556 2550 643 2587 coll.
670 2548 825 2586 Diodor.
857 2549 942 2595 XII,
962 2548 1015 2588 47

365 2601 554 2657 Βοττικής
593 2605 641 2642 ad
676 2618 790 2658 quein
817 2605 945 2641 locum
966 2604 1015 2641 cf.

362 2665 513 2700 wasse.
567 2664 667 2699 Nam
704 2664 879 2713 frequens
923 2660 1015 2698 Bot-

361 2722 530 2757 tiaeorum
556 2719 700 2756 mentio
730 2717 830 2769 apud
853 2715 1015 2768 Thucy-

361 2775 513 2824 didein‚
544 2788 641 2828 quae
671 2787 763 2825 gens
783 2775 955 2825 primitus
976 2775 1014 2810 in

360 2830 431 2870 hac
451 2834 530 2884 ipsa
558 2833 735 2884 regione,
776 2843 872 2884 quae
902 2831 1015 2868 etiam

721 2268 882 2306 Bottiaei
919 2265 1017 2301 infra

1067 743 1224 796 posthac
1252 745 1445 782 Bottiaeae
1466 757 1608 782 nomen
1633 746 1723 783 reti-

1068 802 1171 848 nuit,
1202 800 1250 838 ad
1285 803 1410 838 sinum
1449 799 1725 849 Thermaicum

1068 859 1167 894 intra
1197 858 1287 893 Axii
1307 864 1343 893 et
1362 855 1474 908 Lydii
1495 860 1587 895 ostia
1616 858 1724 896 sedes

1070 927 1158 951 cum
1187 912 1397 961 habuisset,
1431 911 1520 950 hinc
1554 916 1672 951 eiecta
1702 927 1724 951 a

1069 969 1340 1007 Macedonibus
1350 970 1389 1005 in
1399 971 1595 1019 peninsula
1608 970 1725 1008 Chal-

1069 1025 1190 1064 cidice
1209 1033 1274 1062 aut
1295 1032 1395 1062 certe
1423 1025 1464 1060 in
1484 1027 1561 1063 eius
1581 1028 1725 1064 vicini-

1069 1090 1145 1120 tate
1175 1081 1281 1120 sedes
1309 1083 1421 1133 cepit.
1467 1081 1552 1121 vid.
1581 1082 1724 1120 Herod.

1071 1141 1152 1186 vll,
1166 1142 1256 1180 127.
1280 1139 1439 1190 Scymn.
1454 1137 1525 1176 Ch.
1538 1141 1619 1180 622
1633 1140 1724 1192 ibiq.

1073 1197 1170 1233 Gail.
1202 1197 1238 1232 11
1267 1210 1305 1246 p.
1327 1198 1407 1236 383
1427 1208 1507 1246 seq.
1539 1196 1725 1233 Gatterer.

1068 1254 1093 1290 l.
1114 1254 1140 1290 l.
1160 1265 1248 1303 pag.
1274 1251 1326 1294 84
1347 1264 1425 1302 seq.
1445 1253 1633 1289 Mannert.
1657 1251 1727 1290 VII

1068 1322 1157 1361 pag.
1179 1308 1259 1350 505
1280 1309 1366 1345 coll.
1389 1309 1430 1347 C.
1454 1309 1498 1345 Ο.
1519 1309 1668 1345 Mulier.
1698 1309 1726 1346 l.

1069 1368 1095 1404 l.
1118 1379 1204 1417 pag.
1236 1367 1274 1405 9.
1303 1366 1435 1402 Ritter.
1458 1363 1634 1402 Vorhalle
1654 1371 1726 1403 etc.

1070 1422 1249 1475 pag.435
1260 1435 1354 1474 seq.3
1375 1423 1489 1473 quiin
1505 1422 1640 1458 talibus
1652 1434 1727 1459 no-

1070 1480 1236 1516 minibus
1257 1477 1445 1515 Buddhae
1475 1485 1589 1530 atque
1608 1477 1727 1516 Indo-

1070 1549 1157 1574 rum
1176 1536 1332 1586 vestigia
1353 1536 1530 1585 cognosci
1549 1535 1642 1571 vult.

1127 1595 1196 1644 τῆς
1218 1591 1348 1642 ἔχουσι
1376 1589 1420 1631 το“
1448 1588 1556 1642 aaron?
1572 1587 1726 1630 θάλασ-

1072 1662 1146 1689 σαν
1159 1645 1307 1688 στεινὸν
1319 1648 1461 1697 χωρίον
1479 1643 1725 1698 πόλιςἼχναι

1069 1721 1109 1746 τε
1137 1703 1204 1744 καὶ
1231 1704 1388 1753 Πέλλα]
1424 1705 1449 1741 i.
1470 1717 1502 1742 e.
1533 1705 1632 1740 cuius
1652 1707 1726 1740 ter-

1069 1776 1131 1801 rae
1150 1761 1395 1811 (Bottiacae)
1427 1763 1576 1797 tractum
1605 1772 1728 1808 angu-

1071 1823 1162 1856 stum
1193 1819 1408 1855 maritimum
1427 1816 1601 1865 (iuxtam
1621 1829 1728 1852 mare

1070 1874 1308 1928 porrectum)
1338 1877 1454 1910 tenent
1473 1873 1572 1910 urbes
1595 1871 1727 1910 Ichnae

1071 1946 1114 1970 ac
1153 1930 1269 1968 Pella.
1326 1928 1456 1967 Ichnas
1484 1942 1533 1966 ex
1560 1927 1599 1968 h.
1618 1930 1642 1966 l.
1673 1928 1728 1965 af-

1070 1989 1143 2025 fert
1209 1984 1426 2037 Stephanus
1478 1986 1725 2037 Byzantinus.

1071 2046 1195 2090 Quam
1216 2044 1262 2080 ab
1293 2042 1506 2088 Herodoto,
1530 2042 1594 2092 qui
1622 2039 1726 2076 idem

1069 2102 1162 2137 falso
1183 2100 1330 2136 Pellam
1350 2097 1473 2135 tradat
1491 2098 1626 2133 urbem
1641 2109 1727 2133 ma-

1070 2159 1257 2200 ritimam,
1294 2167 1341 2190 ex
1363 2166 1487 2189 errore
1517 2151 1578 2189 hio
1597 2154 1726 2190 vocari

1072 2213 1278 2262 suspicatur
1288 2211 1477 2246 Mannert.
1497 2210 1566 2246 Vll
1579 2223 1618 2260 p.
1630 2208 1727 2250 505.

1073 2267 1177 2305 Pella
1201 2268 1356 2317 antiqua
1385 2264 1641 2302 Macedonum
1661 2278 1727 2301 re-

1072 2337 1165 2374 gum
1179 2322 1285 2360 sedes
1306 2323 1389 2359 loco
1411 2321 1513 2359 edito
1536 2328 1727 2359 exstructa

1072 2382 1169 2416 inter
1207 2379 1333 2415 media
1371 2377 1483 2430 Lydii
1518 2386 1664 2429 stagna,
1703 2391 1727 2415 a

1070 2435 1340 2473 Thessalonice
1353 2436 1486 2485 viginti
1497 2443 1643 2486 septem
1656 2435 1728 2471 ab·-

1071 2494 1141 2530 suit
1161 2493 1335 2528 milliaria
1355 2505 1397 2528 ac
1424 2498 1553 2542 postea
1573 2503 1727 2543 quoque

1071 2551 1334 2586 Romanorum
1355 2549 1453 2584 facta
1482 2555 1536 2585 est
1563 2549 1726 2585 colonia.

1072 2607 1188 2642 Plura
1207 2606 1336 2642 Livius
1355 2603 1490 2651 XLIV,
1511 2603 1577 2644 46.
1614 2605 1725 2640 Nunc

1069 2664 1153 2699 loco
1187 2674 1328 2698 nomen
1355 2659 1462 2698 Anah
1494 2659 1636 2704 Klisse,·
1677 2658 1725 2695 de

1071 2732 1147 2771 quo
1175 2720 1295 2755 multa
1325 2716 1533 2767 Cousine'ry
1560 2716 1599 2752 in
1628 2716 1724 2752 libro

1071 2777 1228 2826 Voyage
1249 2774 1342 2811 dans
1362 2774 1396 2809 le
1414 2772 1638 2816 Macedoine
1651 2778 1724 2808 etc.

1070 2833 1175 2870 Paris
1198 2833 1318 2878 1831,
1337 2836 1429 2867 teste
1450 2830 1492 2868 C.
1510 2830 1554 2866 Ο.
1574 2829 1724 2865 muner.
