1897 3340
119 266 183 311 16

492 149 1143 187 TERPSICHORE.

243 277 333 312 τες,
375 260 533 315 ἤγοντο
573 259 614 307 ἐς
653 257 733 312 τὴν
770 256 924 312 Ἀσίην.

1205 153 1248 187 V.
1447 156 1502 194 23

990 259 1043 299 Οἱ
1082 258 1128 300 δὲ
1165 259 1261 311 περὶ
1302 260 1351 302 τὸ
1385 262 1501 316 Πάγ-
1515 269 1557 301 80

239 344 367 384 γαιον
393 329 547 378 οὐρος
579 325 650 367 καὶ
672 323 890 380 Δόβηρας,
922 326 995 368 καὶ
1019 323 1261 380 Ἀγριᾶνας,
1296 329 1368 370 καὶ
1381 326 1502 372 ’0ὁο-

239 394 448 450 μάντους,
479 392 553 435 καὶ
582 391 720 449 αὐτήν
749 393 829 448 τὴν
857 395 1014 450 λίμνην
1044 410 1124 450 την
1142 395 1385 449 Πρασιάδα,
1418 396 1502 441 οὐκ

179 557 264 593 satis
284 562 400 606 patet.
458 555 516 589 De.
551 552 728 591 Prasiacle
755 555 840 592 lacu

178 611 257 650 vid.
283 619 378 648 nott.
401 610 449 647 ad
471 611 514 657 V,
540 612 603 650 16.

397 701 488 751 Cap.
515 701 617 736 xvl.

237 779 293 819 Οἱ
311 777 453 831 ὅὲπερὶ
475 776 519 818 τό
537 775 744 830 Πάγγαιον
764 773 833 818 οὖ-

176 837 271 888 ρος]
306 835 513 885 Pangaeum
541 843 715 872 montem
734 837 833 872 intra

174 895 426 944 Strymonem
466 906 508 929 ac
548 894 738 939 Nestum,
793 895 832 928 in

173 950 364 988 Thraciae
414 957 529 1001 atque
585 949 833 986 Macedoniae

174 1008 346 1044 confiniis
384 1007 592 1053 collocant3
642 1006 746 1042 unde
787 1008 833 1044 ab

172 1065 252 1101 aliis
274 1062 474 1109 Thraciae,
497 1064 543 1099 ab
565 1063 835 1100 aliisMacedo-
852 1076 860 1088 ³

172 1123 259 1157 niae
281 1119 536 1171 adscriptum3
559 1122 688 1156 seriori
705 1127 832 1156 tamen

171 1184 293 1214 aetate
325 1176 373 1214 ad
406 1176 673 1214 Macedoniam
712 1179 833 1228 perti-

170 1236 316 1281 nuisse,
337 1236 403 1272 vix
433 1233 605 1271 dubium.
636 1234 697 1270 Ad
716 1248 831 1270 mon-

171 1293 217 1328 tis
239 1321 248 1338 ,
298 1293 364 1341 qui
410 1293 491 1326 auri
530 1298 643 1341 atque
684 1292 831 1339 argenti

172 1348 335 1384 metallis
385 1347 602 1384 abundabat
617 1377 625 1393 ,
684 1347 829 1384 radices

171 1403 437 1454 Philipporum
465 1405 553 1440 urbs
582 1404 828 1440 celeberrima

169 1461 240 1497 fuit
279 1467 480 1497 exstructa.
558 1462 668 1496 Nunc
705 1461 828 1496 monti

168 1530 309 1553 nomen
345 1516 577 1565 Castagnatz.
648 1518 712 1553 Tu
748 1516 825 1553 vid.

169 1572 379 1624 Spanhem.
394 1573 441 1610 ad
455 1572 678 1610 Callimach.
692 1575 730 1609 in
742 1574 824 1610 Del.

171 1629 248 1670 134
279 1631 364 1667 coll.
393 1629 535 1667 Herod.
570 1632 651 1676 VII,
677 1633 756 1671 112
790 1637 826 1667 et

166 1688 351 1724 Gatterer.
382 1701 420 1738 p.
456 1690 535 1727 117
568 1695 604 1723 et
634 1689 824 1724 Mannert.

165 1745 234 1780 VII
255 1757 342 1794 pag.
364 1748 402 1784 7.
424 1747 518 1784 232.
540 1743 632 1791 498,
654 1745 719 1780 ubi
752 1744 825 1780 Or-

167 1801 240 1836 beli
273 1802 433 1848 montis,
477 1802 542 1851 qui
586 1814 606 1836 e
637 1799 824 1851 Rhodope

164 1864 295 1894 monte
316 1859 416 1903 exit,
450 1857 566 1893 finem
587 1857 822 1894 meridiona—

164 1915 241 1950 lem
261 1928 378 1965 prope
389 1913 585 1965 Philippos
603 1922 715 1965 atque
737 1928 799 1950 ma
820 1940 823 1941 ν

165 1972 331 2007 ritimam
352 1984 457 2007 oram
481 1971 643 2020 Pangaei
666 1973 822 2007 nomine

163 2027 323 2064 indicari
352 2035 465 2080 atque
504 2028 664 2065 subinde
706 2030 821 2064 etiam

164 2086 285 2121 latiori
309 2085 431 2122 Orbelc‘
456 2087 613 2122 nomine
643 2098 821 2136 compre-

162 2140 279 2178 hendi
300 2149 445 2179 monet.

209 2197 275 2237 καὶ
291 2194 491 2250 Δόβηρας,
513 2195 578 2236 καὶ
596 2193 816 2249 Ἀγριᾶνας,

160 2254 226 2293 καὶ
243 2251 527 2305 Ὀδομάντους]
552 2256 624 2299 Qui
644 2255 736 2291 olim
757 2253 819 2290 hic

163 2312 297 2362 refingi
325 2313 465 2358 voluit,
506 2313 693 2363 probante
723 2312 818 2347 Gat-

162 2376 269 2405 terei.
291 2382 378 2419 pag.
395 2372 494 2410 109:
519 2365 731 2419 Δόβηρες
751 2384 816 2406 και

160 2420 294 2477 Ἀγριᾶ
307 2441 328 2464 ν
342 2440 358 2464 ε
372 2441 391 2472 ς
443 2424 510 2464 καὶ
557 2421 755 2475 Ὀδόμαντ
768 2440 788 2463 o
804 2440 817 2462 ι

162 2497 228 2520 και
272 2477 398 2533 αὐτήν
437 2497 513 2533 την
551 2482 693 2533 λίμνην
741 2478 815 2530 τήν

164 2534 408 2588 Πρασιαδα’
395 2538 439 2589 ἐχ
453 2554 472 2578 0
486 2554 508 2577 ν
522 2554 541 2577 τ
555 2554 612 2585 ες,
623 2537 718 2574 mihi
729 2538 817 2589 qui-

164 2593 251 2630 dem
283 2597 442 2632 minime
475 2597 669 2647 persuasit.
739 2596 815 2631 Nec

164 2652 264 2687 enim
286 2653 361 2688 ulla
376 2666 469 2703 opus
481 2654 703 2700 mutatione,
725 2665 815 2688 cum

163 2704 201 2741 hi
223 2710 421 2746 accusativi
449 2709 641 2760 pendeant
662 2722 682 2745 a
702 2721 816 2759 prae-

163 2764 345 2812 positione
375 2767 479 2818 περί.
537 2766 708 2813 Doberes,
750 2766 815 2818 qui

899 553 1000 605 apud
1022 557 1121 592 Plin.
1144 558 1190 593 H.
1212 558 1259 594 Ν.
1284 560 1335 598 10
1358 559 1380 603 §
1408 562 1457 598 17
1489 574 1557 596 vo—

897 619 1031 648 cantur
1058 613 1210 659 Doberi,
1235 613 1384 661 eodem,
1407 617 1555 665 opinor,

894 670 1106 718 pertinent,
1151 684 1228 721 quo
1261 671 1415 708 Dobems
1445 672 1555 710 Paeo-

892 726 972 761 m'ca
984 725 1085 776 apud
1100 725 1277 778 Thucyd.
1288 729 1335 775 II,
1349 730 1554 779 93,‹1uam,

892 783 958 832 qui
995 796 1015 818 e
1053 782 1243 820 Thraciae
1281 785 1476 822 montibus
1517 789 1554 823 in

890 839 1100 875 Paeoniam
1123 839 1379 887 descendunt,
1428 841 1551 879 ossen—

892 893 987 932 dunt
1016 898 1202 946 primam,
1244 896 1292 933 ad
1333 897 1553 936 occidenta—

891 952 970 988 lem
1003 954 1178 990 Cercines
1217 956 1358 991 montis
1392 963 1553 1005 partem,

892 1015 934 1045 ut
976 1012 1104 1046 statuit
1162 1012 1352 1048 Mannert.
1402 1013 1469 1049 Vll
1514 1028 1551 1064 p.

893 1063 988 1104 491.
1009 1068 1105 1107 499.
1163 1068 1331 1106 Doberes
1351 1081 1372 1105 a
1392 1070 1552 1106 meiidie

890 1123 1056 1172 tetigisse
1086 1125 1292 1175 Paeoplas,
1326 1139 1375 1162 ex
1408 1127 1550 1164 Ilm-‚od

889 1179 969 1225 VII,
995 1182 1073 1220 113
1106 1182 1250 1231 colligit
1270 1183 1455 1220 Gatterer.
1480 1185 1502 1220 l.
1524 1186 1547 1221 l.

888 1248 975 1285 pag.
1001 1239 1097 1283 116,
1140 1240 1205 1289 qui
1244 1237 1348 1274 idem
1377 1239 1549 1287 Agrianes

889 1293 1062 1327 omnium
1082 1294 1273 1331 Paeoniae
1292 1297 1465 1345 gentium
1489 1299 1547 1333 ul-

886 1349 999 1384 timos
1039 1350 1200 1387 collocat
1250 1354 1548 1402 septentrionem

885 1418 1014 1441 versus
1070 1405 1119 1442 ad
1167 1405 1381 1458 Rhodopen
1431 1423 1547 1446 mon-

884 1467 965 1497 tem
1015 1468 1051 1497 et
1098 1476 1219 1513 usque
1267 1463 1315 1500 ad
1367 1465 1546 1517 Strymo-

883 1519 941 1553 nis
962 1517 1085 1554 sontes
1117 1526 1322 1569 porrectos.
1381 1523 1446 1558 Tu
1468 1522 1544 1560 vid.

883 1586 971 1624 pag.
997 1573 1088 1613 114.
1151 1576 1346 1614 Odomanti
1374 1573 1546 1618 αὐτόνο-

884 1646 971 1681 μοι,
1005 1633 1071 1681 qui
1092 1645 1112 1668 a
1143 1631 1374 1684 Thucydide
1394 1636 1441 1682 II,
1468 1639 1539 1676 101

882 1694 1079 1734 vocantur,
1102 1688 1150 1725 ad
1169 1697 1344 1727 montem
1365 1692 1543 1742 Pangae-

882 1757 948 1780 um
969 1758 1102 1795 nsque,
1124 1747 1230 1783 cuius
1251 1748 1406 1784 metalla
1428 1762 1540 1785 exer—

881 1802 1040 1847 cebant,
1081 1804 1333 1851 pertinebant,
1364 1806 1542 1856 Strymo-

879 1859 936 1893 nis
957 1859 1121 1895 accolae.
1181 1859 1265 1896 Vid.
1287 1860 1378 1897 ibid.
1399 1876 1436 1912 p.
1464 1864 1541 1902 118

879 1928 957 1966 seq.
1010 1915 1096 1952 coll.
1140 1916 1283 1954 Herod.
1321 1918 1402 1965 VII,
1448 1920 1539 1959 112.

878 1973 1099 2008 Mannertus
1130 1973 1198 2008 ΥΠ
1227 1987 1265 2023 p.
1284 1972 1366 2012 499
1386 1974 1540 2022 Aegria·

877 2041 935 2064 nes
967 2042 1087 2079 aeque
1118 2036 1231 2080 atque
1255 2029 1469 2067 Odomantes
1498 2032 1536 2066 in

876 2086 1070 2121 montibus
1083 2086 1295 2122 consedisse
1308 2088 1447 2123 statuit:
1461 2100 1536 2139 quo

876 2141 1013 2177 eodem
1025 2150 1177 2178 auctore
1187 2142 1420 2180 Odomantos
1432 2151 1538 2194 pater

875 2197 1053 2234 historiae
1069 2199 1203 2235 iniuria
1226 2199 1320 2235 dixit
1349 2201 1536 2237 Paeonios

876 2269 966 2291 cum
995 2254 1185 2292 Thraciae
1216 2257 1269 2292 illi
1290 2257 1427 2293 fuerint
1448 2259 1532 2294 stir-

874 2313 930 2361 pis
982 2312 1194 2349 secundum
1262 2311 1535 2364 Thucydidem

874 2370 1043 2420 aliosque
1064 2383 1191 2406 rerum
1217 2376 1401 2407 auctores.

929 2425 996 2463 καὶ
1029 2421 1157 2476 αὐτήν
1189 2423 1262 2476 τὴν
1289 2426 1432 2477 λίμνην
1463 2423 1533 2476 τήν

876 2480 1088 2533 Πρασιάδα
1110 2484 1126 2531 ]
1184 2482 1333 2519 Eadem
1383 2482 1533 2520 videtur

875 2552 954 2575 esse
975 2541 1082 2589 palus
1096 2569 1105 2585 ,
1128 2553 1224 2591 quae
1245 2537 1345 2590 apud
1369 2538 1531 2590 Tlmcy÷

875 2595 951 2632 did.
973 2597 1001 2641 I,
1016 2596 1082 2637 58.
1103 2597 1165 2643 lV,
1182 2599 1261 2636 103
1284 2597 1432 2647 Scylac.
1457 2598 1531 2631 Pe-

873 2653 957 2702 ripl.
980 2653 1002 2697 §
1027 2655 1079 2693 67
1101 2667 1139 2703 p.
1161 2656 1213 2693 27
1236 2651 1354 2688 Huds.
1377 2660 1530 2689 vocatur

873 2708 981 2745 Bolbe
999 2707 1103 2745 haud
1124 2709 1256 2760 procul
1278 2722 1299 2744 a
1319 2709 1402 2744 sinu
1418 2709 1529 2757 Stry-

872 2767 1027 2802 monico
1056 2767 1154 2802 intra
1193 2763 1434 2802 Chalcidicen
1485 2775 1527 2798 ac

1561 263 1617 296 Qui
1636 264 1715 291 inin.
1734 267 1831 300 genti·

1562 305 1617 330 pop
1609 299 1663 324 uili
1690 299 1730 325 lib
1735 308 1750 325 ι
1755 303 1779 326 rt
1784 308 1802 326 a

1560 335 1618 356 tem
1638 336 1698 358 tnin
1719 333 1777 359 xiii«
1772 334 1812 359 «li

1560 364 1704 391 rau-rint
1743 367 1816 392 l'aln

1559 396 1624 422 «leun
1642 397 1814 426 Prusiadem

1562 429 1752 458 incolentium
1771 433 1799 458 xi

1565 466 1615 489 lae
1632 464 1716 491 ratio.
1738 466 1813 501 Equi
