1897 3340
464 226 1117 266 TERPSICHORE.
1177 229 1222 265 V.
1404 232 1480 271 181

222 336 426 395 ,,ζη’τησιν
454 336 706 384 ἀπικοίατο,
741 333 885 378 πάντα
906 334 1155 390 ἐρευνήσειν
1182 335 1400 391 μέλλοιεν·
1430 340 1483 381 τοὶ
1502 366 1516 377 ·

165 407 298 462 17,,δὴ
338 405 411 449 καὶ
450 403 626 458 ἐγίνετο.
685 401 866 446 ἐλθοῦσι
905 403 951 446 δὲ
988 403 1062 445 καὶ
1099 403 1365 458 διζημένοισι
1407 404 1479 447 αὐ-

218 478 356 526 ,,τοῖσι
376 470 435 523 ὥς
463 469 546 514 οὐκ
578 470 803 525 ἐφαίνετο,
837 470 980 514 ἐδόκεε
1010 470 1379 525 ἀπαλλάσσεσθαι,
1408 473 1482 515 καὶ

215 540 379 597 ,,λε’γειν
407 537 519 593 πρὸς
555 537 661 589 τούς
692 536 1057 593 ἀποπέμψαντας,
1095 536 1155 589 ὥς
1185 538 1330 582 πάντα
1359 540 1482 596 ποιή-

214 618 363 659 „esrom
390 605 444 650 τοὶ
477 606 635 650 ἐκεῖνοι
665 605 942 650 ἐνετείλαντο.
991 609 1035 650 οἱ
1064 606 1143 662 μὲν
1172 606 1224 662 δὴ
1263 603 1477 651 ἀπελθόν-
1493 613 1538 650 45

158 682 323 727 18,,τες,
355 674 504 730 ἔλεγον
526 676 676 716 ταῦτα.
733 673 928 718 Ἠετίωνι
959 675 1004 719 δὲ
1035 675 1141 731 μετὰ
1163 679 1302 719 ταῦτα
1330 676 1354 719 ὁ
1376 675 1479 728 πάϊς
1538 701 1586 728 vi„
1604 701 1667 729 sac,

211 741 469 795 ,,αὐξάνετο·
500 742 575 785 καί
604 742 649 785 οἱ
677 741 941 799 διαφυγόντι
970 747 1132 787 τοῦτον
1160 743 1238 787 τὸν
1267 745 1480 788 κίνδυνον

152 927 240 953 cam
279 913 340 964 (ἒς
373 911 569 967 λάρνακα)
609 914 813 962 inclusum,

151 972 266 1009 maris
273 971 449 1009 fluctibus
461 971 510 1009 ad
526 973 696 1023 ipsorum
707 984 815 1009 oram

151 1028 356 1067 advectum
377 1029 559 1079 (Pausan.
588 1030 733 1066 Lacon.
754 1042 815 1079 cp.

151 1084 240 1136 24).
297 1087 395 1123 Nolo
418 1084 724 1123 Bacchiadarum
744 1085 816 1122 ad-

149 1155 320 1190 monere,
335 1142 384 1180 ad
396 1143 644 1195 quosCypseli
656 1156 713 1179 res
725 1155 815 1193 spe-

151 1206 277 1248 ctant,
314 1202 401 1253 qui,
443 1213 533 1237 cum
566 1201 711 1250 origine
731 1201 814 1235 He—

151 1255 315 1293 raclidae
338 1264 473 1305 essent,
494 1270 515 1293 a
534 1255 727 1293 Bacchide
740 1269 816 1292 no-

151 1327 245 1351 vum
264 1326 409 1350 nomen
435 1320 710 1351 assumseram:
741 1325 813 1349 nec

151 1371 274 1420 magis
292 1369 339 1407 de
350 1370 554 1421 Amphione,
566 1370 717 1420 Cypseli
728 1382 812 1418 av0,

152 1426 300 1474 dicam,
330 1428 418 1464 licet
444 1440 516 1464 nec
543 1427 608 1463 illa
637 1439 659 1462 a
687 1433 813 1463 meta-

150 1482 308 1535 phoricst
359 1484 506 1520 ratione
560 1481 812 1532 abhorreant,

148 1539 244 1577 illud
282 1538 479 1588 adiiciam,
519 1539 726 1590 Cypselum
764 1553 814 1577 ex

146 1596 234 1633 arcii
252 1609 331 1633 non
351 1598 478 1634 miuus
498 1597 663 1632 alacrem
683 1595 813 1633 vindi-

145 1667 232 1691 cem
272 1655 456 1691 exstitisse
497 1652 656 1690 claudae
698 1654 811 1690 matri

144 1709 310 1758 Labdae,
329 1724 445 1763 quam
457 1710 595 1747 Horum
616 1717 653 1746 et
671 1711 809 1761 ipsum,

144 1768 241 1805 sicut
260 1768 364 1804 fama
384 1768 540 1814 ferebat,
563 1780 671 1804 arcae
680 1768 808 1804 inclu-

144 1837 244 1872 sum,
266 1825 473 1862 debilitatae
505 1824 601 1862 Isidi
617 1824 678 1861 vel
707 1825 807 1862 Bac—

146 1879 265 1918 chum
287 1880 457 1919 Semelae.
508 1881 716 1931 Usurpasse
737 1893 809 1917 au-

146 1945 226 1975 tem
255 1940 397 1989 priscos
426 1938 510 1974 illos
538 1939 703 1975 Graecos
733 1935 808 1974 hoc

145 1996 349 2045 allegoriae
385 2007 528 2045 genus,
574 2001 616 2031 ut
655 1999 807 2043 mortem,

144 2065 297 2090 somnum
318 2059 355 2088 et
367 2050 555 2104 quidquid
576 2050 809 2088 debilitatam

145 2116 322 2146 naturam
342 2108 483 2145 habere
500 2107 650 2146 videtur
664 2121 734 2159 per
745 2110 810 2145 im-

141 2166 302 2216 peditum
353 2178 512 2215 gressum
552 2164 807 2214 declararent,

144 2235 288 2273 magno
300 2229 525 2273 argumento
546 2223 609 2259 illa
620 2223 701 2273 ipsa
722 2235 808 2259 arca

145 2279 297 2330 Cypseli
318 2280 518 2331 Olympiae
541 2286 619 2327 est,
660 2280 699 2315 iu
732 2292 808 2331 qua

145 2336 350 2373 Pausanias
390 2335 480 2373 dicit
509 2336 693 2372 feminam
728 2349 809 2373 esse

144 2392 331 2440 effictam,
361 2399 573 2443 gestantem
594 2391 689 2430 duos
709 2406 808 2444 pue-

145 2462 223 2497 ros,
266 2451 428 2486 alterum
449 2450 604 2498 album,
651 2451 806 2500 nigrum

145 2505 307 2542 alterum
322 2536 332 2554 ,
372 2505 604 2544 dormientes
624 2513 806 2559 utrosque

145 2556 396 2613 οἷμφοτέρους
470 2562 805 2614 διεστραμμένους

144 2615 239 2664 τοὺς
264 2616 393 2666 πόδας
422 2619 447 2655 i.
464 2632 499 2655 e.
520 2620 673 2670 valgos,
706 2627 806 2657 recte

148 2675 360 2724 explicante
399 2676 594 2713 viscontio
632 2676 672 2711 iu
705 2677 805 2714 Mus.

147 2730 441 2768 Pio—Clement.
472 2733 524 2769 T.
554 2733 608 2768 111
627 2745 716 2783 pag.
739 2732 806 2781 59,

148 2792 248 2822 recte
289 2788 380 2824 item
410 2787 602 2825 iudicante
641 2790 806 2840 Heynio,

147 2840 221 2879 hoc
253 2843 333 2894 ipso
367 2844 510 2895 pedum
533 2846 623 2882 vitio
645 2845 807 2882 infirmi-

872 920 990 951 tatem
1011 913 1206 953 declarari.
1241 916 1292 952 Et
1312 916 1539 953 mirabimur

868 971 1080 1022 priscarum
1118 973 1349 1023 religionum
1388 975 1540 1010 monitu

872 1028 1091 1079 Cypselidas
1122 1030 1204 1066 illos
1232 1028 1375 1067 Bacchi
1413 1033 1539 1068 cistam

864 1084 1017 1135 feralem
1057 1086 1217 1136 aliquam
1245 1087 1324 1125 sive
1377 1087 1537 1125 Osiridis

873 1141 1068 1179 dedicasse
1103 1144 1144 1179 in
1173 1144 1335 1180 sacrario
1356 1144 1536 1196 Olympio

872 1200 1029 1236 Iunonis
1064 1206 1102 1236 et
1128 1207 1260 1250 postea
1286 1200 1432 1237 famam
1465 1202 1536 1237 ali-

873 1268 989 1307 quam
1008 1256 1271 1305 increbruisse,
1303 1271 1401 1310 quae
1422 1258 1537 1294 femi-

872 1325 962 1348 nam
976 1326 996 1348 e
1011 1311 1318 1350 Bacchiadarum
1328 1320 1444 1365 geute
1461 1327 1536 1352 no-

870 1369 989 1405 bilem
1010 1382 1100 1406 cum
1112 1369 1210 1407 Iside
1222 1371 1397 1408 luctuosa
1418 1378 1454 1407 et
1468 1370 1537 1408 de—

870 1426 1021 1463 ficiente
1033 1425 1206 1479 adeoque
1217 1427 1351 1465 clauda
1365 1427 1445 1477 (i.e.
1457 1435 1537 1464 ter-

869 1482 910 1518 rai
932 1490 1126 1520 arescente
1147 1491 1183 1521 et
1215 1486 1459 1533 contristata,
1486 1485 1535 1522 cf.

867 1538 1063 1577 Plutarch.
1075 1541 1159 1591 Hp.
1174 1543 1254 1581 366
1263 1555 1302 1592 p.
1317 1540 1400 1582 499
1412 1542 1535 1593 Wyt-

867 1596 1004 1647 tenb.)
1036 1605 1301 1648 compararet:
1329 1598 1536 1648 parvulum

868 1660 999 1690 autem
1034 1653 1205 1691 eiusdem
1228 1661 1375 1691 erectae
1395 1654 1534 1692 indolis

869 1717 906 1747 et
935 1711 1001 1762 qui
1031 1710 1231 1762 expeditus
1261 1725 1281 1748 e
1304 1710 1534 1749 discrimini-

866 1767 955 1815 bus,
985 1767 1126 1805 virtute
1146 1767 1215 1805 suit
1241 1782 1351 1806 suam
1370 1776 1535 1806 matrem

864 1824 1056 1874 insignem
1087 1825 1239 1873 fecerit,
1282 1826 1425 1864 Osiridi
1455 1827 1534 1863 sive

864 1880 1020 1928 Baccho,
1031 1888 1232 1933 tamquam
1250 1881 1342 1929 Soli,
1360 1896 1409 1919 ex
1423 1895 1533 1919 arcae

866 1938 1030 1974 tenebris
1050 1939 1089 1974 in
1120 1939 1249 1975 lucem
1279 1936 1424 1976 enixo?
1482 1941 1533 1977 Et

866 1993 1001 2046 quidni
1020 1996 1144 2045 potuit
1166 1996 1280 2032 etiam
1301 1996 1532 2046 religionum

866 2050 978 2088 causa
1008 2065 1099 2088 cum
1130 2052 1313 2103 Cypselus
1340 2060 1424 2090 tum
1453 2054 1532 2104 Cy-

864 2107 1098 2159 pseliclarum
1112 2110 1270 2161 quilibet
1289 2111 1471 2161 puerulus
1491 2111 1532 2146 in

863 2163 1007 2202 Bacchi
1029 2165 1231 2204 Osiridisve
1254 2166 1340 2203 arcii
1368 2168 1438 2204 rite
1459 2168 1530 2203 ali-

864 2222 1018 2274 quando
1032 2222 1185 2273 deponi,
1207 2225 1429 2274 praesertim
1441 2237 1530 2260 cum

866 2293 915 2316 ex
926 2279 1238 2317 antecedentibus
1251 2288 1442 2331 appareat,
1460 2295 1530 2317 cu-

864 2337 1007 2373 nabula
1037 2337 1229 2373 infantum
1262 2350 1282 2373 a
1302 2339 1433 2388 priscis
1455 2336 1529 2374 ho-

862 2394 1030 2430 minibus
1059 2407 1150 2430 cum
1178 2393 1265 2430 arcii
1293 2395 1358 2439 illa
1377 2394 1530 2436 funebri

861 2464 931 2500 per
965 2450 1284 2500 significationem
1318 2452 1527 2502 composita

863 2520 942 2543 esse
956 2503 976 2544 Ρ
988 2509 1012 2527 “

918 2560 965 2602 tc)
993 2561 1044 2615 δή
1065 2563 1134 2603 καὶ
1159 2563 1328 2616 ἐγίνετο]
1361 2565 1444 2600 Hoc
1466 2557 1526 2599 re'-

863 2621 998 2657 vocavi
1017 2634 1108 2658 cum
1123 2619 1345 2670 Schweigh.
1363 2628 1399 2657 et
1409 2620 1525 2656 Gaisf.

863 2677 989 2727 Vulgo
1011 2676 1182 2729 ἐγένετο,
1205 2675 1310 2729 quod
1330 2675 1525 2714 Schaefer.

865 2740 898 2770 et
921 2733 1058 2771 Matth.
1077 2740 1296 2771 tenuerunt.

1140 2792 1178 2835 ξ.
1211 2789 1249 2829 5.

924 2843 948 2886 ὅ
981 2842 1078 2893 πάϊς
1108 2841 1320 2893 mischeto]
1354 2842 1427 2878 Alli
1449 2836 1525 2891 ηὗ-

1670 669 1686 696 5

1671 711 1722 738 ua,
1752 706 1781 738 ty

1537 735 1668 763 raunide
1694 745 1780 763 occu-

1539 771 1612 804 pata
1631 771 1674 804 [a.
1695 771 1780 805 6533,
