1897 3340
433 161 1082 202 'l‘lfinl‘eslcllosshx

1144 161 1187 196 V·
1396 164 1419 201 Ἰ
1433 165 1445 200 1

189 289 286 318 σται
315 271 647 328 Σπαρτιητέων,
690 267 909 318 Θεσσαλὸς
947 268 1019 311 καὶ
1051 266 1337 323 Παραιβάτης
1373 271 1447 311 καὶ
1506 285 1782 321 52110a‹=s‹‚‹-;‹‚1...1.

1508 317 1657 343 nnn—ritus.

161 343 355 398 ζ’Κελέης
391 340 464 383 καὶ
497 337 751 391 Εὐρυλέων.
804 338 846 378 οἳ
875 336 966 379 ἐπεί
1002 351 1045 378 τε
1078 333 1289 379 ἀπίκοντο
1320 337 1450 378 παντὶ
1510 358 1544 375 m
1566 350 1750 377 ‹lucihussu-

1701 319 1711 344 Ι
1730 326 1783 344 nus

1515 387 1631 415 pomos
1656 385 1736 417 Eury

190 409 328 465 στόλῳ
357 408 399 458 ἐς
419 405 502 463 τὴν-
528 407 758 460 Σικελίην,
789 401 1017 446 ἀπέθανον
1046 403 1160 460 μάχῃ
1191 403 1456 454 ἑσσωθέντες
1513 417 1785 443 1‹›‹»·.xnn‹‚a·nac

1514 449 1701 476 Selinuntem
1721 459 1769 475 oc-

188 476 275 522 ὑπό
307 491 350 518 τε
372 475 594 517 Φοινίκων
623 473 696 516 καὶ
724 471 1001 527 Ἐγεσταίων·
1032 475 1197 527 μοῦνος
1227 469 1273 514 δέ
1295 486 1343 526 γε
1370 469 1456 513 Εὐ-
1467 478 1602 517 95ι-,ιψιιι
1623 484 1766 518 brevique,

1515 521 1579 551 post
1607 525 1624 543 a
1647 517 1786 542 Solinun-

190 542 358 598 ρυλέων
395 545 484 586 tsfiv
529 541 819 596 συγκτιστέων
859 540 1128 595 περιεγένετο
1169 537 1333 583 τΟύϊΟυ
1371 556 1453 582 του
1512 550 1561 579 tiis
1579 550 1770 577 interficitur.

158 611 367 662 3πάθεος.
427 609 658 666 συλλαβών
702 609 748 652 δὲ
801 602 931 659 οὗτος
978 611 1054 664 τῆς
1109 610 1313 663 στρατιῆς
1352 607 1455 658 τοὺς

184 676 544 735 περιγενομένους
555 709 565 728 ,

634 677 727 731 ἔσχε
778 675 971 732 Μινώην
1017 676 1096 731 τήν
1152 677 1456 719 Σελινουσίων

185 748 408 803 ἀποικίην·
437 745 510 788 καὶ
540 744 864 798 συνελευθέρου
892 745 1210 794 Σελινουσίους
1238 747 1322 787 τοῦ
1350 760 1455 800 μου·

158 816 357 871 4νοὲρχου
389 812 686 868 Πειθαγόρεω.
738 811 845 867 μετὰ
877 813 943 857 δὲ,
990 810 1047 862 ὦς
1077 815 1238 855 τοῦτον
1268 815 1449 862 κατεῖλε,

182 882 315 934 αὐτός
346 883 573 937 τυραννίδι
601 880 841 936 ἐπεχείρησε
873 883 1191 930 Σελινοῦντος,
1221 879 1294 922 ’καὶ
1325 878 1451 933 ἐμου-

181 950 368 1007 νάρχησε
396 949 558 1006 χρόνον
588 946 656 992 ἐπ’
687 947 859 1004 ὀλίγον’
890 949 934 991 οἱ
961 945 1044 1003 γάρ
1074 964 1150 1002 μιν
1170 946 1485 991 Σελινούσιοιὲ

126 1138 152 1174 l.
176 1135 462 1184 Thessalus3
500 1142 543 1173 ut
569 1136 668 1173 bene
699 1147 788 1171 mo-

127 1195 212 1231 nuit
241 1194 535 1244 Wesselingius.
593 1194 668 1229 Pro
708 1194 788 1230 Πα-

129 1246 322 1303 ραιβάτης
355 1249 432 1287 duo
478 1250 563 1286 libri
594 1245 790 1300 Παραβά-

131 1319 222 1358 τηςε
246 1320 364 1358 quam
385 1306 549 1343 eandem
569 1308 792 1343 varietatem

130 1364 180 1402 ad
204 1362 399 1401 Plutarch.
427 1365 485 1399 De
506 1364 548 1400 S.
569 1364 616 1399 N.
638 1364 684 1399 V.
703 1374 792 1413 pag.

130 1420 184 1463 55
224 1428 381 1457 annotat
412 1418 689 1471 Wyttenbach.
722 1418 794 1455 Do-

130 1480 197 1515 riez·
219 1478 266 1514 ab
293 1478 492 1527 Egestanis
519 1477 559 1512 in
581 1476 710 1513 Sicilia
730 1476 794 1510 in-

130 1534 276 1572 terfecti
318 1535 454 1570 Noster
493 1533 672 1569 meminit
710 1533 792 1579 VII,

134 1590 227 1632 158.
257 1590 339 1631 205
373 1591 499 1627 collat.
520 1589 680 1626 Diodor.
714 1590 793 1626 Sic.

129 1649 193 1695 IV,
224 1650 277 1688 23
309 1654 346 1684 et
379 1649 544 1684 Pausan.
574 1647 601 1683 l.
623 1648 648 1683 l.
671 1647 792 1682 Paulo

130 1711 215 1756 post
236 1703 324 1741 dedi
343 1699 589 1756 Ἐγεσταίων,
612 1703 718 1740 editt.
730 1716 792 1739 ree

130 1768 247 1799 centt.
270 1766 421 1798 secutus
452 1768 489 1798 et
511 1759 623 1798 codd.
652 1760 794 1811 proba-

130 1826 202 1856 tos.
260 1819 465 1855 Fluctuant
485 1819 591 1853 enim
617 1818 704 1854 libri
724 1831 794 1854 ve-

132 1875 220 1913 tusti
249 1876 290 1911 in
320 1874 434 1912 huius
462 1875 565 1912 vocis
597 1875 792 1925 scriptura,

132 1932 180 1969 de
211 1945 287 1984 qua
316 1933 516 1969 conserunt
535 1930 679 1968 Herod.
710 1932 793 1978 VII,

135 1988 227 2030 158.
258 1990 397 2028 Wasse
418 1987 670 2040 adThucyd.
690 1988 735 2034 V3
755 1990 793 2027 6.

133 2046 218 2094 [ubi
265 2059 369 2083 nunc
419 2059 574 2098 quoque
619 2044 795 2082 videatur

133 2104 268 2154 Poppo
299 2117 387 2154 pag.
423 2103 502 2143 149
544 2101 604 2138 ed.
636 2102 792 2139 Gervin.

133 2160 221 2197 coll.
250 2173 339 2211 pag.
375 2161 482 2208 138]
526 2160 708 2211 Sylburg.
745 2157 794 2195 ad

134 2218 292 2269 Dionys.
314 2218 437 2253 Halic.
457 2218 616 2268 Antiqq.
638 2218 793 2252 Romm.

134 2274 151 2309 Ι
172 2284 209 2324 p.
231 2274 300 2314 42.
329 2295 386 2301 -—
413 2274 560 2310 Vocem
588 2269 724 2319 πάθος
746 2271 794 2309 ad

136 2330 286 2367 cladem
318 2338 515 2380 acceptam
551 2337 795 2382 mortemque

138 2388 279 2435 referor,
319 2388 367 2424 cs.
396 2388 442 2435 V,
472 2389 525 2428 87
555 2394 591 2423 et
619 2388 796 2423 Perizon.

137 2443 186 2480 ad
224 2445 375 2481 Aeliau.
404 2445 451 2482 V.
479 2446 530 2481 H.
554 2445 620 2492 ΠΙ,
651 2447 718 2491 52,
747 2457 797 2480 ne

138 2501 260 2551 plura.

195 2555 279 2608 ἔσχε
302 2551 480 2608 Μινώην
510 2554 584 2608 τὴν
606 2560 800 2597 Σελινου-

142 2611 265 2662 σίων]
311 2615 357 2651 In
393 2627 488 2652 voce
529 2614 800 2654 Σελινουσίων

142 2667 238 2716 libri,
252 2677 439 2722 qnantum
451 2672 542 2719 scio,
565 2672 801 2722 conspirant.

145 2725 258 2774 Apud
285 2726 559 2779 Thucydidem
590 2742 634 2766 ac
653 2730 800 2766 Pausa-

144 2781 248 2818 niam
267 2782 436 2836 itemque
468 2786 507 2821 iu
527 2786 654 2823 munis
684 2787 800 2824 altera

845 1140 967 1172 exstat
979 1130 1395 1180 ΐοηηειΣελινούντιοι,
1410 1131 1514 1169 unde

846 1191 949 1242 apud
977 1193 1133 1228 Latinos
1155 1190 1363 1229 Selinuntii.
1424 1189 1512 1227 Vid.

845 1250 1092 1299 Reinganum
1138 1250 1180 1284 iu
1219 1248 1425 1298 scriptione
1465 1245 1514 1283 de

846 1306 941 1342 urbe
973 1306 1173 1343 Selinunte
1211 1317 1300 1355 pag.
1336 1307 1388 1344 73
1402 1331 1415 1348 ,
1447 1304 1515 1354 qui

848 1362 953 1398 idem
983 1375 1073 1415 pag.
1103 1363 1182 1402 192
1212 1374 1293 1413 seq.
1315 1360 1363 1397 de
1384 1359 1514 1397 ᾹῙίηοα

850 1418 1128 1465 consulendus,
1167 1431 1267 1469 quae
1297 1417 1346 1453 ad
1375 1417 1514 1467 Halyci

851 1476 944 1512 ostia
957 1477 996 1511 in
1013 1475 1166 1512 Siciliae
1186 1487 1251 1511 ora
1271 1473 1516 1510 meridionali

851 1546 873 1569 a
889 1532 1133 1568 Cretensibus
1151 1532 1276 1582 prisco
1300 1529 1515 1567 admodum

851 1602 958 1637 aevo,
979 1595 1022 1625 ut
1042 1589 1146 1625 sama
1166 1588 1325 1635 ferebat,
1349 1586 1515 1634 condita,

850 1654 942 1683 tunc
979 1645 1162 1696 temporis
1208 1643 1257 1681 ad
1303 1645 1516 1682 Selinuntis

851 1703 1037 1741 ditionem
1067 1702 1270 1753 pertinuit,
1303 1702 1405 1738 circa
1424 1713 1516 1737 ann.

851 1759 933 1800 508
969 1773 1004 1796 a.
1037 1759 1126 1796 Chr.
1146 1772 1208 1807 n.‚
1240 1771 1336 1795 mox
1355 1771 1446 1795 vero
1469 1757 1516 1793 ab

850 1815 908 1853 his
948 1816 1036 1867 ipsis
1084 1817 1250 1852 Doribus
1299 1813 1515 1851 secundum

850 1874 1059 1910 Herculem
1067 1880 1202 1910 vocata
1214 1878 1269 1908 est
1279 1868 1487 1920 Ἡράκλεια
1500 1885 1514 1909 .·

851 1943 929 1982 quo
960 1931 1120 1966 nomine
1136 1959 1147 1978 ‚
1187 1929 1250 1967 vel
1270 1928 1400 1966 addita
1419 1940 1516 1966 voce

853 1983 1007 2027 Μινώα
1037 1987 1099 2024 vel
1131 1987 1290 2033 omissa,
1342 1984 1433 2022 inde
1467 1985 1515 2021 ab

850 2042 925 2081 hoc
948 2051 1122 2095 tempore
1131 2044 1359 2095 plerumque
1379 2042 1517 2078 urbem

851 2102 1035 2152 appellari
1093 2101 1325 2138 invenimus.
1412 2097 1515 2135 Add.

849 2160 1041 2203 Mannert.
1065 2159 1207 2207 Geogr.
1226 2158 1293 2194 Gr.
1309 2163 1347 2193 et
1357 2157 1514 2193 Romm.

849 2216 917 2264 IX,
935 2218 962 2283 2,
982 2227 1070 2282 Bag.
1093 2213 1173 2256 364
1182 2226 1275 2285 seq.

910 2287 1032 2318 αυτος
1061 2271 1271 2322 τυραννιδι
1307 2268 1513 2321 ἐπεχείρη-

853 2329 922 2378 σε]
952 2329 1114 2366 Restitui
1133 2340 1223 2365 cum
1244 2334 1404 2364 recentt.
1427 2325 1517 2363 edd.

852 2386 1062 2438 τυραννίδι
1079 2414 1089 2432 ,
1130 2386 1176 2422 ab
1206 2397 1285 2421 uno
1307 2382 1515 2422 Schaefero

855 2443 1052 2481 Sancrofti
1068 2443 1154 2479 libri
1174 2442 1397 2478 auctoritate
1426 2453 1517 2477 mu-

856 2507 978 2538 tatum
998 2501 1038 2535 in
1058 2499 1256 2552 τνραννίδ
1272 2513 1308 2537 α.
1327 2499 1403 2535 Vix
1415 2497 1519 2533 enim

857 2558 904 2594 ab
934 2555 1131 2593 Herodoto
1163 2562 1201 2592 et
1230 2555 1297 2607 qui
1329 2555 1408 2591 eius
1428 2552 1516 2591 sunt

857 2615 1033 2666 aequales
1046 2642 1056 2661 ,
1127 2612 1386 2650 accusativum
1426 2609 1515 2646 huic

856 2672 974 2710 verbo
995 2669 1140 2707 adstrui
1160 2668 1315 2707 credam
1329 2697 1339 2716 ‚
1379 2677 1518 2718 quam-

857 2741 976 2780 quam
1024 2726 1124 2764 hanc
1168 2733 1398 2763 structuram
1437 2733 1516 2757 non

857 2797 1010 2837 prorsus
1029 2784 1195 2821 alienam
1206 2795 1284 2819 esse
1294 2783 1518 2823 monstrant,

1512 883 1591 924 394
