1897 3340
515 169 990 210 POLYMNIA.
1051 171 1150 210 V11.

1355 179 1437 219 707

175 280 319 320 θανον
348 279 574 334 τρισχίλιοι
604 278 742 323 οὕτω·
777 276 924 321 αὐτῶν
955 277 1002 320 δὲ
1036 280 1322 333 Ταραντίνων
1352 283 1435 329 οὐκ
1447 294 1491 328 35

148 352 169 384 6
180 343 310 400 ἐπέην
340 344 544 401 ἀριθμός.
605 345 629 390 ὁ
669 347 716 390 δὲ
749 346 978 398 Μίκυθος,
1007 345 1174 403 οἰκέτης
1202 345 1288 389 ἐών
1315 347 1436 393 Ἀνα-

175 413 310 463 ξίλεω.
341 413 572 469 ἐπίτροπος
596 412 768 469 Ῥηγίου
786 414 1111 458 καταλέλειπτο·
1144 408 1274 465 οὗτος
1303 413 1435 472 ὅσπερ

176 480 370 525 ἐκπεσών
414 482 460 525 ἐκ
485 482 670 537 Ῥηγίου,
701 481 773 524 καὶ
809 481 967 538 Τεγέην
1005 481 1085 538 τήν
1108 479 1336 537 Ἀρκάδων
1366 485 1437 526 οἰ-

174 546 322 604 κήσας,
351 550 536 606 ἀνέθηκε
563 549 611 592 ἐν
636 548 849 605 Ὀλυμπίῃ
877 549 980 600 τούς
1019 550 1207 602 πολλοὺς
1238 548 1438 606 ἀνδριάν-

14 616 105 663 171
174 633 261 667 τας.
317 614 439 661 Ἀλλά
459 616 512 660 τοὶ
541 617 622 672 μὲν
650 616 759 661 κατοὶ
784 616 1010 673 Ῥηγίνους
1045 634 1090 661 τε
1119 618 1194 661 καὶ
1227 619 1437 672 Ταραντί-
1496 622 1535 649 ‘¹⁴³
1553 621 1664 652 Cretae
1683 627 1766 654 cala-

1495 656 1657 685 mitatibus.
1669 660 1766 687 Huius

171 701 278 736 νους
307 689 387 729 τοῦ
416 684 553 740 λόγου
582 702 657 741 μοι
687 682 941 742 παρενθήκη
970 685 1136 740 γέγονε.
1178 685 1246 737 Ἐς
1279 685 1324 730 δὲ
1353 686 1434 743 τὴν
1446 689 1615 727 4Oi¹1³¹¹¹ae
1634 693 1686 719 alii
1698 694 1765 722 aliis

1494 725 1680 759 temporibus
1705 727 1748 755 in·

169 752 350 809 Κρήτην
370 752 684 809 ἐρημωθεῖσαν,
716 751 776 805 ὥς
792 752 966 809 λέγουσι
981 754 1202 807 Πραίσιοι,
1235 753 1434 808 ἓσοικίζε-
1492 758 1590 787 00138·

168 825 274 864 σθαι
307 819 466 872 ἄλλους
496 837 539 864 τε
571 820 852 875 ἀνθρώπους,
883 821 957 863 καὶ
986 820 1172 876 μάλιστα
1191 820 1431 878 Ἕλληνας·

166 889 288 944 τρίτῃ
318 889 364 932 δὲ
393 892 519 946 γενεῇ
547 888 651 944 μετὰ
681 890 846 932 Μίνωα
886 888 1199 945 τελευτήσαντα
1227 890 1434 945 γενέσθαι

169 953 223 997 τὰ
269 957 461 1012 Τρωὶ’κά’
494 957 541 1001 ἐν
581 961 694 1001 τοῖσι
724 955 778 1000 οὐ
818 955 1152 1012 φλαυροτάτους
1193 959 1432 1013 φαίνεσθαι

168 1135 244 1179 ov’n
279 1140 399 1193 ἐπέην
431 1112 640 1195 ἆριδμός]
684 1144 709 1182 ἰ.
733 1157 766 1180 e.

110 1209 177 1233 non
213 1199 391 1246 exstabat,
421 1201 606 1237 constabat
647 1213 768 1238 nume-

109 1265 182 1290 rus·
239 1256 325 1291 Non
347 1256 454 1292 aliter
475 1257 554 1292 fere
575 1257 655 1304 VII,
688 1258 761 1296 191

107 1311 194 1349 coll.
225 1310 290 1359 VI,
323 1314 377 1352 86
408 1313 445 1358 §.
467 1314 505 1352 3.
562 1312 626 1349 Ad
645 1314 766 1364 ipsam

105 1367 319 1417 imperfecti
337 1369 504 1405 formam
522 1367 641 1420 ἐπέην
662 1369 764 1407 conf.

105 1423 275 1463 Werfer.
304 1427 344 1461 in
370 1426 468 1463 Actt.
494 1424 601 1476 phill.
632 1427 766 1464 Monn.

106 1481 126 1517 Ι
155 1495 195 1532 p.
219 1483 311 1523 104.
370 1483 428 1519 De
459 1482 627 1533 Illicytlzo
661 1484 767 1521 locus

106 1537 294 1586 classicus,
334 1537 396 1576 hic
438 1552 556 1591 quam
596 1541 766 1577 maxime

105 1595 374 1645 consulendus,
414 1603 537 1633 exstat
556 1597 766 1634 Pausaniae

104 1650 156 1699 V,
186 1655 238 1693 26
276 1653 312 1698 ᾗ.
333 1652 386 1700 4,
427 1654 494 1689 ubi
523 1654 586 1689 ille
607 1661 767 1691 vocatur

105 1708 329 1759 Σμίκνθος.
387 1709 466 1747 Sed
487 1709 675 1761 BIz'cytlzus
698 1713 767 1747 Iu-

104 1766 204 1801 stino
231 1765 388 1813 dicitur,
409 1765 580 1803 Diodoro
611 1769 680 1816 XI,
696 1767 765 1809 48.

106 1823 159 1861 66
183 1820 267 1871 (ubi
287 1821 365 1859 vid.
395 1823 526 1871 nott.),
547 1824 640 1860 aliis.
690 1824 764 1869 Qui

105 1875 146 1916 h.
183 1879 209 1914 l.
252 1877 464 1931 ἐπίτροπος
504 1887 559 1916 est
599 1879 665 1928 (de
688 1893 764 1932 qua

104 1946 199 1972 voce
227 1936 329 1973 conf.
361 1936 473 1972 allata
500 1935 550 1973 ad
568 1937 650 1984 Vll,
674 1938 760 1986 62),

102 1991 135 2028 is
162 1991 264 2042 apud
292 1994 522 2030 Pausaniam
550 1993 575 2030 l.
597 1993 623 2034 l.
645 2006 762 2031 voca-

104 2053 166 2085 tur
203 2049 348 2095 δοῦλος
396 2048 465 2088 καὶ
500 2050 642 2101 ταμίας
680 2052 776 2089 τῶν

97 2098 280 2152 Ἀναξίλα
318 2101 553 2157 χρημάτων,
602 2113 645 2143 ut
682 2107 761 2143 fere

102 2162 303 2212 Harpagus
324 2162 426 2213 apud
447 2162 589 2200 Herod.
614 2165 644 2211 Ι,
668 2166 758 2204 108.

101 2218 148 2253 111
185 2219 563 2270 Plusquamperfecto
598 2218 762 2259 καταλέ-

103 2275 236 2313 λειπτο
285 2282 538 2324 angmentum
576 2278 759 2314 omissum

103 2331 233 2368 notavi
253 2329 303 2367 ad
323 2332 366 2378 V,
389 2334 454 2371 34.

293 2420 387 2471 Cap.
408 2420 582 2457 CLXXI.

158 2496 426 2551 παρενθήκη]
464 2499 574 2535 Couf.
609 2498 674 2546 VI,
712 2502 762 2540 19

102 2555 232 2608 ibique
253 2564 350 2594 nott.
413 2556 519 2601 Quae
547 2562 760 2606 sequuntur

102 2614 218 2650 verba
231 2644 240 2661 ‚
271 2626 404 2650 eorum
423 2613 554 2650 similis
574 2619 760 2648 structura

107 2676 221 2721 atque
241 2671 304 2717 IV,
320 2670 344 2711 5
364 2670 460 2716 init„
482 2670 549 2705 ubi
567 2667 645 2705 vid.
661 2675 760 2705 nott.

105 2725 238 2778 Itaque
288 2726 336 2763 de
378 2726 541 2763 lectione
574 2723 760 2762 mutanda

104 2794 185 2819 uon
216 2783 378 2821 debebat
407 2784 572 2833 cogitare
593 2779 759 2819 Valcke-

824 1142 988 1178 naerius.
1047 1141 1150 1187 Quos
1189 1148 1301 1180 vocat
1343 1138 1487 1190 ἄλλους

825 1193 1086 1250 ἀνθρώπους,
1108 1212 1187 1236 non
1210 1200 1302 1236 alios
1324 1212 1403 1236 esse
1425 1206 1485 1237 at-

823 1267 898 1306 que
919 1255 1099 1303 barbaros,
1132 1269 1182 1292 ex
1203 1255 1338 1293 additis
1361 1256 1487 1294 verbis

821 1310 890 1350 καὶ
916 1307 1298 1363 μάλιστα”Έλληνας
1316 1320 1486 1363 apparet.

824 1368 926 1413 Quos
948 1370 1113 1406 Graecos
1134 1370 1303 1420 singulos
1326 1369 1484 1421 quidem

825 1427 1047 1462 commercii
1085 1438 1197 1462 causa
1235 1424 1311 1462 huc
1341 1425 1485 1463 delatos

823 1495 904 1518 esse
931 1483 1040 1533 pouit
1065 1481 1214 1520 Hoeck.
1245 1483 1345 1521 Cret.
1377 1484 1412 1519 II
1443 1497 1485 1534 p.

822 1537 918 1586 406,
956 1552 1085 1591 neque
1117 1552 1208 1577 vero
1239 1538 1286 1576 de
1315 1540 1486 1576 Graeco-

821 1607 909 1631 rum
948 1596 1117 1644 colonia‚
1154 1608 1253 1648 quae
1283 1596 1383 1632 intra
1418 1596 1484 1633 Si-

824 1653 932 1688 culae
954 1652 1206 1704 expeditionis
1223 1659 1259 1690 et
1274 1653 1364 1689 belli
1377 1653 1483 1690 Tro-

822 1709 900 1745 iani
915 1716 1088 1760 tempora
1107 1710 1349 1759 immigrarit,
1372 1710 1482 1759 cogi-

821 1765 1004 1814 tandumt,
1035 1767 1178 1818 quippe
1208 1765 1257 1802 de
1289 1765 1364 1817 qua
1385 1765 1481 1802 nihil

821 1821 1035 1874 quidquam
1083 1835 1259 1874 unquam
1297 1821 1482 1858 traditum

821 1886 954 1916 exstet.
1015 1879 1088 1923 Qui
1108 1878 1212 1915 idem
1231 1877 1381 1915 Hoeck.
1402 1879 1428 1916 l.
1451 1879 1478 1918 l.

818 1948 856 1985 p.
879 1937 959 1976 398
1002 1936 1140 1972 Minois
1182 1935 1340 1986 stirpem
1370 1936 1480 1985 ponit

818 1991 881 2028 vel
919 1998 1005 2041 post
1044 1991 1330 2042 expeditionem
1369 1992 1478 2028 illam

820 2048 991 2085 Siculam
1022 2049 1155 2085 Cretae
1183 2049 1389 2099 imperium
1418 2055 1478 2085 te—

817 2105 956 2152 nuisse,
978 2104 1100 2142 donec
1119 2112 1204 2156 post
1220 2106 1360 2142 Troica
1380 2106 1478 2142 bella

817 2162 858 2197 iu
905 2162 1073 2212 singulas
1127 2163 1296 2199 civitates
1342 2162 1478 2199 liberas

819 2217 1044 2255 dissolutum
1063 2218 1159 2256 illud
1184 2219 1310 2257 fuerit.
1371 2219 1477 2264 Quae

816 2288 912 2311 num
951 2274 1138 2312 Herodoti
1174 2276 1298 2312 verbis
1347 2275 1476 2312 omnia

817 2339 1044 2382 congruant,
1072 2331 1235 2369 viderint
1257 2332 1336 2369 alii.
1378 2333 1476 2370 Tres

817 2395 967 2437 autem,
1001 2402 1099 2441 quae
1128 2388 1191 2427 hic
1211 2395 1478 2425 memorantur

817 2444 974 2495 γενεαὶ,
1025 2450 1162 2484 centum
1201 2446 1323 2482 ferme
1357 2458 1476 2482 annos

818 2513 908 2536 cum
936 2501 1152 2549 absolvant,
1173 2509 1267 2540 teste
1295 2503 1375 2552 ipso
1396 2503 1477 2537 He-

817 2556 952 2593 rodoto
972 2559 1020 2606 II,
1044 2558 1142 2605 142,
1163 2560 1335 2595 Minoem
1358 2558 1474 2605 vulgo

816 2619 964 2662 ponunt
984 2626 1085 2651 anno
1110 2618 1238 2663 1300,
1269 2627 1327 2650 res
1358 2614 1394 2649 T
1398 2613 1476 2649 roi-

815 2682 877 2706 cas
907 2682 1008 2706 anno
1043 2674 1149 2712 1200
1182 2684 1217 2708 a.
1248 2669 1335 2706 Chr.
1357 2682 1393 2705 n.
1418 2691 1468 2696 —

815 2724 876 2762 Ad
889 2726 1054 2763 formam
1068 2728 1216 2765 ItIc'vcoct
1229 2726 1361 2771 cf.V11‚
1379 2726 1469 2764 170.

872 2778 923 2822 ου’
932 2780 1255 2876 φλαυροΞᾶΓτᾟς]
1296 2779 1472 2817 Eandem

1125 2852 1148 2876 o
