1897 3340
487 165 952 204 POLYMNIA.
1013 165 1114 201 Vll.

1342 172 1424 209 (565

327 273 459 320 Ἐχθρὲ
484 274 760 320 περικτιόνεσσι,
785 271 860 318 φιλ’
885 271 1113 308 ἀθανάτοισι
1134 274 1270 314 θεοῖσι,
1438 279 1480 312 25

328 333 414 367 εἴσω
438 332 506 368 τὸν
529 331 757 379 προβόλαιον
782 329 884 375 ἔχων,
908 328 1188 374 πεφυλαγμένος
1210 323 1292 372 ἧσο,

330 390 393 425 καὶ
416 389 579 434 κεφαλὴν
602 387 811 433 πεφύλαξο·
836 385 929 432 κάρη
955 385 995 422 δὲ
1019 385 1062 422 τὸ
1089 387 1194 430 σῶμα
1217 384 1361 421 σαώσει.

137 472 309 512 5ταῦτα
338 470 417 525 μὲν
447 469 525 525 τὴν
556 469 735 524 Πυθίην
763 471 919 524 χρῆσαι
948 465 1187 520 πρότερον·
1221 463 1325 520 μετὰ
1366 465 1426 518 δὲ,
1439 473 1484 507 30

167 536 223 587 ὡς
252 535 396 580 ἐλθεῖν
429 535 531 588 τούς
562 534 771 591 ἆγγέλους
801 535 844 586 ἐς
874 534 927 591 δή
959 534 1006 578 τὸ
1028 534 1200 590 Ἄργος,
1234 533 1429 576 ἐπελθεῖν

138 603 236 648 6ἓπὶ
275 603 323 648 τὰ
363 602 701 660 βουλευτήριον,
755 604 829 647 καὶ
869 602 1009 658 λέγειν
1037 603 1091 646 τοὶ
1131 602 1427 658 ἐντεταλμένα.

164 672 269 724 τούς
299 673 344 716 δὲ
371 671 479 726 πρὸς
507 671 560 714 τὰ
588 671 797 726 λεγόμενα
825 669 1176 727 ὑποκρίνασθαι,
1207 667 1266 721 ὦς
1293 669 1428 721 ,ἑτοῖ-

165 742 267 796 ,,μοί
296 743 377 784 εἰσι
401 739 589 795 Ἀργεῖοι
618 739 785 783 ποιέειν
814 743 963 787 ταῦτα,
986 736 1220 794 τριήκοντα
1250 738 1344 781 ἔτεα
1375 739 1430 781 εἶ-

164 808 330 864 ,,ρη’νην
363 807 641 864 σπεισάμενοι
672 808 1069 863 Λακεδαιμονίοισι,
1098 806 1171 850 καὶ
1200 805 1485 863 ἡγεόμενοι35

161 999 301 1055 Ἐχθρὲ
316 1000 602 1056 περικτιόνεσσι
616 1020 651 1044 κ.
664 1020 697 1044 τ.
708 1004 763 1053 λ.]

107 1061 186 1097 Hos
197 1075 326 1098 versus
337 1059 479 1098 habeut
488 1062 768 1112 Euseb.Praep.

107 1118 173 1165 VI,
194 1121 220 1158 7
240 1131 278 1169 p.
302 1117 384 1159 255
411 1116 581 1159 Chalcid.
602 1119 643 1155 in
663 1119 769 1156 Tim.

822 1018 857 1041 c.
887 1006 913 1044 7
943 1016 1032 1054 pag.
1070 1001 1153 1043 342
1185 1002 1244 1043 ed.
1274 1004 1398 1053 Fabr.,
1421 1005 1485 1057 qui

826 1061 879 1098 sic
898 1061 1015 1098 latine
1036 1058 1225 1097 reddidit:

382 1194 513 1228 Vicinis
538 1195 681 1236 offensa,
706 1195 778 1229 Deo
804 1192 976 1228 carissima
1000 1193 1120 1239 plebes

386 1241 561 1274 Armorum
587 1241 705 1275 cohibe
728 1239 920 1280 munimina,
947 1239 1101 1285 corporis
1126 1249 1224 1273 omne

381 1285 573 1320 Discrimen
598 1287 671 1320 sola
694 1287 816 1333 capitis
840 1285 1009 1320 tutabitur
1033 1286 1163 1319 umbra.

107 1357 159 1393 Et
188 1355 290 1393 conf.
319 1355 593 1396 VVachsmuth.
618 1359 770 1396 Hellen.

107 1411 383 1450 Alterthumsk.
421 1415 452 1461 Ι,
483 1417 509 1454 2
537 1428 577 1466 p.
602 1417 674 1464 13,
703 1416 770 1452 ubi

109 1470 306 1506 oraculum
326 1468 400 1507 hoc
420 1484 487 1521 pro
509 1472 676 1522 genuino
698 1470 771 1509 ha-

109 1527 191 1563 beri
228 1540 337 1577 posse
375 1535 505 1578 negat.
563 1530 628 1565 Tu
667 1530 767 1568 conf.

110 1584 226 1620 etiam
253 1591 348 1621 nott.
374 1583 423 1621 ad
443 1585 522 1632 VII,
548 1585 625 1626 149
646 1585 710 1623 fin.

166 1639 258 1679 εἴσω
287 1637 354 1679 τὸν
377 1638 622 1693 προβόλαιον
650 1641 766 1692 ἔχων]

109 1697 216 1732 Bene
253 1704 339 1747 post
386 1699 548 1735 Cora'e'm
597 1699 771 1736 observat

111 1751 333 1803 Schweigh.
386 1752 626 1805 προβόλαιον
673 1754 770 1792 nihil

113 1808 216 1846 aliud
247 1809 321 1846 dici
359 1812 432 1847 nisi
452 1812 678 1859 venabulum,
706 1812 771 1849 Ιια-

112 1869 202 1903 stam
229 1873 294 1903 aut
321 1871 500 1914 verutum,
536 1867 640 1919 quod
671 1884 772 1919 προ-

112 1918 252 1973 βόλιον
261 1922 523 1974 Xenophonti,
544 1926 678 1962 Nostro
691 1926 772 1973 VH,

112 1982 166 2020 76
197 1975 398 2031 πρόβολος
426 1988 604 2029 vocatur3
644 1983 773 2032 itaque

111 2032 183 2075 τόν
203 2033 447 2087 προβόλαιον
468 2037 559 2076 εἴσω
582 2037 684 2088 ἔχειν
705 2039 772 2075 ha-

115 2096 205 2129 stam
233 2094 328 2132 intus
362 2106 531 2144 premere,
583 2107 649 2132 non
672 2108 774 2132 exse-

113 2161 206 2196 rere,
236 2151 387 2198 quietum
416 2164 487 2188 sese
517 2155 647 2199 tenere,
688 2153 772 2199 nisi,

114 2212 297 2241 monente
328 2206 470 2256 Corae,
520 2209 586 2259 qui
626 2208 774 2246 confert

114 2259 296 2310 Xenoph.
318 2261 462 2313 Cyneg.
486 2265 537 2304 10
559 2265 596 2310 ξ.
627 2267 690 2305 12.
723 2267 774 2305 16

114 2318 146 2354 is
179 2317 401 2366 intelligitur
437 2325 552 2356 status
586 2322 775 2358 venatoris

117 2380 183 2410 aut
209 2374 350 2419 militis,
374 2387 449 2425 quo
468 2382 619 2424 paratus
640 2384 694 2413 est
713 2378 775 2414 vel

118 2429 168 2467 ad
186 2431 306 2467 ictum
325 2430 427 2467 ferae
453 2437 518 2466 aut
547 2429 644 2468 hosti
673 2433 775 2469 iufe-

118 2485 300 2534 rendum'‚
329 2487 390 2524 vel
411 2485 458 2524 ad
478 2487 576 2523 illius
588 2488 775 2538 impetum

118 2542 383 2581 sustinendum
436 2543 776 2595 avertendumque.

119 2599 342 2647 Larcherus,
360 2612 496 2637 murum
515 2613 608 2637 voce
620 2597 775 2650 προβό-

120 2658 232 2696 λαιον
270 2655 430 2693 indicari
467 2663 589 2703 ratus,
640 2656 777 2706 refingi

121 2714 307 2750 maluerat
344 2709 389 2752 τό
431 2708 672 2763 προβόλαιον
714 2713 775 2751 vel

122 2769 244 2819 potius
263 2771 344 2809 τῶν
363 2767 602 2821 προβολέων,
625 2769 690 2821 qui
705 2781 775 2819 ge-

825 1358 965 1395 nitivus
994 1356 1161 1408 pendeat
1191 1357 1238 1393 ab
1273 1355 1377 1395 εἴσω.
1435 1358 1487 1394 At

826 1421 956 1465 postea
977 1413 1026 1451 ad
1043 1415 1182 1451 Comes
1202 1414 1429 1451 sententiam
1447 1427 1486 1451 se

827 1472 1042 1522 applicavit.
1100 1471 1200 1509 Satis
1230 1477 1359 1507 autem
1384 1477 1487 1521 patet

827 1528 970 1565 oraculi
989 1527 1093 1564 hunc
1125 1540 1204 1565 esse
1229 1540 1405 1576 sensum⁷
1445 1534 1488 1564 ut

825 1585 959 1635 Argivi
978 1583 1051 1622 hoc
1072 1585 1112 1620 in
1131 1584 1232 1621 bello
1261 1585 1487 1621 imminente

826 1649 1003 1678 neutram
1041 1648 1293 1693 sequerentur
1325 1648 1486 1692 partem.

829 1722 879 1726 —-
901 1699 946 1735 In
966 1711 1077 1736 versu
1096 1700 1205 1735 tertio
1227 1711 1321 1736 voce
1340 1694 1414 1748 τήν
1427 1711 1487 1735 κε-

828 1751 962 1806 φαλήν
983 1768 1111 1791 arcem
1140 1755 1394 1804 Argivorum,
1426 1755 1488 1790 cui

826 1811 1000 1849 Larissae
1019 1824 1182 1859 nomeu,
1213 1811 1375 1861 intelligi
1404 1823 1488 1846 cre-

830 1867 933 1904 dam.

885 1923 1103 1972 ἐπελθεῖν]
1134 1925 1158 1962 i.
1181 1937 1215 1962 e.
1235 1923 1390 1971 adiisse,
1423 1936 1488 1961 ac-

829 1983 968 2018 cessisse
992 1981 1042 2017 ad
1062 1982 1210 2019 curiam.
1250 1982 1350 2017 Male
1375 1979 1488 2017 codd.

829 2037 974 2089 aliquot
991 2036 1183 2076 ἐσελθεῖν.
1225 2037 1336 2074 conf.
1356 2038 1425 2085 IX,
1448 2039 1487 2077 6.

829 2093 891 2131 Ad
903 2107 983 2146 seq.
1005 2090 1099 2140 τούς
1121 2091 1162 2132 δὲ
1175 2095 1298 2145 suppl.
1321 2094 1489 2144 βουλευ-

828 2148 910 2198 τάς,
932 2163 1021 2188 cum
1039 2149 1246 2199 'antecedat
1272 2144 1489 2201 βουλευτή-

833 2222 921 2258 ριον
942 2214 979 2244 et
997 2207 1112 2258 paulo
1132 2207 1230 2244 iufra
1249 2207 1397 2258 legatur
1416 2202 1490 2258 τὴν

830 2260 997 2316 βουλήν.

890 2316 1148 2371 σπεισάμενοι
1191 2317 1488 2370 Λακεδαιμονί-

833 2388 924 2425 οισι,
952 2375 1020 2416 καὶ
1042 2372 1288 2428 ἡγεόμενοι]
1323 2377 1489 2414 Observa

831 2440 1050 2483 temporum
1068 2434 1255 2470 rationem
1274 2434 1314 2469 in
1331 2432 1388 2469 his
1399 2445 1489 2483 par-

831 2490 894 2525 tici
898 2490 979 2540 piis,
990 2502 1155 2540 quorum
1175 2491 1337 2527 alterum
1350 2487 1396 2525 ad
1408 2499 1490 2524 rem

833 2558 912 2582 uno
942 2552 1029 2582 actu
1059 2546 1292 2594 absolutam,
1329 2546 1490 2581 alterum

833 2599 882 2637 ad
900 2607 1039 2638 statum
1055 2601 1325 2653 perdurantem
1342 2607 1377 2636 et
1394 2611 1489 2636 cou-

833 2657 1022 2694 tinuatum
1056 2665 1212 2709 spectat.
1276 2655 1338 2693 Ad
1375 2655 1490 2692 verba

831 2726 936 2766 seqq.
971 2714 1041 2753 καί
1067 2730 1130 2754 τοι
1156 2710 1254 2753 κατά
1284 2726 1327 2764 γε
1358 2707 1402 2750 τό
1428 2710 1489 2748 δί-

831 2784 946 2810 καιον
991 2771 1090 2808 bene
1148 2769 1240 2807 haec
1298 2765 1487 2818 adscripsit
