1897 3340
451 278 536 318 5⁰0
853 275 1319 314 HERODOTI

453 382 531 426 τὸν
564 381 740 426 Πόντον
783 383 855 439 ἔχῃ
884 382 907 426 ὁ
933 382 1204 439 βουλόμενος
1244 382 1390 426 πλέειν
1424 384 1616 427 πλοίοισι
1652 387 1714 427 λε-

427 455 615 503 5πτοῖσι,
648 452 721 494 καὶ
751 451 797 494 ἐκ
827 455 906 494 τοῦ
925 450 1100 494 Πόντου
1130 450 1220 501 ἔξω.
1268 455 1405 494 ταῦτα
1435 452 1480 495 δὲ
1509 449 1715 507 ποιήσαν-

451 535 530 572 τες,
551 518 798 562 κατέτεινον
829 519 874 561 ἐκ
906 522 984 574 γῆς
1007 520 1312 572 στρεβλοῦντες
1333 516 1475 561 ὄνοισι
1505 520 1716 569 ξυλίνοισι

452 585 504 629 τοὶ
536 585 673 629 ὅπλα·
704 584 849 630 οὐκέτι
878 585 1008 640 χωρὶς
1038 583 1216 639 ἑκάτεροι
1244 585 1460 638 τάξαντες,
1491 585 1598 628 ἀλλά
1630 584 1713 629 δύο
1726 591 1771 625 ἳο

394 794 545 819 vacuum
582 782 673 817 inter
709 784 967 831 penteconteros
999 793 1056 818 ae-

396 851 460 888 que
501 841 608 887 atque
643 838 795 874 triremes
821 838 934 874 tribus
959 838 1056 884 locis,

394 896 435 930 in
457 907 502 931 eo
517 895 632 944 igitur
650 901 779 944 ponte,
801 895 866 946 qui
893 895 1058 931 triremi-

395 952 466 987 bus
498 957 535 987 et
562 952 601 986 iu
633 963 691 996 eo,
725 951 791 1002 qui
810 957 1059 1000 penteconte-

395 1009 445 1043 ris
466 1009 614 1043 iunctus
645 1006 729 1043 fuit.
779 1006 823 1043 Id
852 1019 942 1044 sane
970 1020 1059 1057 spe-

397 1065 543 1100 ciosum
553 1062 712 1110 videtur,
735 1075 860 1115 neque
875 1076 965 1100 vero
986 1077 1057 1099 ne—

396 1121 612 1166 cessarium,
623 1119 723 1155 libris
734 1121 954 1170 praesertim
963 1120 1057 1156 scri-

396 1177 468 1227 ptis
489 1170 793 1223 adversantibus'3
824 1175 927 1228 quod
954 1177 1058 1212 enim

397 1232 444 1270 de
466 1245 542 1269 uno
563 1239 701 1283 ponte,
725 1235 786 1284 qui
810 1240 1059 1283 penteconte-

343 1321 347 1326 .
395 1290 443 1326 ris
460 1295 695 1326 constructus
710 1296 800 1336 eret,
832 1289 967 1325 diserte
981 1296 1060 1325 tra-

397 1344 509 1392 ditur,
540 1344 582 1382 id
609 1344 657 1381 de
687 1346 804 1382 altero
837 1346 1058 1397 quominus

395 1403 539 1450 valeat,
578 1400 674 1437 nihil
696 1410 795 1438 certe
813 1404 962 1439 obstat..
999 1402 1058 1438 Cf.

395 1461 516 1496 Kruse
538 1459 563 1496 l.
584 1459 610 1494 l.
640 1471 725 1508 pag.
753 1459 828 1499 105
850 1472 927 1510 seq.
943 1460 1060 1495 Recte

396 1514 780 1564 Schweighaeuserus
827 1517 863 1551 in
893 1522 983 1552 nota
1011 1514 1059 1551 ad

395 1571 438 1610 h.
460 1573 509 1608 l.:
547 1572 736 1618 „Alternis
769 1572 920 1608 iunctae
953 1578 1059 1608 erant

396 1629 568 1665 triremes
607 1635 644 1663 et
676 1640 789 1664 naves
817 1629 955 1678 longae
980 1629 1059 1665 sive

397 1685 676 1735 pente-conteri:
699 1685 811 1720 tribus
829 1687 866 1721 in
894 1684 977 1721 locis
997 1685 1060 1720 in-

398 1748 455 1777 ter
476 1740 567 1776 duas
596 1742 767 1776 triremes
797 1741 918 1778 aberat
939 1744 1058 1790 pente-

397 1801 578 1842 conterus3
600 1804 635 1832 et
647 1798 823 1847 spatium,
844 1796 919 1848 qu&
935 1804 1059 1833 trans-

396 1854 494 1890 irent
522 1854 671 1889 minora
690 1854 862 1902 navigia,
892 1866 1060 1889 vacuum

397 1911 572 1946 relictum
602 1916 692 1946 erat.
706 1911 729 1929 “
795 1911 928 1960 Itaque
959 1910 1060 1946 male

396 1965 565 2003 Bekker.
594 1967 634 2002 in
664 1973 774 2002 textu
805 1965 977 2003 exhibuit
992 1964 1060 2005 καὶ

398 2021 590 2075 τριηρέων
618 2025 766 2073 τριχοῦ.

456 2090 732 2141 στρεβλοῦντες
786 2086 913 2129 ὄνοισι
953 2089 1061 2136 ξυλί-

399 2158 504 2184 νοισι
534 2142 581 2184 τὰ
616 2142 746 2193 ὅπλα]
797 2147 820 2182 i.
843 2160 876 2183 e.
897 2146 1059 2182 intende—

399 2206 484 2238 runt
508 2214 525 2238 e
546 2206 642 2238 terra
668 2205 858 2239 continente
884 2202 1058 2248 rudentes,

399 2271 484 2308 quos
516 2258 645 2306 ligneis
673 2258 806 2294 suculis
835 2258 1059 2306 torquebant3

400 2314 626 2359 vernacule3
670 2315 754 2360 „sie
792 2318 958 2362 spannten
985 2326 1060 2350 vom

402 2369 512 2406 Laud
533 2383 598 2405 aus
617 2368 674 2405 «lie
698 2368 797 2406 Taue
819 2383 886 2416 (ιιι,
918 2369 974 2406 die
1012 2371 1061 2406 sie

402 2425 478 2476 auf
508 2425 690 2461 hiilzernen
731 2424 878 2461 Wimlen
907 2425 1059 2473 (helffen,

402 2483 493 2528 sive,
514 2481 716 2517 vernu'ttelst
736 2481 928 2517 leoelzemer
961 2481 1060 2518 Win-

404 2538 480 2585 den,
501 2544 542 2573 ut
566 2539 696 2587 Lange
726 2536 896 2573 reddidit.
944 2534 1061 2576 ’Όιόι

403 2593 442 2633 h.
466 2596 487 2629 Ι.
526 2601 612 2630 sunt
634 2591 796 2641 ὄνισκοι,
813 2594 972 2641 axiculi,
1002 2607 1061 2631 su-

403 2650 527 2697 culae,
557 2663 587 2687 s.
608 2650 790 2686 machinae
816 2653 977 2688 tractorii
1000 2663 1062 2699 ge-

403 2708 508 2753 neris,
540 2712 694 2742 notante
723 2707 968 2755 W'esseliuug.,
998 2709 1061 2759 qui

403 2764 494 2799 citat
542 2763 676 2799 Galen.
716 2763 836 2799 Gloss.
880 2765 1061 2813 llippocr.

401 2820 494 2856 ubi:
533 2814 768 2866 ὄνεῦεσθαι,
798 2817 926 2870 ἤγουν
952 2816 1000 2857 δι’
1018 2817 1061 2859 ὅ-

404 2889 487 2916 νων
498 2873 740 2927 ἐπιστροφῆς
762 2876 917 2915 τείνειν.
938 2872 1062 2916 ’Όνοι

1113 778 1187 833 γάρ
1208 780 1274 820 καὶ
1297 778 1464 828 ὅνισκοι,
1504 781 1546 821 οἷ
1562 777 1713 829 ἄξονες,
1735 787 1772 818 et

1114 837 1162 874 ad
1179 839 1396 888 Hippocrat.
1421 840 1479 874 De
1503 839 1657 875 fractur.
1683 850 1773 888 pag.

1115 893 1208 934 551.
1231 893 1402 933 Eustath.
1434 896 1474 930 in
1495 896 1663 931 Erotian.
1685 906 1772 944 pag.

1113 952 1167 989 82
1196 964 1225 987 ε.
1255 964 1293 1000 p.
1324 951 1404 991 275
1436 952 1571 988 Franz,
1600 947 1646 989 τοὶ
1670 947 1775 989 ὅπλα

1113 1005 1273 1043 rudentes
1292 1013 1379 1042 sunt
1392 1036 1402 1053 ‚
1423 1014 1465 1043 ut
1486 1008 1566 1054 Vll,
1586 1007 1653 1048 25.

1171 1069 1303 1111 ον’κέτι
1341 1071 1459 1125 χωρὶς
1497 1069 1661 1125 ἑκάτερα
1701 1067 1775 1111 τά·

1115 1129 1278 1177 ξαντες]
1316 1130 1339 1166 i.
1363 1143 1396 1166 e.
1427 1142 1505 1166 non
1535 1130 1696 1180 amplius
1713 1142 1775 1166 se—

1114 1186 1230 1222 orsim
1263 1185 1333 1234 (ut
1365 1187 1444 1224 scil.
1476 1187 1514 1222 iu
1534 1188 1650 1237 priori
1669 1186 1774 1222 fece-

1116 1250 1199 1278 rant
1229 1249 1366 1292 ponte,
1395 1243 1476 1289 VII,
1509 1243 1580 1291 25)
1603 1240 1773 1279 adhibito

1116 1298 1184 1347 (ad
1206 1312 1321 1334 naves
1342 1297 1547 1349 alligandas
1567 1311 1774 1350 secumque

1115 1353 1350 1406 iungendos)
1405 1357 1583 1393 alterutro
1629 1354 1774 1392 ruden-

1115 1413 1213 1448 tium
1242 1424 1382 1462 genere
1417 1412 1497 1462 (ita
1521 1418 1565 1448 ut
1584 1410 1632 1448 ad
1652 1423 1776 1448 unum

1115 1474 1272 1518 pontem
1292 1469 1398 1505 lineis
1412 1498 1421 1515 ‚
1453 1467 1500 1505 ad
1520 1469 1682 1505 alterum
1701 1469 1776 1519 by-

1116 1525 1226 1561 blinis
1270 1526 1356 1561 soiis
1397 1531 1594 1561 uterentur
1630 1523 1775 1562 ruden-

1114 1581 1266 1631 tibus),
1295 1580 1361 1618 sed
1384 1581 1431 1618 ad
1452 1589 1657 1633 utrumque
1676 1593 1777 1632 pou·

1115 1644 1194 1674 tem
1215 1650 1336 1688 aeque
1351 1636 1606 1675 adhibuerunt
1631 1637 1776 1674 ruden-

1114 1700 1170 1730 tes
1198 1700 1234 1729 et
1253 1694 1388 1730 linteos
1410 1701 1447 1730 et
1479 1695 1655 1745 bybliuos
1684 1706 1774 1730 eum

1113 1751 1153 1785 in
1187 1749 1368 1797 modum,
1409 1757 1450 1786 ut
1488 1751 1638 1802 utrique
1667 1750 1776 1801 ponti

1114 1807 1222 1842 binos
1240 1805 1415 1843 rudentes
1432 1807 1565 1843 exlino
1578 1807 1662 1844 albo
1679 1819 1776 1843 cou-

1116 1862 1233 1898 fectos
1276 1869 1312 1899 et
1351 1869 1551 1915 quaternos
1581 1876 1630 1899 ex
1659 1863 1775 1913 byblo

1115 1920 1337 1958 tribuerent.
1396 1921 1529 1971 Itaque
1545 1918 1594 1956 ad
1613 1915 1776 1971 ἑκάτεροι

1116 1989 1237 2027 aeque
1253 1982 1366 2027 atque
1386 1974 1434 2012 ad
1456 1971 1530 2015 δύο
1552 1983 1589 2012 et
1607 1974 1776 2027 τέσσαρα

1115 2029 1403 2082 subintellig.m¹
1431 2029 1543 2079 ὅπλα,
1564 2030 1612 2068 ad
1644 2029 1779 2071 ἑκατέ-

1117 2103 1191 2139 ρην
1220 2089 1450 2138 subintellig.
1480 2085 1553 2138 τήν
1580 2083 1778 2138 γεφύρην.

1117 2147 1220 2180 Haec
1241 2144 1288 2181 de
1309 2151 1493 2181 structura
1522 2145 1616 2190 loci3
1647 2143 1694 2180 de
1716 2156 1778 2180 ar-

1118 2207 1302 2249 gtunento
1320 2201 1368 2236 ita
1383 2199 1554 2236 disseruit
1575 2198 1778 2250 Schweig-

1116 2255 1261 2304 haeus„
1283 2257 1388 2292 cuius
1409 2258 1487 2306 ipsa
1511 2257 1626 2293 verba
1657 2269 1779 2307 appo-

1116 2325 1229 2348 nam:
1252 2314 1361 2359 „Hoc
1379 2314 1502 2363 ipsum
1521 2314 1664 2349 mirum
1680 2325 1780 2364 quo-

1117 2368 1324 2405 dammodo
1355 2376 1502 2419 poterat
1522 2368 1653 2416 videri,
1675 2367 1779 2421 quod

1118 2426 1156 2460 in
1199 2426 1328 2461 iterata
1364 2427 1479 2462 etiam
1500 2427 1675 2476 pontium
1705 2424 1779 2462 ho-

1117 2495 1201 2517 rum
1235 2484 1515 2519 constructione
1546 2482 1700 2519 funibus
1729 2482 1776 2518 ab

1116 2551 1191 2574 una
1225 2551 1290 2574 ora
1317 2539 1355 2574 in
1383 2539 1540 2575 alteram
1569 2539 1682 2575 tensis
1701 2537 1777 2574 im-

1116 2607 1258 2645 ponere
1277 2601 1505 2632 transversas
1520 2595 1654 2641 trabes,
1678 2606 1775 2646 quae

1117 2653 1316 2688 transitum
1344 2652 1595 2702 praebebant,
1625 2651 1775 2687 malue-

1117 2708 1214 2753 rint,
1255 2720 1371 2759 quam
1405 2706 1537 2744 validis
1575 2707 1689 2757 tignis
1727 2706 1774 2743 ab

1117 2777 1346 2815 unaquaque
1374 2776 1470 2801 nave
1492 2764 1530 2798 in
1558 2764 1775 2813 proximam
1806 2788 1809 2789 ν
1841 2809 1844 2821 ,

1118 2827 1182 2857 aut
1213 2821 1405 2870 proximas
1438 2820 1636 2871 porrectis,
1667 2825 1775 2870 apte-

1119 2890 1192 2928 que
1222 2878 1319 2914 inter
1353 2890 1392 2914 se
1422 2877 1603 2914 connexis
1644 2874 1776 2912 firma-
