1897 3340
655 255 686 288 1⁴2
708 254 738 288 P.
761 252 795 287 A
819 251 857 286 T
878 250 921 287 Ο.
982 250 1014 285 V
1026 251 1056 285 Ι.
1407 254 1486 291 421.

223 363 295 404 καί
325 373 448 418 σφισι
476 359 832 418 βουλευομένοισι
871 355 1016 400 δεινόν
1054 373 1095 399 τι
1125 356 1320 408 ἐσέδυνε,
1360 358 1397 400 εἰ
1436 358 1488 413 δή
1502 365 1546 398 6ο

223 428 554 484 διαγινώσκοιεν
585 428 709 482 σφίσι
737 442 782 469 τε
802 425 1005 481 βοηθέειν
1030 427 1074 468 οἷ
1093 427 1244 476 παῖδες
1265 422 1378 477 πρὸς
1401 428 1490 466 τῶν

223 497 483 552 κουριδιέων
503 497 726 550 γυναικῶν
754 492 859 544 τούς
887 495 1057 544 παῖδας,
1103 493 1177 536 καὶ
1206 491 1376 535 τούτων
1406 488 1489 533 αὐ-

194 567 322 608 στίκα
359 564 506 619 ἄρχειν
543 560 782 618 πειρῴατο,
835 563 876 604 τί
912 560 964 617 δή
1007 559 1307 614 ἀνδρωθέντες
1347 561 1484 614 δῆθεν
1542 571 1623 612 503

219 633 461 687 ποιήσουσι.
505 627 697 671 ἐνθαῦτα
727 629 844 680 ἔδοξέ
876 640 954 682 σφι
983 631 1166 672 κτείνειν
1196 627 1302 678 τοὺς
1331 630 1488 678 παῖδας

219 698 322 749 τούς
352 697 398 740 ἐκ
427 701 515 740 τῶν
538 696 767 741 Ἀττικέων
796 701 1030 752 γυναικῶν.
1062 700 1236 741 ποιεῦσι
1259 695 1312 752 δή
1334 700 1543 739 ταῦτα·65

188 764 610 820 ἳπροσαπολλύουσι
639 765 686 809 δέ
724 777 872 821 σφεων
908 766 982 808 καὶ
1021 765 1097 816 τοὶς
1139 765 1337 821 μητέρας,
1381 764 1487 806 Ἀπὸ

213 832 374 876 τούτου
405 834 451 876 δὲ
476 838 559 877 τοῦ
587 833 742 889 ἔργου,
783 833 856 875 καὶ
885 837 965 875 τοῦ
995 833 1210 887 προτέρου
1237 831 1407 875 τούτων
1435 831 1484 875 τὸ

213 900 452 957 ἐργάσαντο
491 903 538 944 αἱ
579 906 799 957 γυναῖκες,
839 899 943 950 τούς
987 901 1075 957 ἅμα
1118 899 1281 944 Θόαντι
1321 900 1486 953 ἄνδρας

51 1037 148 1083 139
217 1039 271 1082 δα
299 1037 352 1081 τοὶ
383 1037 552 1093 σχέτλια
582 1038 685 1092 ἔργα
714 1035 856 1079 πάντα
881 1035 1049 1090 Λήμνια
1079 1036 1323 1078 καλέεσθαι.
1362 1033 1482 1077 Ἀπο-
1543 1037 1673 1066 0b¹¹=1¹¹⁰
1690 1040 1815 1069 caedem

1541 1073 1729 1101 calamitates
1746 1075 1784 1102 iis

213 1106 404 1150 κτείνασι
445 1104 491 1148 δὲ
528 1110 640 1147 τοῖσι
682 1108 942 1159 Πελασγοῖσι
980 1102 1083 1154 τοὺς
1121 1103 1358 1159 σφετέρους
1387 1107 1814 1179 παῖ-ῖοῇἶζὶζῑῧῗὲηἰᾱηξρομ

213 1173 293 1225 δας
321 1189 364 1216 τε
393 1173 466 1216 καὶ
486 1177 722 1228 γυναῖκας,
763 1172 864 1216 οὔτε
902 1175 957 1228 γῆ
989 1171 1159 1227 καρπὸν
1190 1172 1337 1227 ἔφερε,
1381 1169 1482 1214 οὔτε

0 1302 21 1388 3
213 1332 248 1371 εἰ
276 1329 327 1385 δή
362 1326 693 1385 διαγινώσκοιεν]
729 1337 754 1371 i.
777 1348 811 1370 e.
873 1335 1009 1385 accipit
1028 1335 1147 1381 viros,
1180 1336 1242 1383 qui
1272 1346 1348 1371 cum
1379 1333 1536 1370 Thoante

155 1390 322 1440 quidnam
343 1391 491 1440 facturi
508 1395 616 1428 esaent
638 1393 676 1429 ltz'
697 1394 813 1442 pueri,

154 1447 295 1497 quando
322 1447 442 1484 adulta·
458 1447 601 1497 forent,
645 1451 708 1499 qui
741 1451 814 1485 iam

153 1506 380 1556 constitutum
408 1505 559 1541 habeant
578 1505 647 1541 sibi
666 1507 813 1543 invicem

145 1565 290 1610 praesto
319 1572 389 1597 esse
412 1560 645 1611 (opitulari)
689 1565 811 1599 contra

150 1617 389 1664 legitimarum
420 1630 569 1654 urorum
591 1631 719 1667 pueros
750 1623 813 1655 at-

151 1686 214 1723 que
247 1674 300 1710 leis
339 1673 448 1710 velint
489 1674 678 1711 dominari.
753 1677 811 1712 Ita

151 1728 387 1780 Schweigh„
411 1743 527 1781 quem
554 1744 706 1782 sequor.
746 1731 810 1768 Ad

148 1799 285 1824 vocem
311 1788 512 1838 κουρίδιος
525 1789 627 1824 conf.
648 1795 746 1825 nott.
762 1787 811 1825 ad

152 1845 182 1891 J,
208 1844 300 1884 135.
357 1845 402 1878 Iu
435 1857 540 1895 seqq.
568 1845 706 1880 vocula
736 1845 811 1894 δῆ-

148 1904 225 1938 θεν
238 1899 286 1935 ad
305 1901 489 1935 maiorem
505 1901 809 1951 interrogationis

149 1957 228 1992 vim
245 1985 255 2003 ‚
295 1969 514 2007 praegresso
548 1958 722 2009 quamvis
743 1954 807 2008 δή,

146 2012 293 2049 adiecta
312 2012 474 2050 videtur.

202 2066 294 2116 τούς
313 2066 394 2121 ἅμα
424 2066 568 2109 Θόαντι
591 2066 808 2121 ἄνδρας-

146 2122 448 2175 οἷποκτείνασαι]
463 2127 562 2163 Cum
582 2125 806 2163 Thoantem

144 2184 376 2234 Hypsipylae
427 2185 566 2234 pietate
614 2190 805 2220 servatum

147 2253 225 2276 esse
238 2241 352 2290 vulgo
373 2239 535 2288 tradant,
557 2241 596 2276 in
607 2239 803 2277 Herodoto

146 2297 262 2332 verba
274 2292 354 2346 ἅμα
368 2294 513 2336 Θόαντι
530 2304 595 2334 aut
615 2298 803 2347 glossema

148 2366 238 2399 esse,
261 2360 324 2388 aut
339 2353 522 2390 mutanda
541 2355 581 2390 in
602 2350 710 2405 παρὰ
722 2349 804 2393 Θό-

150 2423 265 2453 αντος
296 2411 441 2446 censuit
467 2408 600 2448 Barth.
627 2410 676 2448 ad
705 2411 803 2448 Stat.

148 2464 275 2501 Theb.
309 2465 353 2510 V,
386 2467 480 2504 528.
547 2467 646 2503 Cum
677 2468 804 2504 Hero-

149 2520 240 2557 doto
273 2520 361 2558 facit
392 2521 523 2558 Schol.
542 2522 716 2572 Euripid.
736 2537 804 2560 su-

150 2590 216 2628 pra
234 2576 406 2614 laudatus
427 2576 522 2625 (ubi
549 2578 731 2627 legimus:
762 2579 808 2618 αἱ

153 2629 337 2683 Λήμνιαι
375 2637 557 2684 γυναῖκες
591 2631 684 2680 τούς
729 2632 805 2674 σύν

156 2687 302 2728 Θόαντι
342 2685 496 2735 πάντας
535 2684 805 2740 ἀπέκτειναν)

150 2745 221 2780 nisi
254 2743 314 2781 hic
345 2747 424 2796 ipse
453 2744 637 2782 Herodoti
670 2747 807 2783 scrinia

151 2801 374 2850 compilarit.
423 2800 805 2851 Schweighaeuserus

151 2856 266 2892 verba
285 2854 377 2903 τούς
399 2853 481 2908 ἅμα
494 2854 642 2898 Θόαντι
655 2854 805 2909 ἄνδρας

0 947 10 1119 ᾗ
188 1019 193 1026 ,
216 968 452 1024 σφετέρους
477 967 806 1019 ἀποκτείνασαι,
837 967 1086 1022 νενόμισται
1116 965 1200 1010 ἄνα
1231 968 1312 1023 τὴν
1340 965 1484 1009 Ἐλλά-

0 1121 7 1347 i

0 1378 3 1410 ἱ

0 1438 6 1457 Ρ

0 1467 6 1505 K

0 1511 5 1564 ἒ

871 1392 897 1428 i.
919 1404 952 1429 e.
994 1391 1167 1428 Thoantis
1204 1395 1320 1427 aetate
1358 1393 1533 1427 vincerunt.

870 1449 1003 1484 Malim
1033 1447 1212 1498 equidem
1233 1448 1445 1496 intelligere
1475 1449 1533 1483 vi-

868 1517 942 1551 ros,
984 1507 1048 1555 qui
1070 1518 1142 1541 una
1160 1516 1237 1540 cum
1268 1504 1426 1540 Thoante
1455 1503 1533 1551 (de

868 1563 974 1598 cuins
994 1562 1109 1610 ipsius
1139 1560 1255 1597 caede
1285 1562 1337 1596 nil
1358 1559 1530 1608 traditur,

870 1631 986 1669 quem
1015 1619 1130 1667 igitur
1166 1619 1205 1653 in
1233 1618 1310 1654 vita
1339 1623 1531 1653 servatum

869 1688 960 1722 esse,
991 1687 1067 1725 quo
1088 1676 1215 1710 minus
1236 1681 1456 1720 statuamus,
1476 1675 1531 1710 nil

867 1731 1059 1781 impedit)
1109 1733 1146 1768 in
1186 1730 1357 1767 Lemnum
1384 1730 1531 1767 advene-

867 1792 962 1825 rant.
1019 1789 1078 1824 Ac
1101 1786 1149 1824 de
1178 1786 1250 1824 hac
1277 1788 1530 1823 Lemnioriun

866 1846 1039 1881 virorum
1055 1843 1171 1880 caede
1191 1845 1337 1880 consui.
1348 1843 1530 1893 Apollod.

865 1902 894 1948 Ι,
909 1903 1014 1947 9,,17
1035 1901 1122 1936 coll.
1142 1902 1208 1947 111,
1225 1903 1268 1944 6,
1284 1899 1324 1940 4.
1345 1901 1526 1950 Apollon.

864 1955 991 1994 Rhod.
1026 1959 1055 2004 Ι,
1087 1958 1169 1997 608
1202 1969 1281 2008 seq.
1339 1958 1439 1993 Hinc
1479 1955 1528 1993 de

863 2014 1093 2051 facinoribus
1153 2013 1340 2049 atrocibus
1394 2013 1528 2050 malis-

865 2084 940 2122 que
954 2071 1122 2106 maxime
1132 2069 1355 2106 miserandis
1366 2083 1528 2120 prover-

864 2128 971 2164 bium
981 2122 1150 2177 Λήμνια
1161 2123 1266 2165 κακοὶ
1278 2121 1527 2177 εἰνεΛήμνια

864 2183 955 2236 ἔργα
973 2214 982 2232 ,
1023 2183 1070 2220 de
1098 2196 1175 2235 quo
1205 2181 1379 2221 Eustath.
1412 2182 1460 2219 ad
1480 2184 1526 2220 Il.

860 2254 949 2291 pag.
985 2240 1076 2286 158,
1112 2243 1160 2280 11
1192 2253 1222 2276 s.
1258 2241 1356 2287 119,
1386 2242 1440 2279 27
1477 2239 1526 2276 ad

859 2299 1019 2348 Dionys.
1048 2297 1200 2346 Perieg.
1237 2295 1333 2336 347.
1376 2297 1525 2333 Zenob.

859 2356 923 2401 IV,
944 2357 1009 2395 91.
1042 2355 1223 2390 Arsenius
1242 2353 1269 2389 l.
1299 2353 1326 2389 l.
1359 2353 1519 2391 Stanlei.

860 2411 909 2448 ad
920 2409 1100 2462 Aeschyl.
1122 2407 1295 2460 Choeph.
1317 2411 1396 2449 631
1421 2408 1521 2456 (587

859 2467 1008 2515 Both.).
1047 2469 1104 2503 Ac
1125 2479 1248 2517 nuper
1266 2467 1307 2501 in
1327 2464 1522 2503 historicas

860 2525 1012 2561 fabulae
1023 2525 1186 2561 rationes
1197 2523 1393 2573 inquisivit
1404 2523 1521 2561 Wel-

861 2580 964 2618 cker.
991 2581 1140 2630 Trilog.
1163 2578 1202 2617 d.
1225 2577 1404 2629 Aeschyl.
1432 2591 1521 2628 pag.

860 2637 954 2683 584,
976 2637 1052 2688 qua
1070 2637 1419 2688 gymnaeocratiam
1430 2636 1521 2671 olim

860 2699 904 2729 ut
924 2694 1003 2730 aliis
1023 2694 1115 2729 locis
1134 2695 1185 2729 ita
1205 2693 1344 2728 Lemni
1364 2703 1518 2742 quoque

860 2750 1071 2786 institutam
1089 2748 1249 2785 indicari
1270 2748 1482 2783 arbitratur.

1030 2806 1123 2856 Cap.
1145 2804 1364 2841 CXXXIX.

919 2857 1010 2900 οὔτε
1045 2859 1229 2913 γυναῖκές
1264 2873 1305 2898 τε
1334 2856 1402 2896 καὶ
1431 2859 1517 2896 ποῖ-
