1897 3340
50 350 306 379 custumes-de-
358 341 617 397 Βσαμὲνοισι
647 340 828 396 ἄμεινον
869 342 1162 385 συνοίσεσθαι.

51 385 201 417 scribitur)
219 385 311 413 nimu-

51 419 135 447 lacra
152 419 297 456 oleagina.

382 234 465 275 15⁰

325 523 421 560 serat
453 537 498 560 eo
528 525 631 574 quod
660 537 793 561 omnes
834 527 989 564 nutriat.

326 581 392 617 Tu
420 579 497 616 vid.
527 581 703 617 Creuzer.
733 581 910 631 Symbol.
937 581 989 617 IV

327 650 365 687 p.
388 637 468 676 304
501 637 586 673 coll.
609 638 652 674 C.
675 637 719 673 Ο.
740 637 889 673 Mulier.
911 638 990 673 Ae-

327 693 460 742 ginett.
480 705 517 741 p.
544 695 634 739 171,
655 693 722 744 qui
751 691 991 729 Valckeuae—

327 749 474 784 rianam
501 746 776 785 derivationem
794 750 896 786 vocis
911 753 992 787 Δα-

330 805 425 853 μίης
447 803 686 840 falsissimam
703 818 781 842 esse
801 804 891 841 inde
908 806 992 842 col-

328 861 394 909 ligi
421 859 522 905 vult,
555 860 660 912 quod
690 861 887 898 Herodoto
907 869 992 899 tum

330 915 559 966 appellanda
579 917 709 954 fuisset
732 919 882 968 Δημίη.
941 919 992 955 Et

330 985 423 1008 mox
454 985 492 1022 p.
539 976 617 1012 172
658 975 710 1010 ita
750 975 990 1024 pronuntiat:

331 1029 464 1076 „Quae
485 1030 613 1065 nescio
634 1042 682 1066 an
704 1032 790 1067 satis
805 1031 994 1082 probave-

331 1086 426 1131 rint,
469 1085 509 1119 in
553 1086 798 1136 religionibus
835 1087 994 1123 Damiae

332 1148 369 1177 et
389 1141 578 1178 Auxesiae
590 1155 783 1193 superesse
798 1143 995 1194 fraginen—

330 1204 416 1234 tum
465 1196 660 1236 doctrinae
707 1202 994 1247 vetustissimae,

333 1253 438 1305 quod
456 1260 498 1290 ut
519 1268 608 1291 cum
638 1256 840 1293 Eleusiniis
861 1264 897 1293 et
919 1256 994 1293 Sa-

331 1308 551 1348 mothraciis
584 1318 717 1363 aptum
746 1319 801 1350 est
832 1319 869 1349 et
898 1325 995 1349 con-

332 1368 528 1404 iunctum:
551 1369 603 1404 ita
618 1370 649 1406 si
663 1368 756 1421 quid
772 1368 888 1416 aliud,
904 1382 996 1419 my-

331 1425 444 1468 steria
464 1425 720 1475 Peloponnesi
747 1439 836 1462 cum
856 1427 996 1462 Italicis

336 1481 542 1517 arctissime
551 1483 756 1518 connectit.
779 1481 878 1527 Quid
892 1483 998 1518 enim

332 1537 513 1586 mysteria
550 1544 638 1574 sunt
670 1539 743 1574 nisi
789 1551 996 1585 sacrorum,

334 1604 433 1643 quae
454 1593 546 1629 olim
565 1607 634 1643 per
659 1600 778 1630 totam
799 1595 998 1631 Graeciam

335 1649 511 1698 evulgata
543 1649 713 1695 fuerant,
763 1651 999 1701 irrumpente

335 1718 358 1740 e
385 1707 655 1755 septemtrione
682 1707 809 1742 feriori
842 1707 997 1757 populo,

336 1760 579 1798 disiectorum
617 1762 853 1812 fragmenta,
901 1775 999 1815 quae

339 1816 441 1867 apud
470 1825 603 1867 gentes
644 1818 827 1871 quasdam
857 1821 997 1870 passim

337 1872 593 1911 delituerant?
606 1876 628 1895 “
686 1877 744 1912 Ac
772 1877 930 1912 Damiae
960 1882 998 1912 et

337 1930 527 1967 Auxesiae
547 1944 652 1968 sacra
672 1931 785 1968 fuisse
807 1944 945 1968 arcana
960 1939 998 1969 et

339 1985 387 2022 ad
423 1989 601 2038 mysterIa
632 1989 876 2038 pertinuisse,
917 1990 998 2039 ipsa

338 2043 462 2079 Nostri
477 2044 591 2080 verba
610 2045 656 2091 V,
678 2046 729 2084 83
752 2044 817 2081 fin.
852 2043 926 2084 εἰσὶ
956 2043 999 2083 δέ

339 2111 411 2146 σφι
427 2098 494 2137 καὶ
516 2096 683 2149 ἅῤῥητοι
713 2100 885 2152 ἷροργίαι
913 2101 1000 2138 satis

338 2154 507 2192 indicant
537 2157 726 2208 simulque
756 2158 878 2194 omnis
903 2155 998 2194 haec

336 2212 499 2248 narratio
518 2213 557 2248 in
569 2219 739 2249 mentem
758 2214 866 2250 nobis
887 2226 999 2250 revo—

337 2274 397 2304 cat
410 2269 644 2319 Aegyptiace
656 2275 769 2320 atque
783 2270 996 2306 Eleusinia:

340 2325 480 2374 quippe
496 2326 536 2360 in
558 2338 632 2376 qua
653 2326 760 2375 plura
777 2333 877 2373 sunt,
899 2339 997 2377 quae

337 2382 474 2417 merito
496 2381 638 2418 attendi
659 2383 762 2419 iubet
792 2383 998 2419 Creuzerus

340 2437 363 2474 1.
396 2437 421 2473 l.
451 2437 502 2473 IV
531 2450 619 2488 pag.
641 2437 722 2479 45:
762 2440 999 2489 superstitio-

340 2505 429 2528 nem
462 2492 546 2530 dico
578 2495 683 2530 illam
713 2493 761 2531 de
791 2497 852 2543 vi,
881 2508 999 2546 quam

339 2551 537 2599 signorum
576 2549 818 2602 quorundam
867 2551 999 2588 afferat

341 2607 563 2656 praesentia,
589 2620 610 2643 e
630 2607 733 2643 saci-zi
751 2609 883 2644 arbore
905 2621 1002 2644 con-

342 2662 552 2710 fectorum,
598 2665 742 2700 oraculi
779 2665 922 2700 iussum
953 2664 1001 2701 de

341 2720 460 2768 signis
493 2718 541 2756 ad
570 2719 713 2756 famem
733 2719 999 2772 depellendam

342 2774 531 2825 erigendis
589 2775 764 2828 ludisque
818 2775 1000 2814 hilaribus

342 2830 640 2880 constituendi53
668 2845 767 2885 quae
788 2833 865 2884 ipsa
887 2846 908 2870 a
939 2835 999 2869 lu-

785 233 1249 270 HERODOTI

1223 339 1480 394 ἐπειρώτεον
1511 335 1574 384 ὧν
1603 342 1647 384 οἱ
1659 348 1702 382 85

1048 526 1102 562 dis
1135 527 1396 561 Romanorum
1438 525 1706 574 antiquissimis

1048 594 1091 618 ac
1126 582 1358 618 lectisterniis
1393 583 1431 616 in
1463 581 1557 630 pesti
1586 580 1706 618 aliave

1048 639 1263 674 calamitate
1299 638 1378 673 sieri
1399 637 1514 674 solitis
1536 649 1613 673 non
1635 636 1706 674 ad—

1047 693 1208 730 modum
1239 692 1455 734 abhorrent,
1514 694 1596 738 Quo
1631 694 1709 729 mi-

1047 763 1118 786 nus
1147 762 1237 787 cum
1266 748 1464 787 Welcker.
1496 748 1708 797 (zeitschr.

1046 807 1108 843 fur
1128 805 1266 843 Gesch.
1282 805 1319 842 d.
1341 808 1463 842 Kunst
1481 806 1708 857 Ipag.130)

1047 863 1213 900 Damiam
1228 861 1340 898 deam
1358 863 1571 912 intelligam
1591 875 1709 914 equos

1049 921 1218 956 curribus
1238 921 1463 968 iungentem
1492 918 1709 968 (Eia-epan-

1049 977 1180 1025 πενίη),
1205 973 1534 1026 quemadmodum
1560 976 1711 1024 Neptu*

1051 1045 1122 1068 nus
1142 1033 1358 1069 inveniatur
1378 1034 1559 1083 Λαμαῖος
1592 1032 1710 1068 item-

1051 1101 1126 1140 que
1167 1088 1433 1139 Hippodamia,
1483 1088 1713 1138 Astydamia,

1056 1145 1277 1192 Laodamia,
1307 1145 1379 1181 alia
1398 1143 1439 1181 id
1469 1157 1603 1195 genus.
1652 1145 1712 1180 De

1051 1202 1209 1239 Auaeesia
1237 1203 1290 1237 ita
1317 1201 1469 1237 Mamer.
1499 1202 1524 1237 l.
1555 1202 1582 1237 l.
1621 1213 1711 1251 pag.

1054 1260 1130 1298 171
1148 1269 1158 1294 :
1195 1258 1364 1294 Auxesia
1390 1264 1491 1294 certe
1510 1270 1654 1294 nomen
1675 1263 1714 1294 et

1049 1315 1177 1350 Horae
1197 1320 1234 1351 et
1255 1314 1430 1361 Gratiae,
1471 1326 1569 1365 quae
1590 1309 1712 1360 Αὐξώ

1051 1370 1208 1417 dicitur,
1247 1372 1412 1407 Pausan.
1437 1371 1505 1417 IX,
1528 1369 1594 1410 35.
1624 1370 1715 1406 Pol-

1050 1428 1119 1464 lux
1139 1428 1240 1472 VIII,
1265 1429 1343 1467 106
1364 1426 1504 1463 referre
1522 1425 1713 1463 videtur.“

1051 1485 1095 1519 In
1119 1484 1287 1519 clausula
1308 1482 1468 1531 addam,
1508 1483 1548 1519 iu
1582 1483 1714 1533 splen-

1056 1538 1249 1576 didissima
1284 1551 1444 1589 operum
1471 1540 1713 1589 Aeginetico-

1054 1609 1142 1632 rum
1162 1596 1395 1642 collectione,
1409 1608 1505 1646 quae
1515 1608 1617 1632 nunc
1627 1596 1715 1632 Μο-

1053 1650 1168 1688 nachi
1177 1658 1355 1698 servatur,
1367 1651 1512 1701 figurae
1523 1650 1620 1688 duae
1629 1665 1713 1688 mu-

1054 1709 1190 1744 lierum
1230 1709 1333 1744 brevi
1363 1715 1503 1745 statura
1534 1715 1570 1744 et
1590 1708 1716 1744 forma

1056 1764 1159 1816 quod
1173 1777 1241 1814 pro
1257 1764 1390 1801 Damia
1410 1772 1445 1801 et
1466 1766 1624 1802 Auxesm
1644 1763 1717 1801 ha-

1055 1821 1213 1867 bentur,
1269 1820 1309 1857 id
1352 1821 1459 1857 mersi
1498 1820 1716 1858 coniectura

1053 1876 1149 1914 mihi
1180 1878 1249 1913 niti
1287 1875 1451 1914 videtur.
1521 1876 1607 1914 vid.
1638 1878 1718 1914 Be-

1054 1933 1284 1983 schreibimg
1303 1932 1370 1970 der
1382 1932 1620 1985 Glyptothek
1640 1947 1717 1971 von

1054 1991 1197 2026 Klenze
1219 1996 1256 2026 et
1277 1989 1426 2027 Schorn
1443 2004 1480 2041 p.
1494 1993 1560 2031 60.
1583 1992 1719 2043 Neque

1056 2048 1158 2082 enim
1173 2045 1384 2098 quidquam
1398 2045 1539 2084 habent
1547 2047 1646 2095 illae,
1669 2060 1719 2084 ex

1055 2116 1131 2154 quo
1153 2115 1282 2139 revera
1302 2105 1481 2140 Damiam
1497 2110 1534 2140 et
1552 2104 1720 2141 Auxesi-

1055 2173 1118 2196 am
1139 2162 1408 2210 repraesentari
1435 2160 1562 2210 colligi
1590 2161 1718 2210 possit.

1112 2213 1278 2266 ἄμεινον
1302 2217 1580 2265 συνοίσεσθαι]
1607 2217 1718 2254 Conf.

1054 2273 1099 2319 V,
1137 2272 1228 2312 114.
1258 2273 1321 2319 IV,
1354 2273 1432 2314 156
1465 2273 1553 2310 coll.
1587 2274 1669 2321 VII,
1691 2275 1717 2313 8

1056 2329 1092 2374 §.
1118 2331 1135 2368 1
1171 2330 1264 2377 (ubi
1286 2329 1561 2381 συμφέρεσθαι
1590 2329 1639 2376 ἐς
1667 2326 1720 2368 τὸ

1057 2382 1250 2435 ἄμεινον)
1282 2393 1318 2422 et
1349 2387 1389 2422 in
1409 2399 1514 2437 seqq.
1537 2385 1584 2422 ad
1605 2387 1719 2435 geni-

1056 2442 1152 2477 tivos
1189 2444 1339 2492 χαλκοῦ
1366 2439 1395 2492 ἢ
1434 2444 1556 2480 λίθου
1580 2440 1717 2478 Matth.

1058 2499 1124 2534 Gr.
1147 2499 1213 2534 Gr.
1235 2512 1324 2549 pag.
1347 2500 1439 2538 688.
1473 2498 1541 2536 Cr.
1571 2498 1719 2535 confert

1058 2553 1255 2592 Heindorf.
1277 2555 1325 2592 ad
1347 2555 1497 2591 Platon.
1516 2555 1657 2606 Crat-vl.
1680 2555 1720 2600 ξ.

1059 2611 1112 2652 50
1144 2624 1231 2661 pag.
1262 2613 1329 2652 79.
1371 2632 1427 2638 —
1478 2610 1720 2650 ποιέωνται

1058 2669 1229 2718 rescripsi
1251 2680 1319 2719 pro
1340 2665 1541 2706 ποιέονται
1556 2697 1564 2713 ,
1587 2674 1630 2704 ut
1650 2667 1718 2705 du-

1058 2722 1150 2759 dum
1207 2725 1406 2761 voluerant
1455 2723 1640 2760 Valcken.
1682 2731 1720 2761 et

1056 2780 1223 2817 werfer.
1242 2782 1280 2817 in
1302 2781 1401 2816 Actt.
1423 2778 1529 2830 phili.
1542 2782 1715 2820 Monacc.

1056 2838 1071 2871 1
1093 2849 1179 2886 pag.
1210 2839 1286 2877 231
1313 2844 1349 2872 et
1369 2850 1471 2873 nunc
1491 2844 1592 2874 recte
1613 2835 1717 2874 dedit
