1897 3340
130 506 269 534 Honores
280 507 386 537 defun-

130 541 186 568 cn's
203 541 324 578 regibus
349 543 404 572 tri-

461 210 545 252 3⁰4
790 209 1320 248 'HERODOTI

462 317 643 370 ἔλθωσι,
671 317 776 368 τούς
804 315 987 373 μάλιστά
1018 329 1098 373 σφι
1116 322 1205 362 τῶν
1229 317 1448 376 γερόντων
1469 319 1715 378 προσῆκον·

458 402 535 438 τας
575 384 684 442 ἔχειν
714 386 766 428 τὰ
796 387 883 427 τῶν
909 386 1122 440 βασιλέων
1149 385 1298 442 γέρεα,
1338 386 1419 430 δύο
1447 388 1624 444 ψήφους
1658 406 1715 433 τι·

401 731 511 768 ranti.
566 730 665 764 Nam
686 723 894 778 βουλεύειν
923 740 1056 766 eorum

403 792 468 832 est,
492 785 556 836 qui
576 783 624 820 ad
645 785 850 820 concilium
867 784 962 822 illud
977 786 1055 821 sive

401 838 567 892 βουλήν,
590 841 649 877 cui
670 840 908 890 publicarum
927 853 1056 877 rerum

400 910 492 933 cura
522 897 702 947 permissa
733 903 806 945 est,
845 899 1054 948 pertinent3

399 951 504 989 unde
523 965 603 989 non
621 955 782 1001 mirum,
813 954 962 1004 βουλῆς
981 966 1055 990 no·-

398 1010 504 1045 mine
523 1010 563 1045 in
584 1010 794 1046 civitatibus
814 1010 936 1046 liberis
947 1023 1054 1046 sum-

398 1078 464 1102 mo
494 1066 579 1110 loco
608 1066 866 1113 constitutum,
898 1066 1056 1117 Sparta-

397 1134 537 1158 norum
559 1134 711 1174 quoque
731 1122 824 1158 illud
836 1123 1055 1169 concilium,

400 1178 504 1230 quod
552 1177 759 1230 γερουσίας
807 1179 1057 1229 appellatione

396 1235 515 1285 vulgo
545 1242 600 1271 est
619 1242 774 1282 notum,
805 1234 964 1271 subinde
990 1234 1056 1271 de—

397 1291 552 1341 signari,
580 1298 763 1328 monente
785 1291 827 1328 C.
844 1292 1053 1338 0.Miille1·,

396 1349 490 1384 Dor.
509 1349 545 1383 II
563 1360 650 1398 pag.
671 1350 720 1387 91
745 1361 849 1399 seqq.
872 1346 938 1387 94.
962 1349 1055 1388 102-

338 1417 341 1421 ·
395 1404 611 1440 Tittmann.
627 1404 843 1441 Staatsverf.
862 1416 945 1454 pag·
961 1406 1053 1443 117.

393 1460 540 1510 Viginti
575 1462 660 1497 octo
701 1461 865 1497 constitit
905 1461 1054 1510 gerusia

393 1517 639 1564 senatoribus,
672 1518 817 1568 quibus,
843 1523 886 1553 ut
905 1519 1054 1566 integer

396 1573 503 1609 fieret
553 1573 817 1625 perfectusque
853 1585 1048 1620 numerus,

397 1627 474 1666 duo
501 1628 732 1665 accedebant
766 1642 870 1678 reges
908 1630 1053 1679 praesi-

396 1683 474 1722 des.
533 1685 606 1729 Qui
623 1698 802 1721 numerus
822 1686 973 1735 triginta
990 1698 1054 1721 se-

394 1748 574 1778 natorum
590 1743 764 1791 congruit
784 1754 870 1777 cum
903 1740 1051 1778 dierum

394 1810 556 1834 numero
602 1799 740 1834 mensis
789 1799 970 1849 cuiusque
1009 1799 1050 1833 iu

397 1866 499 1890 anno
528 1854 672 1900 lunari,
704 1854 856 1905 qualem
891 1855 1049 1904 Sparta—

393 1923 463 1946 nos
485 1910 576 1946 olim
596 1908 770 1947 habuisse
782 1909 958 1946 credibile
981 1916 1048 1951 est.

391 1967 442 2003 Et
459 1967 540 2018 quis
560 1967 677 2003 nescit
689 1973 870 2019 quantam
891 1968 1046 2003 omnino

393 2035 451 2058 res
472 2024 621 2059 lunares
641 2025 681 2059 in
701 2024 829 2059 omnia
842 2024 1052 2073 Spartano-

393 2091 480 2114 rum
511 2080 678 2115 instituta
703 2092 806 2115 sacra
838 2086 874 2115 et
892 2079 1051 2129 profana

392 2133 593 2171 habuerint
609 2137 686 2172 vim
699 2132 719 2171 Ρ
737 2156 794 2162 -—
812 2136 856 2171 ln
875 2136 1050 2185 proxime

394 2203 501 2242 seqq.
537 2188 629 2238 τούς
654 2187 823 2241 μάλιστά
855 2203 927 2240 σφι
964 2193 1046 2229 τῶν

394 2245 593 2298 γερόντων
624 2244 900 2297 προσήκοντας
940 2245 1046 2294 dixit,

397 2305 544 2352 opinor,
567 2315 629 2339 eos
650 2309 853 2350 senatores,
869 2304 933 2354 qni
947 2305 1049 2353 regi-

392 2359 463 2395 bus
484 2360 647 2409 proximi
668 2366 774 2395 erant
793 2371 946 2408 genere.

441 2413 514 2453 δύο
528 2411 697 2465 ψήφους
707 2414 950 2464 τιθεμένους,
963 2414 1046 2464 τρί-

392 2485 466 2521 την
485 2469 525 2510 δὲ
552 2469 624 2520 τήν
645 2470 819 2519 ἑωυτῶν]
845 2471 1046 2521 Schweig-

391 2526 521 2564 haeus.
542 2534 748 2578 praeeunte
768 2528 929 2564 wessel.
951 2526 1045 2564 haec

391 2584 505 2620 ⁷&erbo
534 2585 585 2620 ita
606 2585 761 2634 accipit,
791 2590 832 2620 ut
854 2585 891 2619 in
914 2596 1047 2634 regum

393 2640 559 2677 absentia
598 2653 694 2676 unus
735 2654 754 2675 e
801 2643 1046 2689 senatoribus,

392 2709 529 2745 genere
550 2697 697 2746 regibus
718 2698 911 2746 proximus
933 2704 969 2733 et
981 2711 1049 2733 eo-

395 2765 481 2789 rum
499 2754 581 2789 vice
594 2753 699 2804 qnasi
715 2755 949 2800 constitutus,
972 2753 1048 2791 duo

393 2822 462 2860 pro
484 2807 631 2847 duobus
659 2809 808 2860 regibus
825 2810 950 2847 tulerit
969 2812 1050 2848 suf-

332 442 400 491 58
455 453 682 509 θεμένους,
712 454 862 508 τρίτην
890 451 948 503 δὲ,
977 451 1058 510 τήν
1079 453 1266 497 ἑωυτῶν.
1331 458 1477 498 Ταῦτα
1506 455 1585 510 μὲν
1615 459 1770 508 {uisas

459 526 572 566 τοῖσι
601 522 826 578 βασιλεῦσι
865 518 1037 564 δέδοται
1073 520 1120 566 ἐκ
1155 525 1237 566 τοῦ
1264 526 1420 566 κοινοῦ
1448 526 1537 566 τῶν
1565 516 1714 578 Σπαρ-

1110 728 1243 778 fragia,
1260 730 1490 781 tertiumque
1509 742 1621 767 suum
1640 728 1769 780 ipsius.

1110 786 1154 821 In
1169 786 1242 837 qus!
1262 788 1569 837 interpretatione
1590 799 1687 822 unus
1704 798 1769 822 me

1112 841 1270 878 offendit
1289 843 1442 893 pluralis
1454 853 1632 878 numerus
1648 847 1769 892 προσ-

1110 893 1300 947 ήκοντας,
1333 911 1408 949 quo
1436 900 1516 948 ipso
1536 900 1670 936 Noster
1690 896 1770 934 'de-

1111 954 1252 990 clarare
1271 955 1431 991 voluisse
1442 953 1602 1002 videtur,
1630 955 1670 990 iu
1682 953 1770 990 αἰω-

1111 1021 1188 1046 rum
1220 1024 1354 1061 regum
1387 1011 1602 1047 absentium
1638 1010 1770 1047 locum

1112 1066 1198 1103 duos
1217 1080 1369 1119 quoque
1384 1068 1600 1104 successisse
1614 1073 1769 1103 senato-

1111 1134 1169 1159 res
1181 1152 1190 1170 ‚
1213 1125 1277 1174 qui
1296 1136 1365 1174 pro
1390 1124 1521 1160 duobus
1535 1124 1684 1174 regibus
1698 1122 1769 1160 duo

1111 1179 1267 1216 tulerint
1325 1180 1509 1230 'suffragia
1562 1181 1769 1229 tertiumque

1110 1246 1224 1271 suum
1248 1236 1362 1285 ipsius
1398 1235 1622 1273 addiderint.
1686 1236 1769 1271 Ne-

1111 1303 1186 1342 que
1206 1293 1308 1327 enim
1327 1290 1401 1329 hoc
1432 1305 1480 1329 ex
1503 1292 1588 1330 loco
1607 1290 1647 1328 id
1667 1289 1768 1328 effici

1109 1360 1219 1398 posse
1238 1355 1353 1398 puto,
1401 1355 1443 1385 ut
1480 1348 1572 1385 bina
1610 1348 1767 1398 singulis

1109 1405 1258 1454 regibus
1274 1404 1451 1455 suffragia
1461 1404 1572 1442 fuisse
1582 1402 1766 1452 dicamus,

1108 1461 1160 1497 ita
1188 1467 1231 1497 ut
1267 1463 1332 1513 qui
1372 1474 1504 1498 eorum
1533 1462 1617 1498 vice
1645 1461 1767 1497 functi

1107 1518 1181 1553 sint
1210 1525 1420 1565 senatores,
1449 1530 1582 1554 eorum
1607 1519 1767 1570 quisque

1108 1575 1205 1610 trina
1225 1575 1351 1610 tulerit
1371 1574 1561 1624 suffragia,
1584 1575 1666 1611 bina
1694 1586 1766 1624 pro

1108 1641 1198 1678 rege
1240 1637 1275 1666 et
1316 1631 1456 1666 tertium
1485 1643 1597 1667 suum
1634 1631 1767 1680 ipsius-

1110 1686 1233 1730 Quam
1253 1686 1386 1722 falsam
1416 1685 1656 1738 quorundam
1685 1687 1765 1722 iam

1109 1743 1314 1793 antiquitus
1361 1742 1474 1779 fuisse
1528 1744 1764 1793 opinionem,

1107 1798 1214 1845 (bina
1226 1811 1277 1834 sc.
1290 1797 1467 1848 suffragia
1486 1798 1612 1835 tu’isse
1632 1799 1768 1848 singu-

1104 1854 1160 1890 los
1191 1867 1297 1903 reges
1336 1854 1664 1906 Spartanorum),
1703 1866 1764 1891 ar-

1103 1911 1186 1959 guit
1206 1909 1452 1961 Thucydides
1471 1912 1501 1958 1,
1525 1914 1603 1951 21:
1642 1923 1665 1947 a
1684 1923 1762 1963 quo

1109 1968 1190 2017 ipso
1219 1965 1458 2003 Herodotum
1494 1968 1600 2017 tangi
1628 1968 1659 2004 si
1697 1967 1766 2019 qui

1107 2030 1260 2073 putent,
1283 2024 1449 2073 cogitent
1469 2024 1524 2059 iili
1543 2024 1670 2071 velim,
1691 2036 1766 2059 ne-

1109 2091 1183 2130 que
1197 2078 1435 2115 Herodotum
1449 2080 1521 2115 tale
1534 2078 1638 2131 quid,
1660 2078 1764 2131 quod

1107 2147 1130 2171 a
1158 2133 1388 2186 Thucydide
1422 2142 1598 2183 notatur,
1637 2147 1765 2172 enun-

1106 2192 1220 2238 tiare,
1253 2204 1379 2242 neque
1411 2192 1525 2227 etiam
1554 2199 1763 2243 utrumque

1103 2248 1323 2297 scriptorem
1343 2247 1412 2283 sibi
1432 2248 1628 2296 cognitum
1648 2248 1763 2284 fuisse

1102 2302 1244 2350 videri,
1275 2310 1317 2339 nt
1345 2304 1441 2339 bene
1470 2306 1620 2340 monuit
1638 2302 1763 2340 Dabl-

1102 2372 1233 2396 mann.
1265 2358 1404 2397 Herod.
1428 2371 1515 2409 pag.
1548 2361 1628 2400 218
1652 2373 1759 2412 seqq.

1101 2417 1159 2451 De
1193 2417 1343 2467 reliquis
1373 2417 1471 2454 conf.
1506 2417 1620 2452 etiam
1648 2417 1691 2459 C.
1712 2416 1761 2454 0.

1101 2473 1247 2509 muller.
1267 2473 1294 2509 l.
1314 2473 1339 2509 l.
1359 2473 1394 2508 ΙΙ
1413 2484 1501 2523 pag.
1527 2474 1618 2512 102.

1308 2574 1401 2625 Cap.
1420 2573 1552 2610 LVIII.

1166 2643 1296 2680 Ταῦτα
1314 2639 1386 2692 μὲν
1409 2643 1501 2688 ζῶσι
1518 2644 1620 2680 τοῖσι
1641 2641 1758 2692 βασι·-

1105 2700 1214 2737 λεῦσι
1229 2699 1245 2745 ]
1273 2702 1373 2737 τοῖσι
1388 2710 1476 2734 cum
1497 2705 1652 2736 recentt.
1666 2696 1756 2735 edd.

1106 2756 1249 2791 restitui
1262 2755 1480 2791 auctoritate
1492 2755 1675 2791 librorum
1685 2766 1755 2791 ve-

1106 2818 1308 2849 tustorum.
1365 2809 1566 2849 Bekkerus
1584 2811 1752 2862 scripsit:
