1897 3340
533 254 1171 297 POLYMNIA.V11.
1394 260 1473 297 441

212 366 372 419 ,,ἁ’λσεα
400 368 472 411 καὶ
501 367 553 410 τὰ
583 364 679 419 ἱρά·
711 361 892 416 δεύτερα
921 362 992 416 δὲ,
1022 360 1158 417 ἡμέας
1175 358 1256 404 ὀἷα
1286 361 1414 415 ἔρξαν
1434 364 1476 414 ἐς
1489 371 1533 404 50

214 435 319 486 „triv
349 436 563 490 σφετέρην
592 429 862 487 ἀποβάντας,
895 429 966 472 ὅτε
993 431 1130 480 Δᾶτίς
1159 445 1203 472 τε
1233 430 1305 472 καὶ
1331 427 1477 482 Ἀρτα-

160 503 403 558 11,,φὲρνης
441 499 746 556 ἐστρατήγεον,
800 497 854 541 τὰ
902 497 1133 541 ἐπίστασθέ
1172 513 1256 540 κου
1303 496 1473 547 πάντες.

213 568 424 621 ,,Του’των
441 568 589 625 μέντοι
619 569 762 611 εἵνεκα
794 565 1039 622 ἀνάρτημαι
1056 564 1117 609 ἐπ’
1154 563 1319 615 αὐτούς
1350 577 1476 617 στρα-

211 635 451 689 ,,τεύεσθαι.
509 635 654 692 ἀγαθὰ
684 635 730 679 δὲ
768 635 816 678 ἐν
846 633 1017 678 αὐτοῖσι
1047 633 1203 677 τοσάδε
1234 632 1478 688 ἀνευρίσκω

208 702 535 759 ,,λογιζόμενος,
566 706 601 748 εἰ
631 703 816 754 τούτους
845 719 889 746 τε
920 704 992 746 καὶ
1023 701 1126 753 τούς
1151 700 1350 745 τούτοισι
1379 706 1478 756 πλη-
1492 707 1536 741 55

209 770 477 827 ,,σιοχω’ρους
506 771 909 827 καταστρεψόμεθα,
941 773 984 813 οἳ
1017 770 1218 820 Πέλοπος
1247 772 1330 811 τοῦ
1361 773 1478 821 Φρυ-

157 838 312 894 1Ξ,,γο“ς
353 839 560 894 νέμονται
599 840 771 896 χώρην,
821 844 904 896 γῆν
933 840 1011 894 τὴν
1042 840 1233 891 Περσίδα
1264 834 1479 887 ἀποδέξο-

208 923 316 963 ,,μεν
345 910 407 963 τῷ
438 907 544 960 Διὸς
575 908 721 966 αἰθέρι
751 906 1084 964 ὁμουρέουσαν·
1117 903 1171 949 οὐ
1193 905 1277 961 γάρ
1310 902 1363 960 δὴ
1394 903 1477 960 χώ-

153 1113 342 1144 memorat
361 1108 522 1154 Xerxes,
543 1106 688 1144 omissis
708 1105 816 1144 aedi-

153 1165 222 1201 bus
242 1165 417 1214 privatis,
454 1176 551 1215 quae
571 1165 610 1199 in
632 1162 703 1201 hac
733 1165 816 1200 for-

153 1221 259 1257 mula
298 1222 387 1257 alias
423 1219 511 1257 addi
553 1221 688 1257 solent.
726 1220 814 1258 vid.

153 1284 249 1314 nott.
284 1276 331 1314 ad
360 1279 424 1325 VJ,
452 1279 477 1316 9
499 1284 536 1313 et
562 1276 609 1314 de
630 1277 813 1315 Sardibus

153 1335 271 1385 captis
286 1341 400 1386 atque
421 1335 582 1370 incensis
603 1335 647 1382 V,
673 1337 765 1375 101.

210 1389 336 1441 ’ἡμέας
369 1387 434 1430 οἷα
469 1389 613 1442 ἔρξαν]
653 1392 753 1427 Male
773 1392 813 1427 in

154 1447 346 1485 Sancrofti
367 1447 451 1484 cod.
468 1446 604 1497 ὑμέας,
626 1447 731 1499 quod
752 1462 814 1484 re-

152 1505 248 1555 liqui
269 1504 381 1541 codd.
409 1503 617 1541 Herodotei
645 1506 815 1556 itemque

154 1563 328 1613 Dionysii
359 1568 563 1612 respuunt,
619 1562 685 1627 qui
716 1562 815 1598 bene

153 1616 248 1655 haec
284 1619 337 1655 ita
380 1617 527 1654 reddit:
559 1615 671 1685 ’ἡμᾶς1
688 1614 753 1657 οἶα
776 1617 816 1657 ε’-

156 1675 332 1743 δρασαν,
365 1674 420 1720 εἰς
441 1671 515 1725 τήν
535 1689 612 1726 γην
623 1689 697 1725 την
722 1687 813 1723 σφε-

154 1730 269 1784 τέραν
295 1726 516 1782 αποβοῖντες
528 1752 583 1758 ——
600 1729 817 1771 ἐπίστασθέ

153 1803 233 1827 που
252 1803 410 1834 παντες.
439 1786 582 1824 Unde
572 1801 612 1823 m
632 1788 713 1838 ipso
736 1790 817 1824 He-

155 1844 290 1882 rodoto
328 1843 516 1881 Valcken.
553 1846 707 1881 rescribi
736 1846 818 1882 vult

156 1901 194 1948 ἐς
209 1899 283 1952 τήν
298 1903 374 1953 γῆν
386 1898 433 1951 τή
439 1916 460 1939 ν
481 1899 688 1952 σφετέρην,
703 1902 818 1937 item-

156 1971 231 2010 que
271 1959 355 1995 eiici
395 1958 573 1995 voculam
601 1955 648 1995 τοὶ
670 1956 818 1998 3111θέ-

154 2015 363 2062 πίστασθε,
400 2013 504 2065 quod
524 2015 649 2064 ipsum
679 2015 817 2052 arctius

155 2084 246 2108 cum
263 2070 574 2108 antecedentibus
605 2067 671 2110 οἷα
703 2070 818 2120 ἔρξαν

156 2127 369 2165 cohaereat.
426 2126 621 2179 Equidem
660 2142 681 2165 a
714 2128 818 2166 libris

156 2186 299 2237 scriptis
318 2183 382 2222 hic
405 2191 502 2223 stare
522 2185 655 2223 malui.

434 2277 472 2321 §-
504 2277 544 2316 3

216 2348 460 2421 ἀνάρτημαι]
474 2354 678 2406 Dionysius
698 2355 819 2391 inter-

160 2416 328 2459 pretatur
347 2405 612 2481 ἀνώρμημαι,
649 2410 821 2448 Larche-

162 2477 246 2502 rus:
275 2465 377 2502 Voila
399 2479 434 2503 ce
454 2469 515 2516 qui
536 2468 580 2504 m'
599 2470 725 2505 anime.
755 2469 821 2505 Tu

160 2520 238 2560 vid.
260 2528 357 2558 nott.
378 2521 427 2558 ad
450 2523 592 2569 V1‚86.
649 2526 694 2560 In
714 2537 821 2576 seqq.

160 2592 314 2617 τουτων
355 2576 443 2614 dedi
482 2591 551 2629 pro
580 2579 750 2619 τουτέων
783 2588 821 2618 et

163 2629 311 2680 αὐτους
330 2647 399 2684 pro
411 2630 590 2680 αυτέους,
602 2635 705 2685 quod
716 2636 820 2675 idem

163 2690 301 2727 fecerat
323 2690 511 2727 Gaisford.
558 2691 631 2735 Qui
651 2705 718 2728 cur
733 2692 819 2730 ideo

163 2746 434 2783 inconstantiae
475 2749 521 2783 sit
569 2747 819 2794 accusandus,

164 2808 206 2837 ut
221 2802 370 2852 Steger.
390 2804 478 2840 facit
499 2802 662 2840 praefat.
682 2803 730 2840 ad
741 2806 822 2841 He-

166 2855 247 2895 rod.
277 2871 316 2909 p.
334 2859 432 2907 vul,
465 2857 643 2912 equidem
662 2873 741 2897 non
761 2862 822 2898 in-

872 1107 1018 1156 telligo.
1047 1102 1218 1141 Bekker.
1252 1116 1407 1154 quoque
1430 1101 1536 1139 dedit

872 1159 1034 1209 αὐτούς,
1056 1161 1121 1199 sed
1142 1161 1255 1212 paulo
1273 1168 1361 1196 ante
1382 1161 1536 1196 retinuit

870 1219 1055 1267 τουτέων
1078 1226 1115 1255 et
1136 1230 1205 1269 pro
1228 1215 1362 1267 μέντοι
1383 1218 1535 1253 lescribi

869 1277 952 1314 vult
973 1273 1044 1326 μὲν
1071 1271 1144 1325 δή.
1197 1275 1339 1310 Probat
1370 1268 1460 1311 αὔτε
1445 1272 1535 1319 έους

871 1346 893 1370 a
913 1334 1072 1383 Stegero
1095 1331 1220 1368 denuo
1232 1338 1429 1381 receptum
1441 1344 1535 1366 cen-

870 1404 932 1427 sor
960 1390 1163 1440 Lipsiensis
1197 1388 1394 1438 (Erganz.
1421 1388 1536 1425 Blatt.

876 1448 981 1488 1833
1003 1460 1041 1497 p
1063 1445 1150 1496 43).

928 1505 1005 1554 γῆν
1036 1500 1110 1552 τήν
1138 1501 1317 1552 Περσίδα
1339 1495 1535 1547 οἷποδέξο-

874 1574 946 1610 μεν
966 1562 1021 1612 τῷ
1047 1555 1146 1605 Διός
1159 1556 1295 1609 αἰθέρι
1315 1555 1535 1607 ὁμουρέου-

873 1617 967 1665 σαν]
988 1618 1075 1652 Duo
1097 1614 1210 1652 codd.
1231 1628 1322 1651 cum
1335 1612 1534 1650 Eustathio

872 1671 967 1710 haec
989 1674 1128 1710 citante
1149 1671 1197 1709 ad
1223 1672 1267 1708 Il.
1298 1684 1386 1722 pag.
1402 1673 1484 1712 707
1505 1684 1536 1708 s.

874 1730 968 1778 592,
1008 1733 1058 1770 10
1091 1727 1364 1781 ὄμορέουσαντ,
1409 1728 1536 1764 minus

872 1788 1015 1823 Ionice.
1038 1786 1144 1831 Quae
1157 1786 1294 1823 vocula
1305 1798 1400 1822 mox
1420 1785 1536 1821 itera-

875 1850 912 1880 ta
931 1845 972 1879 in
992 1844 1115 1880 verbis
1145 1838 1194 1882 ov'
1225 1841 1299 1895 γαρ
1333 1839 1384 1893 δη
1401 1836 1536 1891 χώρην

874 1914 917 1952 γε
940 1894 1132 1950 ουδεμίην
1146 1897 1364 1949 κατόψεται
1382 1896 1406 1937 o‘
1424 1894 1536 1948 ἥλιος

875 1954 896 1996 ὁ
909 1971 1032 2007 μουρ
1047 1954 1234 1995 εὀυσαν
1269 1957 1320 2009 τῇ
1351 1952 1536 2019 ημετέρη,

875 2011 1077 2050 offendisse
1096 2011 1246 2050 videtur
1273 2012 1463 2057 librarios,
1484 2012 1538 2047 si-

876 2068 1035 2121 quidem
1063 2070 1103 2105 in
1138 2069 1330 2106 Sancrofti
1349 2069 1445 2105 libro
1466 2081 1536 2117 pro

876 2139 921 2163 eo
944 2132 1066 2163 exstat
1088 2121 1238 2177 ’ὅμορον
1254 2124 1415 2172 ἐοῦσαν,
1432 2124 1536 2161 unde

875 2182 1110 2220 Gaisfordius
1130 2183 1271 2233 recepit
1300 2178 1475 2232 Ιὅμουρον
1497 2180 1537 2220 ἐ-

876 2243 1024 2288 οῦσαν,
1047 2239 1151 2291 quod
1173 2237 1352 2291 equidem
1364 2251 1431 2289 pro
1447 2239 1536 2274 vul-

874 2304 985 2347 gatae
1004 2297 1175 2333 lectionis
1187 2326 1197 2343 ‚
1213 2309 1331 2347 quam
1340 2295 1432 2332 inde
1448 2308 1537 2331 cum

874 2352 1057 2390 Matthiae
1080 2360 1116 2390 et
1140 2352 1320 2389 Bekkero
1349 2353 1539 2399 revocavi,

875 2411 1212 2462 interpretamento
1241 2409 1374 2446 haberi
1392 2409 1538 2446 malim.

874 2469 961 2519 Ipsa
996 2467 1215 2504 Herodotea
1245 2467 1389 2514 verba,
1440 2479 1539 2517 quae

877 2525 1086 2576 respexisse
1114 2523 1266 2561 videtur
1297 2525 1479 2560 Isocrates
1500 2523 1540 2558 in

877 2582 1071 2632 Panegyr.
1103 2582 1140 2626 ξ.
1176 2583 1254 2621 179
1275 2595 1314 2631 p.
1338 2582 1417 2620 113
1449 2580 1540 2615 Bai-

875 2644 946 2675 ter.
968 2637 1106 2690 (quem
1120 2637 1255 2687 confi),
1276 2650 1367 2674 cum
1387 2637 1438 2672 ita
1451 2635 1540 2672 red-

878 2692 1032 2731 didisset
1069 2692 1307 2731 Larcherus:
1357 2692 1411 2729 Le
1440 2692 1539 2728 soleii

876 2749 1089 2788 n’e‘clairera
1121 2764 1190 2800 pas
1216 2751 1258 2787 de
1281 2763 1375 2800 pays
1404 2750 1468 2796 qm·
1496 2760 1538 2783 ne

877 2820 966 2844 nous
1001 2807 1147 2853 toucke,
1183 2805 1283 2842 hanc
1314 2807 1539 2853 interpreta-

879 2863 1025 2900 tionem
1056 2876 1077 2900 ο
1097 2863 1288 2913 scriptoris
1320 2866 1449 2897 mente
1471 2859 1541 2896 ab-
