<?xml version="1.0" encoding="UTF-8"?>
<!DOCTYPE html PUBLIC "-//W3C//DTD XHTML 1.0 Transitional//EN"
    "http://www.w3.org/TR/xhtml1/DTD/xhtml1-transitional.dtd">
<html xmlns="http://www.w3.org/1999/xhtml" xml:lang="en" lang="en">
 <head>
  <title>
</title>
<meta http-equiv="Content-Type" content="text/html;charset=utf-8" />
  <meta name='ocr-system' content='tesseract 3.04.00' />
  <meta name='ocr-capabilities' content='ocr_page ocr_carea ocr_par ocr_line ocrx_word'/>
</head>
<body>
  <div class='ocr_page' id='page_1' title='image "./musaeher03hero/musaeher03hero_0652.png"; bbox 0 0 1897 3340; ppageno 0'>
   <div class='ocr_carea' id='block_1_1' title="bbox 411 250 1276 290">
    <p class='ocr_par' dir='ltr' id='par_1_1' title="bbox 411 250 1276 290">
     <span class='ocr_line' id='line_1_1' title="bbox 411 250 1276 290; baseline -0.001 -1"><span class='ocrx_word' id='word_1_1' title='bbox 411 250 496 290; x_wconf 81' lang='lat'><em>638</em></span> <span class='ocrx_word' id='word_1_2' title='bbox 809 252 1276 290; x_wconf 80' lang='lat' dir='ltr'>HERODOTI</span> 
     </span>
    </p>
   </div>
   <div class='ocr_carea' id='block_1_2' title="bbox 88 365 370 501">
    <p class='ocr_par' dir='ltr' id='par_1_2' title="bbox 88 365 368 495">
     <span class='ocr_line' id='line_1_2' title="bbox 88 365 368 394; baseline 0.011 -5"><span class='ocrx_word' id='word_1_3' title='bbox 88 366 184 390; x_wconf 73' lang='lat' dir='ltr'><em>tanos</em></span> <span class='ocrx_word' id='word_1_4' title='bbox 234 365 276 391; x_wconf 73' lang='lat' dir='ltr'><em>Ad</em></span> <span class='ocrx_word' id='word_1_5' title='bbox 301 374 368 394; x_wconf 75' lang='lat' dir='ltr'><em>cnm</em></span> 
     </span>
     <span class='ocr_line' id='line_1_3' title="bbox 88 396 367 489; baseline 0.015 -67"><span class='ocrx_word' id='word_1_6' title='bbox 88 396 315 489; x_wconf 63' lang='lat' dir='ltr'><em>{lacaudamSp</em></span> <span class='ocrx_word' id='word_1_7' title='bbox 319 409 367 426; x_wconf 77' lang='lat' dir='ltr'><em>e-t·</em></span> 
     </span>
     <span class='ocr_line' id='line_1_4' title="bbox 104 428 370 469; baseline 0.02 -14"><span class='ocrx_word' id='word_1_8' title='bbox 104 428 152 456; x_wconf 77' lang='lat' dir='ltr'><em>hie</em></span> <span class='ocrx_word' id='word_1_9' title='bbox 204 437 234 460; x_wconf 76' lang='grc' dir='ltr'><em>ιι</em></span> <span class='ocrx_word' id='word_1_10' title='bbox 272 434 370 469; x_wconf 71' lang='lat' dir='ltr'><strong>Rulis,</strong></span> 
     </span>
     <span class='ocr_line' id='line_1_5' title="bbox 89 455 370 501; baseline 0.017 -11.803"><span class='ocrx_word' id='word_1_11' title='bbox 89 465 278 501; x_wconf 51' lang='lat' dir='ltr'><em>tardatne,</em></span> <span class='ocrx_word' id='word_1_12' title='bbox 284 455 370 495; x_wconf 76' lang='lat' dir='ltr'>Susa.</span> 
     </span>
    </p>
   </div>
   <div class='ocr_carea' id='block_1_3' title="bbox 87 489 362 567">
    <p class='ocr_par' dir='ltr' id='par_1_3' title="bbox 104 489 362 559">
     <span class='ocr_line' id='line_1_6' title="bbox 145 489 362 537; baseline 0.01 -11"><span class='ocrx_word' id='word_1_13' title='bbox 145 489 278 530; x_wconf 67' lang='lat' dir='ltr'>Xerxem</span> <span class='ocrx_word' id='word_1_14' title='bbox 295 509 362 537; x_wconf 81' lang='lat' dir='ltr'><em>pro-</em></span> 
     </span>
     <span class='ocr_line' id='line_1_7' title="bbox 87 504 173 567; baseline 0 -9"><span class='ocrx_word' id='word_1_15' title='bbox 87 504 173 567; x_wconf 56' lang='grc' dir='ltr'><em>ιῙιικιῐῐ,</em></span> 
     </span>
    </p>
   </div>
   <div class='ocr_carea' id='block_1_4' title="bbox 392 358 1740 1028">
    <p class='ocr_par' dir='ltr' id='par_1_4' title="bbox 397 358 1740 555">
     <span class='ocr_line' id='line_1_8' title="bbox 397 358 1683 420; baseline 0.007 -21"><span class='ocrx_word' id='word_1_16' title='bbox 397 365 594 415; x_wconf 72' lang='grc' dir='ltr'><em>Ξμνονος</em></span> <span class='ocrx_word' id='word_1_17' title='bbox 629 358 833 414; x_wconf 80' lang='grc' dir='ltr'><strong><em>κήρυκος.</em></strong></span> <span class='ocrx_word' id='word_1_18' title='bbox 892 359 939 404; x_wconf 82' lang='grc' dir='ltr'><em>ἐν</em></span> <span class='ocrx_word' id='word_1_19' title='bbox 977 360 1061 416; x_wconf 78' lang='grc' dir='ltr'><em>γὰρ</em></span> <span class='ocrx_word' id='word_1_20' title='bbox 1092 360 1278 418; x_wconf 77' lang='grc' dir='ltr'><em>Σπάρτῃ</em></span> <span class='ocrx_word' id='word_1_21' title='bbox 1309 361 1396 404; x_wconf 81' lang='grc' dir='ltr'><em>ἐστὶ</em></span> <span class='ocrx_word' id='word_1_22' title='bbox 1430 365 1683 420; x_wconf 81' lang='grc' dir='ltr'><em>Ταλθυβίου</em></span> 
     </span>
     <span class='ocr_line' id='line_1_9' title="bbox 427 425 1740 488; baseline 0.001 -17"><span class='ocrx_word' id='word_1_23' title='bbox 427 425 548 482; x_wconf 80' lang='grc' dir='ltr'><em>ἱρόν·</em></span> <span class='ocrx_word' id='word_1_24' title='bbox 574 428 655 471; x_wconf 83' lang='grc' dir='ltr'><em>εἰσὶ</em></span> <span class='ocrx_word' id='word_1_25' title='bbox 685 428 731 471; x_wconf 81' lang='grc' dir='ltr'><em>δὲ</em></span> <span class='ocrx_word' id='word_1_26' title='bbox 761 429 834 472; x_wconf 80' lang='grc' dir='ltr'><em>καὶ</em></span> <span class='ocrx_word' id='word_1_27' title='bbox 861 427 1073 484; x_wconf 81' lang='grc' dir='ltr'><em>ἀπόγονοι</em></span> <span class='ocrx_word' id='word_1_28' title='bbox 1095 431 1360 485; x_wconf 80' lang='grc' dir='ltr'><em>Ταλθυβίου,</em></span> <span class='ocrx_word' id='word_1_29' title='bbox 1385 431 1684 488; x_wconf 77' lang='grc' dir='ltr'><em>Ταλθυβιάδαι</em></span> <span class='ocrx_word' id='word_1_30' title='bbox 1695 439 1740 473; x_wconf 89' lang='grc'><em>30</em></span> 
     </span>
     <span class='ocr_line' id='line_1_10' title="bbox 420 493 1682 555; baseline 0.004 -17"><span class='ocrx_word' id='word_1_31' title='bbox 420 493 697 549; x_wconf 75' lang='grc' dir='ltr'><em>καλεόμενοι,</em></span> <span class='ocrx_word' id='word_1_32' title='bbox 725 501 838 538; x_wconf 87' lang='grc' dir='ltr'><em>τοῖσι</em></span> <span class='ocrx_word' id='word_1_33' title='bbox 876 498 922 539; x_wconf 82' lang='grc' dir='ltr'><em>αἱ</em></span> <span class='ocrx_word' id='word_1_34' title='bbox 950 499 1184 552; x_wconf 78' lang='grc' dir='ltr'><em>κηρυκηίαι</em></span> <span class='ocrx_word' id='word_1_35' title='bbox 1215 499 1260 539; x_wconf 82' lang='grc' dir='ltr'><em>αἱ</em></span> <span class='ocrx_word' id='word_1_36' title='bbox 1289 497 1336 540; x_wconf 82' lang='grc' dir='ltr'><em>ἐκ</em></span> <span class='ocrx_word' id='word_1_37' title='bbox 1365 498 1570 555; x_wconf 80' lang='grc' dir='ltr'><strong><em>Σπάρτης</em></strong></span> <span class='ocrx_word' id='word_1_38' title='bbox 1597 504 1682 544; x_wconf 82' lang='grc' dir='ltr'><em>πᾶ-</em></span> 
     </span>
    </p>

    <p class='ocr_par' dir='ltr' id='par_1_5' title="bbox 392 563 1682 688">
     <span class='ocr_line' id='line_1_11' title="bbox 392 563 1682 622; baseline 0.005 -18"><span class='ocrx_word' id='word_1_39' title='bbox 392 570 498 607; x_wconf 77' lang='grc' dir='ltr'><em>ὃσαι</em></span> <span class='ocrx_word' id='word_1_40' title='bbox 520 564 646 619; x_wconf 76' lang='grc' dir='ltr'><em>γέρας</em></span> <span class='ocrx_word' id='word_1_41' title='bbox 677 563 890 606; x_wconf 83' lang='grc' dir='ltr'><em>δέδονται.</em></span> <span class='ocrx_word' id='word_1_42' title='bbox 948 566 1053 619; x_wconf 79' lang='grc' dir='ltr'><em>μετοὶ</em></span> <span class='ocrx_word' id='word_1_43' title='bbox 1075 564 1120 608; x_wconf 83' lang='grc' dir='ltr'><em>ὁὲ</em></span> <span class='ocrx_word' id='word_1_44' title='bbox 1149 569 1297 615; x_wconf 77' lang='grc' dir='ltr'><em>ταῦτα,</em></span> <span class='ocrx_word' id='word_1_45' title='bbox 1327 570 1440 608; x_wconf 87' lang='grc' dir='ltr'><em>τοῖσι</em></span> <span class='ocrx_word' id='word_1_46' title='bbox 1461 566 1682 622; x_wconf 81' lang='grc' dir='ltr'><em>Σπαρτιή-</em></span> 
     </span>
     <span class='ocr_line' id='line_1_12' title="bbox 419 631 1680 688; baseline 0.002 -13"><span class='ocrx_word' id='word_1_47' title='bbox 419 644 518 688; x_wconf 83' lang='grc' dir='ltr'><em>τῃσι</em></span> <span class='ocrx_word' id='word_1_48' title='bbox 547 635 828 686; x_wconf 78' lang='grc' dir='ltr'><em>καλλιερῆσαι</em></span> <span class='ocrx_word' id='word_1_49' title='bbox 865 632 1126 687; x_wconf 82' lang='grc' dir='ltr'><em>θυομένοισι</em></span> <span class='ocrx_word' id='word_1_50' title='bbox 1168 631 1252 676; x_wconf 77' lang='grc' dir='ltr'><em>οὐκ</em></span> <span class='ocrx_word' id='word_1_51' title='bbox 1303 632 1507 677; x_wconf 78' lang='grc' dir='ltr'><em>ἐδύνατο·</em></span> <span class='ocrx_word' id='word_1_52' title='bbox 1570 638 1680 677; x_wconf 83' lang='grc' dir='ltr'><em>τοῦ-</em></span> 
     </span>
    </p>

    <p class='ocr_par' dir='ltr' id='par_1_6' title="bbox 392 699 1682 759">
     <span class='ocr_line' id='line_1_13' title="bbox 392 699 1682 759; baseline 0.004 -19"><span class='ocrx_word' id='word_1_53' title='bbox 392 705 472 743; x_wconf 82' lang='grc' dir='ltr'><em>4το</em></span> <span class='ocrx_word' id='word_1_54' title='bbox 511 699 547 742; x_wconf 74' lang='lat'><em>‹3’</em></span> <span class='ocrx_word' id='word_1_55' title='bbox 579 699 645 742; x_wconf 80' lang='grc' dir='ltr'><em>ἐπὶ</em></span> <span class='ocrx_word' id='word_1_56' title='bbox 671 699 833 755; x_wconf 89' lang='grc' dir='ltr'><em>χρόνον</em></span> <span class='ocrx_word' id='word_1_57' title='bbox 864 699 1026 759; x_wconf 82' lang='grc' dir='ltr'><em>συχνόν</em></span> <span class='ocrx_word' id='word_1_58' title='bbox 1054 701 1110 754; x_wconf 77' lang='grc' dir='ltr'><em>ἠν</em></span> <span class='ocrx_word' id='word_1_59' title='bbox 1141 711 1232 755; x_wconf 85' lang='grc' dir='ltr'><em>σφι.</em></span> <span class='ocrx_word' id='word_1_60' title='bbox 1255 699 1512 756; x_wconf 77' lang='grc' dir='ltr'><em>ἀχθομένων</em></span> <span class='ocrx_word' id='word_1_61' title='bbox 1543 703 1589 745; x_wconf 79' lang='grc' dir='ltr'><em>δὲ</em></span> <span class='ocrx_word' id='word_1_62' title='bbox 1609 703 1682 745; x_wconf 81' lang='grc' dir='ltr'><em>καὶ</em></span> 
     </span>
    </p>

    <p class='ocr_par' dir='ltr' id='par_1_7' title="bbox 417 767 1738 1028">
     <span class='ocr_line' id='line_1_14' title="bbox 418 767 1738 824; baseline 0 -14"><span class='ocrx_word' id='word_1_63' title='bbox 418 770 629 822; x_wconf 80' lang='grc' dir='ltr'><em>συμφορῇ</em></span> <span class='ocrx_word' id='word_1_64' title='bbox 658 767 914 821; x_wconf 83' lang='grc' dir='ltr'><em>χρεωμένων</em></span> <span class='ocrx_word' id='word_1_65' title='bbox 944 770 1318 822; x_wconf 56' lang='grc' dir='ltr'><em>Λακεδαιμονίων,</em></span> <span class='ocrx_word' id='word_1_66' title='bbox 1349 769 1471 824; x_wconf 80' lang='grc' dir='ltr'><em>ἁλίης</em></span> <span class='ocrx_word' id='word_1_67' title='bbox 1508 785 1552 813; x_wconf 83' lang='grc' dir='ltr'><em>τε</em></span> <span class='ocrx_word' id='word_1_68' title='bbox 1582 774 1681 813; x_wconf 89' lang='grc' dir='ltr'><em>πολ-</em></span> <span class='ocrx_word' id='word_1_69' title='bbox 1693 776 1738 810; x_wconf 87' lang='grc'><em>35</em></span> 
     </span>
     <span class='ocr_line' id='line_1_15' title="bbox 417 833 1681 892; baseline 0.002 -14"><span class='ocrx_word' id='word_1_70' title='bbox 417 834 515 878; x_wconf 57' lang='lat' dir='ltr'><em>adm</em></span> <span class='ocrx_word' id='word_1_71' title='bbox 521 852 539 885; x_wconf 86' lang='grc' dir='ltr'><em>ς</em></span> <span class='ocrx_word' id='word_1_72' title='bbox 571 835 896 891; x_wconf 65' lang='grc' dir='ltr'><em>συλλεγομένης,</em></span> <span class='ocrx_word' id='word_1_73' title='bbox 926 835 999 878; x_wconf 82' lang='grc' dir='ltr'><em>καὶ</em></span> <span class='ocrx_word' id='word_1_74' title='bbox 1037 833 1239 891; x_wconf 81' lang='grc' dir='ltr'><em>κήρυγμα</em></span> <span class='ocrx_word' id='word_1_75' title='bbox 1278 837 1447 881; x_wconf 76' lang='grc' dir='ltr'><em>τοιόνδε</em></span> <span class='ocrx_word' id='word_1_76' title='bbox 1477 838 1681 892; x_wconf 86' lang='grc' dir='ltr'><em>ποιευμέ-</em></span> 
     </span>
     <span class='ocr_line' id='line_1_16' title="bbox 417 901 1681 960; baseline 0.002 -15"><span class='ocrx_word' id='word_1_77' title='bbox 417 918 520 951; x_wconf 86' lang='grc' dir='ltr'><em>νων,</em></span> <span class='ocrx_word' id='word_1_78' title='bbox 555 904 594 945; x_wconf 81' lang='grc' dir='ltr'><em>εἴ</em></span> <span class='ocrx_word' id='word_1_79' title='bbox 619 919 682 954; x_wconf 86' lang='grc' dir='ltr'><em>τις</em></span> <span class='ocrx_word' id='word_1_80' title='bbox 711 901 916 957; x_wconf 82' lang='grc' dir='ltr'><em>βούλοιτο</em></span> <span class='ocrx_word' id='word_1_81' title='bbox 941 905 1299 958; x_wconf 80' lang='grc' dir='ltr'><em>Λακεδαιμονίων</em></span> <span class='ocrx_word' id='word_1_82' title='bbox 1325 906 1412 958; x_wconf 88' lang='grc' dir='ltr'><em>πρὸ</em></span> <span class='ocrx_word' id='word_1_83' title='bbox 1440 923 1514 960; x_wconf 71' lang='grc' dir='ltr'><em>της</em></span> <span class='ocrx_word' id='word_1_84' title='bbox 1532 905 1681 960; x_wconf 76' lang='grc' dir='ltr'><em>Σπάρ-</em></span> 
     </span>
     <span class='ocr_line' id='line_1_17' title="bbox 419 969 1682 1028; baseline 0.001 -15"><span class='ocrx_word' id='word_1_85' title='bbox 419 987 495 1027; x_wconf 84' lang='grc' dir='ltr'><em>της</em></span> <span class='ocrx_word' id='word_1_86' title='bbox 535 969 852 1028; x_wconf 81' lang='grc' dir='ltr'><em>ἀποθνήσκειν,</em></span> <span class='ocrx_word' id='word_1_87' title='bbox 903 973 1128 1026; x_wconf 78' lang='grc' dir='ltr'><em>Σπερθίης</em></span> <span class='ocrx_word' id='word_1_88' title='bbox 1166 987 1209 1014; x_wconf 89' lang='grc' dir='ltr'><em>τε</em></span> <span class='ocrx_word' id='word_1_89' title='bbox 1245 970 1269 1014; x_wconf 85' lang='grc' dir='ltr'><em>ὁ</em></span> <span class='ocrx_word' id='word_1_90' title='bbox 1315 970 1569 1028; x_wconf 79' lang='grc' dir='ltr'><em>Ἀνηρίστου</em></span> <span class='ocrx_word' id='word_1_91' title='bbox 1607 973 1682 1016; x_wconf 79' lang='grc' dir='ltr'><em>καὶ</em></span> 
     </span>
    </p>
   </div>
   <div class='ocr_carea' id='block_1_5' title="bbox 362 1091 524 1099">
    <p class='ocr_par' dir='ltr' id='par_1_8' title="bbox 362 1091 524 1099">
     <span class='ocr_line' id='line_1_18' title="bbox 362 1091 524 1099; baseline 0 0"><span class='ocrx_word' id='word_1_92' title='bbox 362 1091 524 1099; x_wconf 95' lang='lat' dir='ltr'><em> </em></span> 
     </span>
    </p>
   </div>
   <div class='ocr_carea' id='block_1_6' title="bbox 324 1164 1023 2914">
    <p class='ocr_par' dir='ltr' id='par_1_9' title="bbox 324 1164 1022 1334">
     <span class='ocr_line' id='line_1_19' title="bbox 360 1164 1022 1218; baseline -0.003 -14"><span class='ocrx_word' id='word_1_93' title='bbox 360 1164 537 1204; x_wconf 75' lang='lat' dir='ltr'><em>Hoeckh.</em></span> <span class='ocrx_word' id='word_1_94' title='bbox 571 1166 670 1203; x_wconf 83' lang='lat' dir='ltr'><strong>Cret.</strong></span> <span class='ocrx_word' id='word_1_95' title='bbox 700 1166 735 1202; x_wconf 90' lang='lat'><em>11</em></span> <span class='ocrx_word' id='word_1_96' title='bbox 766 1180 803 1217; x_wconf 78' lang='lat' dir='ltr'><em>P·</em></span> <span class='ocrx_word' id='word_1_97' title='bbox 831 1165 911 1207; x_wconf 72' lang='lat'><em>407</em></span> <span class='ocrx_word' id='word_1_98' title='bbox 942 1180 1022 1218; x_wconf 78' lang='lat' dir='ltr'><em>seq.</em></span> 
     </span>
     <span class='ocr_line' id='line_1_20' title="bbox 361 1222 1022 1274; baseline -0.002 -13"><span class='ocrx_word' id='word_1_99' title='bbox 361 1225 427 1261; x_wconf 89' lang='lat' dir='ltr'><em>Tu</em></span> <span class='ocrx_word' id='word_1_100' title='bbox 436 1222 513 1260; x_wconf 85' lang='lat' dir='ltr'><em>vid.</em></span> <span class='ocrx_word' id='word_1_101' title='bbox 523 1224 764 1274; x_wconf 84' lang='lat' dir='ltr'><em>potissimum</em></span> <span class='ocrx_word' id='word_1_102' title='bbox 777 1224 939 1263; x_wconf 74' lang='lat' dir='ltr'><em>Pausan.</em></span> <span class='ocrx_word' id='word_1_103' title='bbox 955 1225 1022 1271; x_wconf 87' lang='lat'>111,</span> 
     </span>
     <span class='ocr_line' id='line_1_21' title="bbox 324 1281 533 1334; baseline -0.029 -12"><span class='ocrx_word' id='word_1_104' title='bbox 324 1330 327 1334; x_wconf 86' lang='lat'>.</span> <span class='ocrx_word' id='word_1_105' title='bbox 365 1283 416 1322; x_wconf 82' lang='lat'><em>12</em></span> <span class='ocrx_word' id='word_1_106' title='bbox 437 1281 472 1325; x_wconf 62' lang='grc' dir='ltr'><em>ς.</em></span> <span class='ocrx_word' id='word_1_107' title='bbox 496 1282 533 1320; x_wconf 88' lang='lat'><em>6.</em></span> 
     </span>
    </p>

    <p class='ocr_par' dir='ltr' id='par_1_10' title="bbox 357 1332 1023 2914">
     <span class='ocr_line' id='line_1_22' title="bbox 419 1332 1023 1388; baseline 0 -13"><span class='ocrx_word' id='word_1_108' title='bbox 419 1339 674 1388; x_wconf 80' lang='grc' dir='ltr'><em>καλλιερησαι</em></span> <span class='ocrx_word' id='word_1_109' title='bbox 693 1335 929 1387; x_wconf 79' lang='grc' dir='ltr'><em>θυομένοισι</em></span> <span class='ocrx_word' id='word_1_110' title='bbox 949 1332 1023 1376; x_wconf 79' lang='grc' dir='ltr'><em>ουίι</em></span> 
     </span>
     <span class='ocr_line' id='line_1_23' title="bbox 361 1388 1021 1442; baseline 0.002 -11"><span class='ocrx_word' id='word_1_111' title='bbox 361 1389 557 1442; x_wconf 77' lang='grc' dir='ltr'><em>ἐδύνατο]</em></span> <span class='ocrx_word' id='word_1_112' title='bbox 609 1391 905 1430; x_wconf 76' lang='lat' dir='ltr'>Valckenaerius</span> <span class='ocrx_word' id='word_1_113' title='bbox 945 1388 1021 1432; x_wconf 76' lang='grc' dir='ltr'><em>ουίι</em></span> 
     </span>
     <span class='ocr_line' id='line_1_24' title="bbox 362 1445 1020 1501; baseline 0 -13"><span class='ocrx_word' id='word_1_114' title='bbox 362 1445 431 1489; x_wconf 75' lang='grc' dir='ltr'><em>ἔδυ</em></span> <span class='ocrx_word' id='word_1_115' title='bbox 424 1465 530 1489; x_wconf 71' lang='grc' dir='ltr'><em>’νατο</em></span> <span class='ocrx_word' id='word_1_116' title='bbox 574 1464 642 1501; x_wconf 78' lang='lat' dir='ltr'><em>plo</em></span> <span class='ocrx_word' id='word_1_117' title='bbox 672 1464 719 1489; x_wconf 91' lang='grc' dir='ltr'><em>ου</em></span> <span class='ocrx_word' id='word_1_118' title='bbox 754 1446 929 1489; x_wconf 75' lang='grc' dir='ltr'><em>ὁύνατον</em></span> <span class='ocrx_word' id='word_1_119' title='bbox 967 1465 1020 1501; x_wconf 77' lang='grc' dir='ltr'><em>ην</em></span> 
     </span>
     <span class='ocr_line' id='line_1_25' title="bbox 361 1504 1021 1557; baseline -0.002 -14"><span class='ocrx_word' id='word_1_120' title='bbox 361 1504 424 1543; x_wconf 82' lang='lat' dir='ltr'><em>hio</em></span> <span class='ocrx_word' id='word_1_121' title='bbox 457 1505 531 1543; x_wconf 82' lang='lat' dir='ltr'><em>dici</em></span> <span class='ocrx_word' id='word_1_122' title='bbox 561 1519 670 1557; x_wconf 82' lang='lat' dir='ltr'><em>posse</em></span> <span class='ocrx_word' id='word_1_123' title='bbox 691 1519 835 1557; x_wconf 81' lang='lat' dir='ltr'>negans</span> <span class='ocrx_word' id='word_1_124' title='bbox 867 1508 1021 1556; x_wconf 67' lang='lat' dir='ltr'><em>corxigit</em></span> 
     </span>
     <span class='ocr_line' id='line_1_26' title="bbox 362 1561 1021 1615; baseline -0.002 -14"><span class='ocrx_word' id='word_1_125' title='bbox 362 1577 435 1601; x_wconf 84' lang='grc' dir='ltr'><em>ουκ</em></span> <span class='ocrx_word' id='word_1_126' title='bbox 457 1561 609 1615; x_wconf 69' lang='grc' dir='ltr'><em>ἐγένετο</em></span> <span class='ocrx_word' id='word_1_127' title='bbox 632 1563 758 1612; x_wconf 80' lang='lat' dir='ltr'><em>(litare</em></span> <span class='ocrx_word' id='word_1_128' title='bbox 778 1577 845 1601; x_wconf 82' lang='lat' dir='ltr'><em>non</em></span> <span class='ocrx_word' id='word_1_129' title='bbox 858 1567 1021 1614; x_wconf 74' lang='lat' dir='ltr'><em>poterant</em></span> 
     </span>
     <span class='ocr_line' id='line_1_27' title="bbox 359 1619 1022 1658; baseline 0.002 -2"><span class='ocrx_word' id='word_1_130' title='bbox 359 1632 388 1658; x_wconf 78' lang='lat'><em>³.</em></span> <span class='ocrx_word' id='word_1_131' title='bbox 420 1620 675 1657; x_wconf 79' lang='lat' dir='ltr'><em>consulentibus</em></span> <span class='ocrx_word' id='word_1_132' title='bbox 701 1619 793 1657; x_wconf 82' lang='lat' dir='ltr'><em>Deos</em></span> <span class='ocrx_word' id='word_1_133' title='bbox 824 1621 920 1657; x_wconf 83' lang='lat' dir='ltr'><em>laeta</em></span> <span class='ocrx_word' id='word_1_134' title='bbox 953 1633 1022 1658; x_wconf 79' lang='lat' dir='ltr'><em>non</em></span> 
     </span>
     <span class='ocr_line' id='line_1_28' title="bbox 359 1674 1022 1728; baseline -0.002 -15"><span class='ocrx_word' id='word_1_135' title='bbox 359 1679 459 1714; x_wconf 78' lang='lat' dir='ltr'><em>erant</em></span> <span class='ocrx_word' id='word_1_136' title='bbox 479 1674 602 1727; x_wconf 76' lang='lat' dir='ltr'><em>exta),</em></span> <span class='ocrx_word' id='word_1_137' title='bbox 635 1675 738 1728; x_wconf 87' lang='lat' dir='ltr'><em>quod</em></span> <span class='ocrx_word' id='word_1_138' title='bbox 759 1676 863 1713; x_wconf 87' lang='lat' dir='ltr'><em>idem</em></span> <span class='ocrx_word' id='word_1_139' title='bbox 879 1677 918 1712; x_wconf 84' lang='lat' dir='ltr'><em>iu</em></span> <span class='ocrx_word' id='word_1_140' title='bbox 938 1678 1022 1713; x_wconf 87' lang='lat' dir='ltr'>Xe·-</span> 
     </span>
     <span class='ocr_line' id='line_1_29' title="bbox 359 1730 1020 1783; baseline 0 -14"><span class='ocrx_word' id='word_1_141' title='bbox 359 1730 479 1783; x_wconf 87' lang='lat' dir='ltr'><em>noph.</em></span> <span class='ocrx_word' id='word_1_142' title='bbox 508 1733 633 1769; x_wconf 86' lang='lat' dir='ltr'>Auab.</span> <span class='ocrx_word' id='word_1_143' title='bbox 656 1733 717 1780; x_wconf 84' lang='lat' dir='ltr'><em>VI,</em></span> <span class='ocrx_word' id='word_1_144' title='bbox 740 1732 777 1780; x_wconf 77' lang='lat'><em>4,</em></span> <span class='ocrx_word' id='word_1_145' title='bbox 805 1736 856 1774; x_wconf 78' lang='lat'><em>56</em></span> <span class='ocrx_word' id='word_1_146' title='bbox 882 1740 1020 1778; x_wconf 81' lang='lat' dir='ltr'><em>exstat,</em></span> 
     </span>
     <span class='ocr_line' id='line_1_30' title="bbox 360 1787 1021 1841; baseline 0.002 -16"><span class='ocrx_word' id='word_1_147' title='bbox 360 1802 462 1836; x_wconf 86' lang='lat' dir='ltr'>cum,</span> <span class='ocrx_word' id='word_1_148' title='bbox 485 1788 638 1841; x_wconf 81' lang='lat' dir='ltr'><em>quando</em></span> <span class='ocrx_word' id='word_1_149' title='bbox 651 1787 779 1826; x_wconf 83' lang='lat' dir='ltr'><em>hostiis</em></span> <span class='ocrx_word' id='word_1_150' title='bbox 800 1791 1021 1827; x_wconf 82' lang='lat' dir='ltr'><em>caesislaeta</em></span> 
     </span>
     <span class='ocr_line' id='line_1_31' title="bbox 359 1845 1020 1890; baseline 0.002 -8"><span class='ocrx_word' id='word_1_151' title='bbox 359 1845 500 1883; x_wconf 86' lang='lat' dir='ltr'>fuerint</span> <span class='ocrx_word' id='word_1_152' title='bbox 531 1853 638 1890; x_wconf 78' lang='lat' dir='ltr'><em>exta,</em></span> <span class='ocrx_word' id='word_1_153' title='bbox 672 1847 807 1883; x_wconf 77' lang='lat' dir='ltr'>Graeci</span> <span class='ocrx_word' id='word_1_154' title='bbox 838 1845 878 1883; x_wconf 86' lang='lat' dir='ltr'><em>id</em></span> <span class='ocrx_word' id='word_1_155' title='bbox 909 1846 1020 1883; x_wconf 82' lang='lat' dir='ltr'><em>dixe-</em></span> 
     </span>
     <span class='ocr_line' id='line_1_32' title="bbox 360 1898 1018 1954; baseline 0.006 -16"><span class='ocrx_word' id='word_1_156' title='bbox 360 1903 435 1939; x_wconf 83' lang='lat' dir='ltr'><strong>rint</strong></span> <span class='ocrx_word' id='word_1_157' title='bbox 467 1898 648 1941; x_wconf 75' lang='grc' dir='ltr'><em>θύεσθαι</em></span> <span class='ocrx_word' id='word_1_158' title='bbox 689 1901 757 1942; x_wconf 81' lang='grc' dir='ltr'><em>καὶ</em></span> <span class='ocrx_word' id='word_1_159' title='bbox 786 1906 1018 1954; x_wconf 77' lang='grc' dir='ltr'><em>καλλιερεῖν,</em></span> 
     </span>
     <span class='ocr_line' id='line_1_33' title="bbox 359 1956 1020 2011; baseline 0.002 -13"><span class='ocrx_word' id='word_1_160' title='bbox 359 1957 579 2010; x_wconf 81' lang='grc' dir='ltr'><em>θυομένοις</em></span> <span class='ocrx_word' id='word_1_161' title='bbox 598 1956 699 1998; x_wconf 77' lang='grc' dir='ltr'><em>καλοὶ</em></span> <span class='ocrx_word' id='word_1_162' title='bbox 733 1956 780 1998; x_wconf 73' lang='grc' dir='ltr'><em>τοὶ</em></span> <span class='ocrx_word' id='word_1_163' title='bbox 805 1956 890 2010; x_wconf 70' lang='grc' dir='ltr'><em>ἱεροὶ</em></span> <span class='ocrx_word' id='word_1_164' title='bbox 909 1958 1020 2011; x_wconf 86' lang='grc' dir='ltr'><em>γενέ-</em></span> 
     </span>
     <span class='ocr_line' id='line_1_34' title="bbox 361 2013 1019 2068; baseline 0.002 -14"><span class='ocrx_word' id='word_1_165' title='bbox 361 2020 460 2054; x_wconf 83' lang='grc' dir='ltr'><em>σθαι</em></span> <span class='ocrx_word' id='word_1_166' title='bbox 490 2017 550 2053; x_wconf 81' lang='lat' dir='ltr'><em>vel</em></span> <span class='ocrx_word' id='word_1_167' title='bbox 583 2017 697 2053; x_wconf 80' lang='lat' dir='ltr'><em>etiam</em></span> <span class='ocrx_word' id='word_1_168' title='bbox 730 2017 951 2068; x_wconf 82' lang='lat' dir='ltr'><em>simpliciter</em></span> <span class='ocrx_word' id='word_1_169' title='bbox 970 2013 1019 2055; x_wconf 70' lang='grc' dir='ltr'><em>τοὶ</em></span> 
     </span>
     <span class='ocr_line' id='line_1_35' title="bbox 362 2069 1020 2125; baseline -0.002 -15"><span class='ocrx_word' id='word_1_170' title='bbox 362 2069 449 2123; x_wconf 78' lang='grc' dir='ltr'><em>ἱεροὶ</em></span> <span class='ocrx_word' id='word_1_171' title='bbox 472 2071 676 2123; x_wconf 73' lang='grc' dir='ltr'><em>γενέσθαι.</em></span> <span class='ocrx_word' id='word_1_172' title='bbox 720 2074 847 2125; x_wconf 79' lang='lat' dir='ltr'><em>Atque</em></span> <span class='ocrx_word' id='word_1_173' title='bbox 868 2074 920 2110; x_wconf 88' lang='lat' dir='ltr'><em>sic</em></span> <span class='ocrx_word' id='word_1_174' title='bbox 940 2075 1020 2124; x_wconf 84' lang='lat' dir='ltr'><em>ipse</em></span> 
     </span>
     <span class='ocr_line' id='line_1_36' title="bbox 361 2128 1022 2182; baseline 0.006 -18"><span class='ocrx_word' id='word_1_175' title='bbox 361 2128 575 2166; x_wconf 74' lang='lat' dir='ltr'><em>Herodotus</em></span> <span class='ocrx_word' id='word_1_176' title='bbox 595 2131 662 2177; x_wconf 88' lang='grc' dir='ltr'><em>ΙΧ,</em></span> <span class='ocrx_word' id='word_1_177' title='bbox 679 2131 726 2169; x_wconf 83' lang='grc'><em>61</em></span> <span class='ocrx_word' id='word_1_178' title='bbox 751 2132 1022 2182; x_wconf 82' lang='grc' dir='ltr'><em>τωνσφαγίων</em></span> 
     </span>
     <span class='ocr_line' id='line_1_37' title="bbox 359 2180 1021 2239; baseline 0 -16"><span class='ocrx_word' id='word_1_179' title='bbox 359 2180 410 2224; x_wconf 89' lang='grc' dir='ltr'><em>ου’</em></span> <span class='ocrx_word' id='word_1_180' title='bbox 439 2183 675 2236; x_wconf 76' lang='grc' dir='ltr'><em>γινομένων.</em></span> <span class='ocrx_word' id='word_1_181' title='bbox 725 2187 783 2223; x_wconf 85' lang='lat' dir='ltr'><em>De</em></span> <span class='ocrx_word' id='word_1_182' title='bbox 805 2188 940 2239; x_wconf 85' lang='lat' dir='ltr'>quibus</span> <span class='ocrx_word' id='word_1_183' title='bbox 959 2187 1021 2223; x_wconf 85' lang='lat'><em>10-</em></span> 
     </span>
     <span class='ocr_line' id='line_1_38' title="bbox 359 2242 1019 2293; baseline 0.002 -16"><span class='ocrx_word' id='word_1_184' title='bbox 359 2242 573 2278; x_wconf 85' lang='lat' dir='ltr'><em>cutionibus</em></span> <span class='ocrx_word' id='word_1_185' title='bbox 594 2249 743 2292; x_wconf 77' lang='lat' dir='ltr'><em>plaeter</em></span> <span class='ocrx_word' id='word_1_186' title='bbox 755 2256 810 2290; x_wconf 81' lang='lat' dir='ltr'><em>ea,</em></span> <span class='ocrx_word' id='word_1_187' title='bbox 832 2255 929 2293; x_wconf 80' lang='lat' dir='ltr'>quae</span> <span class='ocrx_word' id='word_1_188' title='bbox 940 2256 1019 2292; x_wconf 76' lang='lat' dir='ltr'><em>lpse</em></span> 
     </span>
     <span class='ocr_line' id='line_1_39' title="bbox 358 2296 1020 2348; baseline 0 -15"><span class='ocrx_word' id='word_1_189' title='bbox 358 2296 541 2335; x_wconf 83' lang='lat' dir='ltr'>Valcken.</span> <span class='ocrx_word' id='word_1_190' title='bbox 564 2300 698 2345; x_wconf 80' lang='lat' dir='ltr'><em>attulit,</em></span> <span class='ocrx_word' id='word_1_191' title='bbox 719 2300 784 2335; x_wconf 85' lang='lat' dir='ltr'><em>Tu</em></span> <span class='ocrx_word' id='word_1_192' title='bbox 800 2299 907 2335; x_wconf 81' lang='lat' dir='ltr'><em>vid.</em></span> <span class='ocrx_word' id='word_1_193' title='bbox 898 2299 1020 2348; x_wconf 82' lang='lat' dir='ltr'>mpri-</span> 
     </span>
     <span class='ocr_line' id='line_1_40' title="bbox 358 2353 1018 2404; baseline 0.003 -16"><span class='ocrx_word' id='word_1_194' title='bbox 358 2354 428 2389; x_wconf 79' lang='lat' dir='ltr'><em>mis</em></span> <span class='ocrx_word' id='word_1_195' title='bbox 441 2355 622 2403; x_wconf 77' lang='lat' dir='ltr'>Krueger.</span> <span class='ocrx_word' id='word_1_196' title='bbox 637 2353 684 2390; x_wconf 83' lang='lat' dir='ltr'><em>ad</em></span> <span class='ocrx_word' id='word_1_197' title='bbox 697 2353 877 2404; x_wconf 83' lang='lat' dir='ltr'><em>Xenoph.</em></span> <span class='ocrx_word' id='word_1_198' title='bbox 894 2355 1018 2390; x_wconf 74' lang='lat' dir='ltr'>Anah.</span> 
     </span>
     <span class='ocr_line' id='line_1_41' title="bbox 357 2409 1019 2456; baseline 0.003 -11"><span class='ocrx_word' id='word_1_199' title='bbox 357 2409 420 2456; x_wconf 78' lang='lat' dir='ltr'><em>vl,</em></span> <span class='ocrx_word' id='word_1_200' title='bbox 443 2412 468 2449; x_wconf 84' lang='lat'>2</span> <span class='ocrx_word' id='word_1_201' title='bbox 489 2411 567 2454; x_wconf 84' lang='lat'><em>§.9</em></span> <span class='ocrx_word' id='word_1_202' title='bbox 599 2416 634 2446; x_wconf 79' lang='lat' dir='ltr'><em>et</em></span> <span class='ocrx_word' id='word_1_203' title='bbox 653 2411 699 2455; x_wconf 88' lang='lat'><em>11,</em></span> <span class='ocrx_word' id='word_1_204' title='bbox 722 2413 746 2450; x_wconf 78' lang='lat'>2</span> <span class='ocrx_word' id='word_1_205' title='bbox 768 2412 805 2455; x_wconf 65' lang='grc' dir='ltr'><em>ς.</em></span> <span class='ocrx_word' id='word_1_206' title='bbox 828 2413 865 2450; x_wconf 80' lang='lat'><em>3.</em></span> <span class='ocrx_word' id='word_1_207' title='bbox 888 2412 1019 2447; x_wconf 68' lang='lat' dir='ltr'><em>nexio.</em></span> 
     </span>
     <span class='ocr_line' id='line_1_42' title="bbox 357 2463 1016 2516; baseline 0.003 -13"><span class='ocrx_word' id='word_1_208' title='bbox 357 2465 641 2516; x_wconf 84' lang='lat' dir='ltr'><em>Xenophont.1</em></span> <span class='ocrx_word' id='word_1_209' title='bbox 671 2479 758 2516; x_wconf 76' lang='lat' dir='ltr'>pag.</span> <span class='ocrx_word' id='word_1_210' title='bbox 790 2467 883 2507; x_wconf 68' lang='grc'><strong>588.</strong></span> <span class='ocrx_word' id='word_1_211' title='bbox 914 2463 1016 2505; x_wconf 75' lang='grc' dir='ltr'><em>θύε-</em></span> 
     </span>
     <span class='ocr_line' id='line_1_43' title="bbox 358 2524 1015 2562; baseline -0.003 -1"><span class='ocrx_word' id='word_1_212' title='bbox 358 2526 456 2562; x_wconf 79' lang='grc' dir='ltr'><em>σθαι</em></span> <span class='ocrx_word' id='word_1_213' title='bbox 479 2529 606 2559; x_wconf 81' lang='lat' dir='ltr'><em>autem</em></span> <span class='ocrx_word' id='word_1_214' title='bbox 627 2530 780 2559; x_wconf 83' lang='lat' dir='ltr'><em>auctore</em></span> <span class='ocrx_word' id='word_1_215' title='bbox 808 2524 1015 2559; x_wconf 82' lang='lat' dir='ltr'><em>Ammonio</em></span> 
     </span>
     <span class='ocr_line' id='line_1_44' title="bbox 358 2576 1015 2631; baseline 0.003 -15"><span class='ocrx_word' id='word_1_216' title='bbox 358 2578 461 2616; x_wconf 86' lang='lat' dir='ltr'><em>idem</em></span> <span class='ocrx_word' id='word_1_217' title='bbox 480 2580 579 2616; x_wconf 74' lang='lat' dir='ltr'><em>valet</em></span> <span class='ocrx_word' id='word_1_218' title='bbox 601 2586 714 2631; x_wconf 80' lang='lat' dir='ltr'><em>atque</em></span> <span class='ocrx_word' id='word_1_219' title='bbox 745 2576 1015 2630; x_wconf 79' lang='grc' dir='ltr'><em>μαντεύεσθαι</em></span> 
     </span>
     <span class='ocr_line' id='line_1_45' title="bbox 358 2631 1015 2687; baseline -0.002 -13"><span class='ocrx_word' id='word_1_220' title='bbox 358 2633 425 2675; x_wconf 81' lang='grc' dir='ltr'><em>διοὶ</em></span> <span class='ocrx_word' id='word_1_221' title='bbox 446 2631 680 2687; x_wconf 73' lang='grc' dir='ltr'><em>σπλάγχνων</em></span> <span class='ocrx_word' id='word_1_222' title='bbox 692 2649 720 2673; x_wconf 85' lang='lat' dir='ltr'><em>s.</em></span> <span class='ocrx_word' id='word_1_223' title='bbox 743 2639 834 2673; x_wconf 65' lang='lat' dir='ltr'><em>extis</em></span> <span class='ocrx_word' id='word_1_224' title='bbox 853 2639 1015 2687; x_wconf 76' lang='lat' dir='ltr'><em>inspectis</em></span> 
     </span>
     <span class='ocr_line' id='line_1_46' title="bbox 359 2692 1013 2730; baseline 0.002 -1"><span class='ocrx_word' id='word_1_225' title='bbox 359 2692 500 2730; x_wconf 80' lang='lat' dir='ltr'><em>deorum</em></span> <span class='ocrx_word' id='word_1_226' title='bbox 541 2696 680 2730; x_wconf 80' lang='lat' dir='ltr'><em>mentem</em></span> <span class='ocrx_word' id='word_1_227' title='bbox 719 2696 887 2730; x_wconf 75' lang='lat' dir='ltr'><em>scrutari.</em></span> <span class='ocrx_word' id='word_1_228' title='bbox 963 2695 1013 2730; x_wconf 86' lang='lat' dir='ltr'><em>At</em></span> 
     </span>
     <span class='ocr_line' id='line_1_47' title="bbox 358 2749 1013 2787; baseline 0.002 -1"><span class='ocrx_word' id='word_1_229' title='bbox 358 2750 456 2786; x_wconf 84' lang='lat' dir='ltr'><strong>bene</strong></span> <span class='ocrx_word' id='word_1_230' title='bbox 489 2750 711 2787; x_wconf 76' lang='lat' dir='ltr'><em>observante</em></span> <span class='ocrx_word' id='word_1_231' title='bbox 745 2749 938 2786; x_wconf 70' lang='lat' dir='ltr'>senneser.</span> <span class='ocrx_word' id='word_1_232' title='bbox 965 2750 1013 2787; x_wconf 84' lang='lat' dir='ltr'><em>ad</em></span> 
     </span>
     <span class='ocr_line' id='line_1_48' title="bbox 357 2807 1012 2856; baseline 0 -13"><span class='ocrx_word' id='word_1_233' title='bbox 357 2807 493 2843; x_wconf 84' lang='lat' dir='ltr'>Lamb.</span> <span class='ocrx_word' id='word_1_234' title='bbox 527 2808 616 2843; x_wconf 88' lang='lat' dir='ltr'><em>Bos.</em></span> <span class='ocrx_word' id='word_1_235' title='bbox 645 2807 702 2842; x_wconf 87' lang='lat' dir='ltr'><em>De</em></span> <span class='ocrx_word' id='word_1_236' title='bbox 724 2807 858 2856; x_wconf 84' lang='lat' dir='ltr'><em>ellipss.</em></span> <span class='ocrx_word' id='word_1_237' title='bbox 878 2808 922 2843; x_wconf 89' lang='lat' dir='ltr'><em>L.</em></span> <span class='ocrx_word' id='word_1_238' title='bbox 946 2808 1012 2844; x_wconf 78' lang='lat' dir='ltr'><em>Gr.</em></span> 
     </span>
     <span class='ocr_line' id='line_1_49' title="bbox 357 2863 1012 2914; baseline 0.002 -15"><span class='ocrx_word' id='word_1_239' title='bbox 357 2876 444 2914; x_wconf 81' lang='lat' dir='ltr'>pag.</span> <span class='ocrx_word' id='word_1_240' title='bbox 464 2866 544 2905; x_wconf 81' lang='grc'><em>213</em></span> <span class='ocrx_word' id='word_1_241' title='bbox 575 2864 639 2901; x_wconf 84' lang='lat' dir='ltr'><em>vix</em></span> <span class='ocrx_word' id='word_1_242' title='bbox 669 2863 852 2901; x_wconf 79' lang='lat' dir='ltr'><em>Herodoti</em></span> <span class='ocrx_word' id='word_1_243' title='bbox 883 2864 1012 2901; x_wconf 85' lang='lat' dir='ltr'><em>locum</em></span> 
     </span>
    </p>
   </div>
   <div class='ocr_carea' id='block_1_7' title="bbox 1069 1167 1740 2917">
    <p class='ocr_par' dir='ltr' id='par_1_11' title="bbox 1076 1167 1740 2011">
     <span class='ocr_line' id='line_1_50' title="bbox 1079 1167 1738 1215; baseline 0.006 -13"><span class='ocrx_word' id='word_1_244' title='bbox 1079 1173 1256 1204; x_wconf 74' lang='lat' dir='ltr'><em>tentasset</em></span> <span class='ocrx_word' id='word_1_245' title='bbox 1283 1167 1341 1203; x_wconf 80' lang='lat' dir='ltr'><em>vir</em></span> <span class='ocrx_word' id='word_1_246' title='bbox 1368 1179 1562 1215; x_wconf 85' lang='lat' dir='ltr'><em>summus,</em></span> <span class='ocrx_word' id='word_1_247' title='bbox 1592 1169 1623 1205; x_wconf 82' lang='lat' dir='ltr'><em>si</em></span> <span class='ocrx_word' id='word_1_248' title='bbox 1645 1171 1738 1206; x_wconf 72' lang='grc' dir='ltr'><em>καλ·-</em></span> 
     </span>
     <span class='ocr_line' id='line_1_51' title="bbox 1079 1223 1738 1274; baseline -0.002 -13"><span class='ocrx_word' id='word_1_249' title='bbox 1079 1225 1222 1274; x_wconf 86' lang='grc' dir='ltr'><em>λιερεῖν</em></span> <span class='ocrx_word' id='word_1_250' title='bbox 1244 1224 1414 1260; x_wconf 82' lang='lat' dir='ltr'><em>absolute</em></span> <span class='ocrx_word' id='word_1_251' title='bbox 1435 1223 1509 1261; x_wconf 79' lang='lat' dir='ltr'><em>dici</em></span> <span class='ocrx_word' id='word_1_252' title='bbox 1540 1225 1738 1261; x_wconf 79' lang='lat' dir='ltr'><em>meminis-</em></span> 
     </span>
     <span class='ocr_line' id='line_1_52' title="bbox 1079 1277 1739 1332; baseline 0.006 -16"><span class='ocrx_word' id='word_1_253' title='bbox 1079 1287 1148 1318; x_wconf 83' lang='lat' dir='ltr'><em>set.</em></span> <span class='ocrx_word' id='word_1_254' title='bbox 1207 1282 1290 1317; x_wconf 89' lang='lat' dir='ltr'><em>Hoc</em></span> <span class='ocrx_word' id='word_1_255' title='bbox 1311 1282 1413 1316; x_wconf 84' lang='lat' dir='ltr'>enim</span> <span class='ocrx_word' id='word_1_256' title='bbox 1434 1281 1517 1318; x_wconf 88' lang='lat' dir='ltr'><em>loco</em></span> <span class='ocrx_word' id='word_1_257' title='bbox 1546 1281 1670 1332; x_wconf 89' lang='lat' dir='ltr'>suppl.</span> <span class='ocrx_word' id='word_1_258' title='bbox 1689 1277 1739 1320; x_wconf 70' lang='grc' dir='ltr'><em>τιὶ</em></span> 
     </span>
     <span class='ocr_line' id='line_1_53' title="bbox 1082 1333 1738 1388; baseline -0.002 -13"><span class='ocrx_word' id='word_1_259' title='bbox 1082 1333 1181 1387; x_wconf 63' lang='grc' dir='ltr'><em>ἱερά,</em></span> <span class='ocrx_word' id='word_1_260' title='bbox 1209 1336 1312 1388; x_wconf 85' lang='lat' dir='ltr'><em>quod</em></span> <span class='ocrx_word' id='word_1_261' title='bbox 1331 1338 1457 1388; x_wconf 84' lang='lat' dir='ltr'>ipsum</span> <span class='ocrx_word' id='word_1_262' title='bbox 1478 1336 1652 1374; x_wconf 84' lang='lat' dir='ltr'><em>additum</em></span> <span class='ocrx_word' id='word_1_263' title='bbox 1678 1338 1738 1376; x_wconf 81' lang='lat' dir='ltr'><em>vi-</em></span> 
     </span>
     <span class='ocr_line' id='line_1_54' title="bbox 1082 1392 1738 1442; baseline 0 -12"><span class='ocrx_word' id='word_1_264' title='bbox 1082 1392 1147 1430; x_wconf 87' lang='lat' dir='ltr'><em>des</em></span> <span class='ocrx_word' id='word_1_265' title='bbox 1165 1395 1234 1441; x_wconf 88' lang='lat' dir='ltr'><em>IX,</em></span> <span class='ocrx_word' id='word_1_266' title='bbox 1255 1396 1318 1442; x_wconf 84' lang='lat'><em>19⁷</em></span> <span class='ocrx_word' id='word_1_267' title='bbox 1339 1395 1405 1431; x_wconf 91' lang='lat' dir='ltr'><em>ubi</em></span> <span class='ocrx_word' id='word_1_268' title='bbox 1431 1393 1479 1431; x_wconf 88' lang='lat' dir='ltr'><em>de</em></span> <span class='ocrx_word' id='word_1_269' title='bbox 1495 1393 1565 1432; x_wconf 60' lang='lat' dir='ltr'><em>hac</em></span> <span class='ocrx_word' id='word_1_270' title='bbox 1586 1407 1680 1432; x_wconf 82' lang='lat' dir='ltr'><em>voce</em></span> <span class='ocrx_word' id='word_1_271' title='bbox 1697 1395 1738 1431; x_wconf 85' lang='lat' dir='ltr'><em>in</em></span> 
     </span>
     <span class='ocr_line' id='line_1_55' title="bbox 1076 1449 1739 1489; baseline 0.005 -3"><span class='ocrx_word' id='word_1_272' title='bbox 1076 1449 1297 1487; x_wconf 84' lang='lat' dir='ltr'><em>huiusmodi</em></span> <span class='ocrx_word' id='word_1_273' title='bbox 1317 1451 1490 1488; x_wconf 80' lang='lat' dir='ltr'><em>formulis</em></span> <span class='ocrx_word' id='word_1_274' title='bbox 1499 1452 1636 1489; x_wconf 86' lang='lat' dir='ltr'><em>omissa</em></span> <span class='ocrx_word' id='word_1_275' title='bbox 1650 1464 1739 1488; x_wconf 89' lang='lat' dir='ltr'><em>mo-</em></span> 
     </span>
     <span class='ocr_line' id='line_1_56' title="bbox 1076 1508 1738 1558; baseline 0.003 -16"><span class='ocrx_word' id='word_1_276' title='bbox 1076 1508 1160 1544; x_wconf 82' lang='lat' dir='ltr'><em>nuit</em></span> <span class='ocrx_word' id='word_1_277' title='bbox 1207 1508 1484 1558; x_wconf 79' lang='lat' dir='ltr'><em>VVesselingius</em></span> <span class='ocrx_word' id='word_1_278' title='bbox 1513 1509 1630 1545; x_wconf 87' lang='lat' dir='ltr'><em>citans</em></span> <span class='ocrx_word' id='word_1_279' title='bbox 1668 1509 1738 1556; x_wconf 89' lang='lat' dir='ltr'><em>IX,</em></span> 
     </span>
     <span class='ocr_line' id='line_1_57' title="bbox 1078 1565 1739 1618; baseline -0.006 -14"><span class='ocrx_word' id='word_1_280' title='bbox 1078 1566 1145 1604; x_wconf 83' lang='lat'><em>36·</em></span> <span class='ocrx_word' id='word_1_281' title='bbox 1169 1567 1233 1604; x_wconf 83' lang='lat'><em>37</em></span> <span class='ocrx_word' id='word_1_282' title='bbox 1256 1567 1322 1605; x_wconf 83' lang='lat'><em>38.</em></span> <span class='ocrx_word' id='word_1_283' title='bbox 1347 1565 1456 1613; x_wconf 82' lang='lat'>[92]</span> <span class='ocrx_word' id='word_1_284' title='bbox 1482 1567 1547 1605; x_wconf 87' lang='lat'><em>96.</em></span> <span class='ocrx_word' id='word_1_285' title='bbox 1605 1566 1739 1618; x_wconf 81' lang='lat' dir='ltr'><em>Itaque</em></span> 
     </span>
     <span class='ocr_line' id='line_1_58' title="bbox 1077 1619 1740 1685; baseline 0.008 -29"><span class='ocrx_word' id='word_1_286' title='bbox 1077 1620 1192 1657; x_wconf 82' lang='lat' dir='ltr'>verba</span> <span class='ocrx_word' id='word_1_287' title='bbox 1219 1624 1473 1685; x_wconf 82' lang='grc' dir='ltr'><em>καλλιερῆσαι</em></span> <span class='ocrx_word' id='word_1_288' title='bbox 1502 1619 1740 1673; x_wconf 78' lang='grc' dir='ltr'><em>θυομένοισι</em></span> 
     </span>
     <span class='ocr_line' id='line_1_59' title="bbox 1079 1671 1738 1717; baseline 0 -2"><span class='ocrx_word' id='word_1_289' title='bbox 1079 1671 1154 1715; x_wconf 72' lang='grc' dir='ltr'><em>οὐκ</em></span> <span class='ocrx_word' id='word_1_290' title='bbox 1177 1673 1344 1717; x_wconf 79' lang='grc' dir='ltr'><em>ἐδύνατο</em></span> <span class='ocrx_word' id='word_1_291' title='bbox 1375 1677 1480 1715; x_wconf 88' lang='lat' dir='ltr'><em>idem</em></span> <span class='ocrx_word' id='word_1_292' title='bbox 1510 1684 1646 1715; x_wconf 79' lang='lat' dir='ltr'><em>sonant</em></span> <span class='ocrx_word' id='word_1_293' title='bbox 1678 1685 1738 1715; x_wconf 83' lang='lat' dir='ltr'><em>at-</em></span> 
     </span>
     <span class='ocr_line' id='line_1_60' title="bbox 1078 1729 1738 1786; baseline 0.008 -17"><span class='ocrx_word' id='word_1_294' title='bbox 1078 1746 1153 1784; x_wconf 85' lang='lat' dir='ltr'><em>que</em></span> <span class='ocrx_word' id='word_1_295' title='bbox 1172 1730 1272 1772; x_wconf 78' lang='grc' dir='ltr'><em>καλα</em></span> <span class='ocrx_word' id='word_1_296' title='bbox 1289 1733 1478 1786; x_wconf 80' lang='grc' dir='ltr'><em>γενέσθαι</em></span> <span class='ocrx_word' id='word_1_297' title='bbox 1499 1750 1546 1773; x_wconf 86' lang='grc' dir='ltr'><em>τα</em></span> <span class='ocrx_word' id='word_1_298' title='bbox 1571 1732 1638 1786; x_wconf 79' lang='grc' dir='ltr'><em>ἱροὶ</em></span> <span class='ocrx_word' id='word_1_299' title='bbox 1662 1729 1738 1774; x_wconf 77' lang='lat' dir='ltr'><em>ov’n</em></span> 
     </span>
     <span class='ocr_line' id='line_1_61' title="bbox 1078 1786 1736 1838; baseline -0.002 -10"><span class='ocrx_word' id='word_1_300' title='bbox 1078 1786 1246 1829; x_wconf 76' lang='grc' dir='ltr'><em>ἐδύνατο</em></span> <span class='ocrx_word' id='word_1_301' title='bbox 1267 1792 1345 1828; x_wconf 81' lang='lat' dir='ltr'><em>sive</em></span> <span class='ocrx_word' id='word_1_302' title='bbox 1361 1819 1374 1835; x_wconf 88' lang='lat'><em>,</em></span> <span class='ocrx_word' id='word_1_303' title='bbox 1401 1798 1443 1828; x_wconf 89' lang='lat' dir='ltr'><em>ut</em></span> <span class='ocrx_word' id='word_1_304' title='bbox 1461 1793 1597 1828; x_wconf 80' lang='lat' dir='ltr'><em>Noster</em></span> <span class='ocrx_word' id='word_1_305' title='bbox 1612 1792 1664 1828; x_wconf 86' lang='lat' dir='ltr'><em>ait</em></span> <span class='ocrx_word' id='word_1_306' title='bbox 1674 1792 1736 1838; x_wconf 90' lang='lat' dir='ltr'><em>VI,</em></span> 
     </span>
     <span class='ocr_line' id='line_1_62' title="bbox 1078 1841 1737 1900; baseline -0.002 -13"><span class='ocrx_word' id='word_1_307' title='bbox 1078 1849 1154 1887; x_wconf 76' lang='lat'><em>76:</em></span> <span class='ocrx_word' id='word_1_308' title='bbox 1187 1841 1236 1886; x_wconf 83' lang='grc' dir='ltr'><em>ου’</em></span> <span class='ocrx_word' id='word_1_309' title='bbox 1256 1845 1329 1900; x_wconf 67' lang='grc' dir='ltr'><em>γάρ</em></span> <span class='ocrx_word' id='word_1_310' title='bbox 1356 1843 1543 1897; x_wconf 79' lang='grc' dir='ltr'><em>ου’ὃαμῶς</em></span> <span class='ocrx_word' id='word_1_311' title='bbox 1564 1847 1737 1887; x_wconf 81' lang='grc' dir='ltr'><em>ἐκαλλιε-</em></span> 
     </span>
     <span class='ocr_line' id='line_1_63' title="bbox 1077 1902 1736 1956; baseline 0.005 -15"><span class='ocrx_word' id='word_1_312' title='bbox 1077 1906 1140 1955; x_wconf 86' lang='grc' dir='ltr'><em>ρεῖ</em></span> <span class='ocrx_word' id='word_1_313' title='bbox 1168 1903 1273 1952; x_wconf 86' lang='lat' dir='ltr'>(scil.</span> <span class='ocrx_word' id='word_1_314' title='bbox 1302 1902 1349 1943; x_wconf 78' lang='grc' dir='ltr'><em>τοὶ</em></span> <span class='ocrx_word' id='word_1_315' title='bbox 1379 1902 1475 1954; x_wconf 76' lang='grc' dir='ltr'><em>ἱροὶ)</em></span> <span class='ocrx_word' id='word_1_316' title='bbox 1511 1905 1736 1956; x_wconf 84' lang='grc' dir='ltr'><em>διαβαίνειν</em></span> 
     </span>
     <span class='ocr_line' id='line_1_64' title="bbox 1077 1959 1535 2011; baseline 0 -13"><span class='ocrx_word' id='word_1_317' title='bbox 1077 1974 1158 2011; x_wconf 88' lang='grc' dir='ltr'><em>μιν.</em></span> <span class='ocrx_word' id='word_1_318' title='bbox 1214 1959 1316 1999; x_wconf 91' lang='lat' dir='ltr'><em>Add.</em></span> <span class='ocrx_word' id='word_1_319' title='bbox 1339 1962 1419 2009; x_wconf 72' lang='lat' dir='ltr'>Vll,</span> <span class='ocrx_word' id='word_1_320' title='bbox 1445 1963 1535 2002; x_wconf 88' lang='lat'><em>167.</em></span> 
     </span>
    </p>

    <p class='ocr_par' dir='ltr' id='par_1_12' title="bbox 1074 2016 1735 2337">
     <span class='ocr_line' id='line_1_65' title="bbox 1133 2016 1735 2072; baseline -0.005 -17"><span class='ocrx_word' id='word_1_321' title='bbox 1133 2019 1322 2072; x_wconf 84' lang='grc' dir='ltr'><em>συμφορῇ</em></span> <span class='ocrx_word' id='word_1_322' title='bbox 1355 2016 1610 2069; x_wconf 82' lang='grc' dir='ltr'><em>χρεωμένων]</em></span> <span class='ocrx_word' id='word_1_323' title='bbox 1655 2017 1735 2052; x_wconf 90' lang='lat' dir='ltr'><em>Lo-</em></span> 
     </span>
     <span class='ocr_line' id='line_1_66' title="bbox 1077 2073 1735 2126; baseline -0.003 -16"><span class='ocrx_word' id='word_1_324' title='bbox 1077 2074 1282 2120; x_wconf 77' lang='lat' dir='ltr'><em>cutionem,</em></span> <span class='ocrx_word' id='word_1_325' title='bbox 1305 2087 1401 2126; x_wconf 78' lang='lat' dir='ltr'>quae</span> <span class='ocrx_word' id='word_1_326' title='bbox 1430 2074 1530 2111; x_wconf 78' lang='lat' dir='ltr'><em>valet</em></span> <span class='ocrx_word' id='word_1_327' title='bbox 1549 2073 1735 2110; x_wconf 77' lang='lat' dir='ltr'><em>calamita.</em></span> 
     </span>
     <span class='ocr_line' id='line_1_67' title="bbox 1078 2129 1732 2180; baseline 0 -14"><span class='ocrx_word' id='word_1_328' title='bbox 1078 2132 1123 2166; x_wconf 76' lang='lat' dir='ltr'><em>tis</em></span> <span class='ocrx_word' id='word_1_329' title='bbox 1140 2130 1211 2166; x_wconf 86' lang='lat' dir='ltr'><em>loco</em></span> <span class='ocrx_word' id='word_1_330' title='bbox 1230 2131 1370 2180; x_wconf 67' lang='lat' dir='ltr'><em>aliquid</em></span> <span class='ocrx_word' id='word_1_331' title='bbox 1393 2130 1514 2166; x_wconf 73' lang='lat' dir='ltr'><strong><em>habere</em></strong></span> <span class='ocrx_word' id='word_1_332' title='bbox 1545 2143 1573 2166; x_wconf 79' lang='lat' dir='ltr'><em>s,</em></span> <span class='ocrx_word' id='word_1_333' title='bbox 1597 2129 1732 2175; x_wconf 79' lang='lat' dir='ltr'><em>ducere,</em></span> 
     </span>
     <span class='ocr_line' id='line_1_68' title="bbox 1076 2184 1733 2235; baseline -0.002 -13"><span class='ocrx_word' id='word_1_334' title='bbox 1076 2187 1180 2235; x_wconf 77' lang='lat' dir='ltr'><em>attigi</em></span> <span class='ocrx_word' id='word_1_335' title='bbox 1201 2185 1249 2222; x_wconf 82' lang='lat' dir='ltr'><em>ad</em></span> <span class='ocrx_word' id='word_1_336' title='bbox 1269 2188 1297 2233; x_wconf 89' lang='lat'><em>1,</em></span> <span class='ocrx_word' id='word_1_337' title='bbox 1319 2185 1386 2227; x_wconf 82' lang='lat'><em>45.</em></span> <span class='ocrx_word' id='word_1_338' title='bbox 1415 2187 1480 2232; x_wconf 88' lang='lat'>111,</span> <span class='ocrx_word' id='word_1_339' title='bbox 1501 2185 1549 2225; x_wconf 85' lang='lat'><em>41</em></span> <span class='ocrx_word' id='word_1_340' title='bbox 1570 2184 1635 2224; x_wconf 83' lang='lat' dir='ltr'><em>fin.</em></span> <span class='ocrx_word' id='word_1_341' title='bbox 1671 2184 1733 2222; x_wconf 89' lang='lat' dir='ltr'><em>Ad</em></span> 
     </span>
     <span class='ocr_line' id='line_1_69' title="bbox 1074 2241 1732 2293; baseline 0.002 -15"><span class='ocrx_word' id='word_1_342' title='bbox 1074 2255 1209 2278; x_wconf 84' lang='lat' dir='ltr'><em>vocem</em></span> <span class='ocrx_word' id='word_1_343' title='bbox 1240 2241 1331 2293; x_wconf 73' lang='grc' dir='ltr'><em>ἁλίη</em></span> <span class='ocrx_word' id='word_1_344' title='bbox 1363 2241 1440 2279; x_wconf 84' lang='lat' dir='ltr'><em>vid.</em></span> <span class='ocrx_word' id='word_1_345' title='bbox 1473 2249 1567 2281; x_wconf 86' lang='lat' dir='ltr'><em>nott.</em></span> <span class='ocrx_word' id='word_1_346' title='bbox 1601 2241 1649 2279; x_wconf 83' lang='lat' dir='ltr'><em>ad</em></span> <span class='ocrx_word' id='word_1_347' title='bbox 1686 2243 1732 2290; x_wconf 91' lang='lat' dir='ltr'><em>V,</em></span> 
     </span>
     <span class='ocr_line' id='line_1_70' title="bbox 1076 2299 1142 2337; baseline -0.061 0"><span class='ocrx_word' id='word_1_348' title='bbox 1076 2299 1142 2337; x_wconf 78' lang='lat'><em>29.</em></span> 
     </span>
    </p>

    <p class='ocr_par' dir='ltr' id='par_1_13' title="bbox 1069 2348 1733 2917">
     <span class='ocr_line' id='line_1_71' title="bbox 1133 2348 1732 2405; baseline 0.003 -14"><span class='ocrx_word' id='word_1_349' title='bbox 1133 2353 1338 2403; x_wconf 80' lang='grc' dir='ltr'><em>Σπερθίης</em></span> <span class='ocrx_word' id='word_1_350' title='bbox 1368 2368 1407 2392; x_wconf 86' lang='grc' dir='ltr'><em>τε</em></span> <span class='ocrx_word' id='word_1_351' title='bbox 1437 2351 1458 2394; x_wconf 78' lang='grc' dir='ltr'>ὅ</span> <span class='ocrx_word' id='word_1_352' title='bbox 1491 2348 1732 2405; x_wconf 79' lang='grc' dir='ltr'><em>Ἀνηρίστου</em></span> 
     </span>
     <span class='ocr_line' id='line_1_72' title="bbox 1074 2406 1733 2460; baseline -0.002 -12"><span class='ocrx_word' id='word_1_353' title='bbox 1074 2408 1140 2448; x_wconf 73' lang='grc' dir='ltr'><em>καὶ</em></span> <span class='ocrx_word' id='word_1_354' title='bbox 1164 2412 1307 2456; x_wconf 84' lang='grc' dir='ltr'><em>Βοῦλις</em></span> <span class='ocrx_word' id='word_1_355' title='bbox 1330 2408 1350 2449; x_wconf 84' lang='grc' dir='ltr'><em>ὅ</em></span> <span class='ocrx_word' id='word_1_356' title='bbox 1371 2406 1574 2460; x_wconf 80' lang='grc' dir='ltr'><em>Νικόλεω]</em></span> <span class='ocrx_word' id='word_1_357' title='bbox 1596 2413 1639 2448; x_wconf 91' lang='lat' dir='ltr'><em>Iu</em></span> <span class='ocrx_word' id='word_1_358' title='bbox 1652 2409 1733 2448; x_wconf 85' lang='lat' dir='ltr'><em>his-</em></span> 
     </span>
     <span class='ocr_line' id='line_1_73' title="bbox 1073 2468 1731 2520; baseline 0.002 -17"><span class='ocrx_word' id='word_1_359' title='bbox 1073 2480 1115 2503; x_wconf 87' lang='lat' dir='ltr'><em>ce</em></span> <span class='ocrx_word' id='word_1_360' title='bbox 1156 2468 1395 2514; x_wconf 82' lang='lat' dir='ltr'><em>nominibus,</em></span> <span class='ocrx_word' id='word_1_361' title='bbox 1445 2481 1542 2520; x_wconf 82' lang='lat' dir='ltr'>quae</span> <span class='ocrx_word' id='word_1_362' title='bbox 1573 2468 1620 2505; x_wconf 84' lang='lat' dir='ltr'><em>ab</em></span> <span class='ocrx_word' id='word_1_363' title='bbox 1650 2468 1731 2504; x_wconf 81' lang='lat' dir='ltr'>aliis</span> 
     </span>
     <span class='ocr_line' id='line_1_74' title="bbox 1072 2523 1733 2574; baseline 0.003 -15"><span class='ocrx_word' id='word_1_364' title='bbox 1072 2524 1178 2559; x_wconf 79' lang='lat' dir='ltr'><em>aliter</em></span> <span class='ocrx_word' id='word_1_365' title='bbox 1198 2524 1452 2574; x_wconf 78' lang='lat' dir='ltr'><em>proferuntur,</em></span> <span class='ocrx_word' id='word_1_366' title='bbox 1473 2523 1585 2562; x_wconf 87' lang='lat' dir='ltr'><em>codd.</em></span> <span class='ocrx_word' id='word_1_367' title='bbox 1607 2526 1733 2561; x_wconf 89' lang='lat' dir='ltr'><em>Hero-</em></span> 
     </span>
     <span class='ocr_line' id='line_1_75' title="bbox 1074 2579 1731 2632; baseline -0.002 -15"><span class='ocrx_word' id='word_1_368' title='bbox 1074 2579 1152 2617; x_wconf 86' lang='lat' dir='ltr'><em>doti</em></span> <span class='ocrx_word' id='word_1_369' title='bbox 1174 2593 1251 2618; x_wconf 85' lang='lat' dir='ltr'><em>non</em></span> <span class='ocrx_word' id='word_1_370' title='bbox 1272 2582 1433 2618; x_wconf 73' lang='lat' dir='ltr'><em>variant.</em></span> <span class='ocrx_word' id='word_1_371' title='bbox 1492 2580 1607 2632; x_wconf 88' lang='lat' dir='ltr'><em>Apud</em></span> <span class='ocrx_word' id='word_1_372' title='bbox 1639 2581 1731 2618; x_wconf 86' lang='lat' dir='ltr'>Sui-</span> 
     </span>
     <span class='ocr_line' id='line_1_76' title="bbox 1073 2636 1728 2689; baseline 0.005 -16"><span class='ocrx_word' id='word_1_373' title='bbox 1073 2636 1161 2673; x_wconf 81' lang='lat' dir='ltr'><em>dam</em></span> <span class='ocrx_word' id='word_1_374' title='bbox 1177 2651 1204 2674; x_wconf 89' lang='lat' dir='ltr'><em>s.</em></span> <span class='ocrx_word' id='word_1_375' title='bbox 1227 2651 1263 2676; x_wconf 82' lang='lat' dir='ltr'><em>v.</em></span> <span class='ocrx_word' id='word_1_376' title='bbox 1287 2638 1460 2685; x_wconf 85' lang='grc' dir='ltr'><em>ΒοῦλιςΙ</em></span> <span class='ocrx_word' id='word_1_377' title='bbox 1479 2651 1517 2689; x_wconf 91' lang='lat' dir='ltr'><em>p.</em></span> <span class='ocrx_word' id='word_1_378' title='bbox 1538 2636 1620 2678; x_wconf 86' lang='lat'><em>447</em></span> <span class='ocrx_word' id='word_1_379' title='bbox 1641 2637 1728 2676; x_wconf 85' lang='lat' dir='ltr'><em>coll.</em></span> 
     </span>
     <span class='ocr_line' id='line_1_77' title="bbox 1070 2693 1730 2745; baseline -0.002 -15"><span class='ocrx_word' id='word_1_380' title='bbox 1070 2693 1264 2731; x_wconf 76' lang='lat' dir='ltr'>Plutarch.</span> <span class='ocrx_word' id='word_1_381' title='bbox 1290 2694 1326 2730; x_wconf 93' lang='lat'><em>11</em></span> <span class='ocrx_word' id='word_1_382' title='bbox 1354 2708 1441 2745; x_wconf 81' lang='lat' dir='ltr'>pag.</span> <span class='ocrx_word' id='word_1_383' title='bbox 1474 2693 1555 2734; x_wconf 83' lang='lat'><em>815</em></span> <span class='ocrx_word' id='word_1_384' title='bbox 1582 2695 1629 2730; x_wconf 88' lang='grc' dir='ltr'><em>Ε.</em></span> <span class='ocrx_word' id='word_1_385' title='bbox 1659 2706 1730 2730; x_wconf 83' lang='lat' dir='ltr'>ex·-</span> 
     </span>
     <span class='ocr_line' id='line_1_78' title="bbox 1072 2748 1726 2803; baseline -0.005 -15"><span class='ocrx_word' id='word_1_386' title='bbox 1072 2758 1143 2788; x_wconf 80' lang='lat' dir='ltr'><em>stat</em></span> <span class='ocrx_word' id='word_1_387' title='bbox 1185 2749 1368 2803; x_wconf 80' lang='grc' dir='ltr'><em>Σπέρχις,</em></span> <span class='ocrx_word' id='word_1_388' title='bbox 1399 2749 1502 2802; x_wconf 86' lang='lat' dir='ltr'><em>apud</em></span> <span class='ocrx_word' id='word_1_389' title='bbox 1532 2748 1726 2790; x_wconf 84' lang='lat' dir='ltr'><em>Plutarch,</em></span> 
     </span>
     <span class='ocr_line' id='line_1_79' title="bbox 1070 2805 1728 2859; baseline -0.005 -11"><span class='ocrx_word' id='word_1_390' title='bbox 1070 2809 1104 2843; x_wconf 86' lang='grc' dir='ltr'><strong>Π</strong></span> <span class='ocrx_word' id='word_1_391' title='bbox 1123 2822 1158 2859; x_wconf 89' lang='lat' dir='ltr'><em>p.</em></span> <span class='ocrx_word' id='word_1_392' title='bbox 1176 2808 1270 2848; x_wconf 76' lang='lat'>235.</span> <span class='ocrx_word' id='word_1_393' title='bbox 1293 2810 1440 2854; x_wconf 80' lang='grc' dir='ltr'><em>Βοῦλις</em></span> <span class='ocrx_word' id='word_1_394' title='bbox 1458 2805 1525 2846; x_wconf 82' lang='grc' dir='ltr'><em>καὶ</em></span> <span class='ocrx_word' id='word_1_395' title='bbox 1539 2805 1728 2858; x_wconf 80' lang='grc' dir='ltr'><em>Σπέρτις,</em></span> 
     </span>
     <span class='ocr_line' id='line_1_80' title="bbox 1069 2861 1728 2917; baseline -0.003 -16"><span class='ocrx_word' id='word_1_396' title='bbox 1069 2864 1118 2902; x_wconf 82' lang='lat' dir='ltr'><em>ud</em></span> <span class='ocrx_word' id='word_1_397' title='bbox 1147 2877 1266 2917; x_wconf 85' lang='lat' dir='ltr'>quem</span> <span class='ocrx_word' id='word_1_398' title='bbox 1283 2865 1413 2902; x_wconf 71' lang='lat' dir='ltr'><em>loctun</em></span> <span class='ocrx_word' id='word_1_399' title='bbox 1442 2861 1519 2902; x_wconf 84' lang='lat' dir='ltr'><em>vid.</em></span> <span class='ocrx_word' id='word_1_400' title='bbox 1540 2864 1728 2914; x_wconf 78' lang='lat' dir='ltr'><em>VVytten-</em></span> 
     </span>
    </p>
   </div>
   <div class='ocr_carea' id='block_1_8' title="bbox 1824 0 1891 1575">
    <p class='ocr_par' dir='ltr' id='par_1_14' title="bbox 1824 0 1891 1575">
     <span class='ocr_line' id='line_1_81' title="bbox 1824 0 1891 1575; baseline 0 0"><span class='ocrx_word' id='word_1_401' title='bbox 1824 0 1891 1575; x_wconf 95' lang='lat' dir='ltr'><em> </em></span> 
     </span>
    </p>
   </div>
   <div class='ocr_carea' id='block_1_9' title="bbox 1842 1150 1878 2860">
    <p class='ocr_par' dir='ltr' id='par_1_15' title="bbox 1842 1150 1878 2860">
     <span class='ocr_line' id='line_1_82' title="bbox 1842 1150 1878 2860; baseline 0 0"><span class='ocrx_word' id='word_1_402' title='bbox 1842 1150 1878 2860; x_wconf 95' lang='lat' dir='ltr'><em> </em></span> 
     </span>
    </p>
   </div>
   <div class='ocr_carea' id='block_1_10' title="bbox 1847 1585 1882 3276">
    <p class='ocr_par' dir='ltr' id='par_1_16' title="bbox 1847 1585 1882 3276">
     <span class='ocr_line' id='line_1_83' title="bbox 1847 1585 1882 3276; baseline 0 0"><span class='ocrx_word' id='word_1_403' title='bbox 1847 1585 1882 3276; x_wconf 95' lang='lat' dir='ltr'><em> </em></span> 
     </span>
    </p>
   </div>
  </div>
 </body>
</html>
