1897 3340
371 191 453 232 652
769 192 1224 231 HERODOTI

371 297 506 355 σφέας
534 296 694 350 αὐτούς
727 299 812 344 ὑπὸ
843 305 924 344 τοῦ
953 304 1091 344 κακοῦ
1110 304 1191 344 τοῦ
1211 301 1521 357 κεχρησμένου,
1555 303 1681 345 Τί-7ο

372 383 466 424 μων
505 364 528 410 ὁ
566 365 911 422 Ἀνδροβούλου,
967 373 1056 412 τῶν
1085 374 1276 424 Δελφῶν
1306 368 1414 425 ἀνὴρ
1445 369 1626 425 δόκιμος

372 434 504 491 ὁμοῖα
540 438 600 493 τῷ
638 435 849 490 μάλιστα,
889 437 1175 492 συνεβούλευέ
1206 449 1285 492 σφι
1317 438 1530 492 ἱκετηρίας
1557 442 1627 480 λα-

372 506 515 559 βοῦσι,
548 501 727 556 δεύτερα
758 498 878 553 αὖτις
907 503 1113 555 ἐλθόντας
1141 509 1332 559 χρᾶσθαι
1360 509 1421 562 τῷ
1449 518 1628 561 χρηστη-

346 571 460 629 Ξρίῳ
492 570 549 621 ὦς
579 570 730 620 ἱκέτας.

790 572 1088 625 πειθομένοισι
1128 573 1172 616 δὲ
1202 578 1336 616 ταῦτα
1366 578 1480 616 τοῖσι
1505 571 1628 628 Ἀθη-

372 640 555 687 ναίοισι,
603 637 678 679 καὶ
717 638 892 692 λέγουσι
920 632 1095 691 ,Ῐῼναξ
1125 644 1288 695 χρῆσον
1317 641 1421 696 ἡμῖν
1451 639 1628 696 ἄμεινόν

371 721 438 756 ,,τι
467 703 564 757 περὶ
596 707 671 759 τῆς
697 706 917 758 πατρίδος,
950 707 1161 757 αἰδεσθεὶς
1180 708 1256 758 τάς
1286 709 1498 764 ἱκετηρίας
1526 706 1630 750 ¹1:026-
1685 712 1766 754 568

373 773 447 823 ,,δε
475 769 553 821 τάς
581 787 647 813 τοι
677 769 840 826 ἥκομεν
870 773 1098 828 φέροντες·
1157 773 1186 830 ἢ
1216 774 1271 817 οὔ
1300 792 1365 818 τοι
1396 775 1554 830 ἄπιμεν
1583 774 1684 817 fimf,

373 842 480 890 ,,τοῦ
502 837 680 890 ἀδύτου,
711 837 954 884 οέλλάὐτοῦ
983 843 1084 897 τῇδε
1103 840 1331 897 μενέομεν,
1363 842 1440 885 ἔστ’
1473 843 1527 886 ἂν
1556 843 1629 886 καὶ

373 905 783 962 ,,τελευτη’σωμεν·“
837 912 974 952 ταῦτα
1021 910 1066 953 δὲ
1109 907 1285 964 λέγουσι
1322 907 1350 964 ἡ
1389 908 1629 966 πρόμαντις

374 978 456 1032 χρᾷ
485 973 666 1029 δεύτερα
699 973 819 1018 τάδε’

340 1064 363 1097 3
503 1061 560 1098 Οὐ
585 1062 742 1098 δύναται
767 1063 918 1104 Παλλὰς
940 1063 998 1100 Δί’
1020 1063 1227 1110 Ὀλύμπιον
1253 1064 1503 1108 ἐξιλάσασθαι,
1642 1067 1686 1100 80

497 1120 689 1165 λισσομένη
713 1124 879 1156 πολλοῖσι
903 1121 1024 1167 λόγοις
1047 1123 1108 1157 καὶ
1130 1122 1255 1168 μήτιδι
1277 1125 1412 1169 πυκνῇ.

340 1176 364 1212 4
500 1177 573 1212 Σοὶ
597 1176 636 1213 δὲ
659 1177 740 1214 τόδ’
765 1174 871 1220 αὖτις
895 1178 982 1220 ἔπος
1005 1178 1107 1227 ἐρέω,
1135 1177 1322 1224 α’δάμαντι
1344 1179 1548 1220 πελάσσας·

373 1332 545 1381 χρᾶσθαι
565 1334 619 1387 τῷ
638 1331 876 1385 χρηστηρίῳ]
898 1334 923 1370 i.
942 1348 974 1373 e.

318 1389 376 1424 uti
402 1389 562 1436 oraculo,
604 1392 781 1427 sciscitari
809 1390 905 1435 deos,
934 1398 976 1427 ut

318 1446 348 1492 Ι,
383 1443 450 1485 47·
481 1445 547 1485 53·
591 1446 683 1486 157.
749 1445 811 1482 Ad
853 1443 976 1486 αὐτοῦ

319 1500 413 1554 τῇδε
441 1500 519 1537 vid.
550 1503 660 1538 allata
690 1501 737 1539 ad
759 1502 841 1549 Vll,
866 1506 917 1544 10
940 1505 976 1549 §-

320 1559 356 1596 8.
415 1558 472 1593 De
493 1560 722 1596 coniunctivi
742 1572 811 1596 usu
831 1561 870 1596 iu
891 1573 979 1597 ver-

321 1613 377 1649 bis
407 1609 480 1652 ἓ’στ’
508 1610 558 1652 ἂν
585 1614 652 1653 καὶ
689 1614 978 1667 τελευτήσωμεν

322 1671 496 1720 exposuit
531 1672 578 1707 G.
608 1673 820 1708 Hermann.
853 1673 892 1708 in
924 1674 979 1709 0-

320 1739 446 1776 puscc.
460 1728 512 1762 111
527 1741 564 1777 p.
590 1728 680 1769 185.
715 1728 836 1764 Verba
856 1731 979 1767 ταῦτα

322 1780 365 1821 δὲ
405 1781 560 1831 λέγουσι
590 1784 666 1820 iam
695 1786 800 1835 attigi
829 1784 876 1821 ad
896 1786 978 1833 VII,

323 1841 414 1886 136,
443 1840 613 1891 itemque
644 1853 778 1877 vocem
799 1840 980 1893 πρόμαν-

321 1909 378 1941 τις
399 1894 447 1932 ad
462 1897 524 1944 Vl,
538 1899 603 1937 66.
620 1896 798 1934 Larcher.
822 1896 896 1935 huc
916 1912 979 1934 re-

323 1951 394 1988 sert
423 1953 523 1990 Plut.
558 1951 808 1994 Themistocl.
837 1968 875 2006 p.
901 1957 978 1996 116

322 2008 370 2044 D.
390 2009 436 2045 Ε.
459 2009 567 2059 [cap.
590 2011 648 2059 9.]

383 2060 443 2103 Ου’
464 2062 655 2114 δύναται]
687 2068 867 2117 Exagitat
903 2066 978 2104 hoc

323 2122 519 2158 oraculum
542 2124 758 2161 Oenomaus
779 2123 880 2174 apud
897 2126 980 2160 Eu-

322 2177 401 2213 seb.
432 2179 610 2228 Praepar.
647 2181 719 2217 Ev.
748 2181 792 2227 V,
814 2180 879 2223 24,
901 2188 980 2216 tra—

325 2238 476 2284 ctatque
494 2235 721 2273 Aristidesin
736 2237 898 2285 Apolog.
911 2249 978 2285 pro

324 2286 514 2326 Themist.
543 2293 594 2325 111
616 2306 651 2341 p.
675 2291 755 2332 346
777 2304 930 2327 exorsus
957 2305 978 2328 a

325 2345 447 2382 verbis
476 2349 599 2395 τεῖχος
632 2347 863 2398 Τριτογενεῖ
887 2363 923 2386 κ.
945 2363 977 2389 τ.

325 2403 360 2439 λ.
372 2402 455 2439 coil.
479 2400 608 2438 Schol.
625 2416 662 2452 p.
681 2404 753 2443 251
772 2402 979 2441 e‹l.1⁴‘r0m-

325 2458 415 2494 mel.
463 2458 584 2495 Assert
608 2472 758 2510 quoque
779 2459 909 2498 schol.
931 2461 979 2499 ad

327 2514 519 2566 Aristoph.
541 2516 639 2566 qu.
659 2518 776 2556 1037.
801 2539 852 2544 -—
882 2519 980 2555 Ver-

325 2584 410 2607 sum
421 2570 648 2609 secundum:
662 2572 872 2625 λισσομένη
884 2579 979 2614 πολ-

328 2629 431 2666 λοῖσι
456 2625 582 2679 λόγοις
606 2628 672 2667 καὶ
693 2627 823 2680 μήτιδι
845 2635 980 2686 πυκνῇ

328 2684 376 2721 ad
407 2687 608 2722 Homerica
639 2699 858 2737 expressum
887 2701 977 2734 esse,

327 2743 387 2778 vel
418 2743 588 2791 singulae
618 2755 727 2780 voces
755 2745 979 2782 Homericae

325 2799 411 2835 satis
432 2798 636 2836 declarant.

1092 1326 1290 1382 ἀδάμαντι
1317 1328 1538 1380 πελάσσας]
1569 1332 1686 1368 Recte

1033 1388 1436 1439 Schweighaeuserus:
1478 1388 1695 1437 „adamanti-

1035 1446 1322 1497 adpropinquare
1338 1446 1481 1497 faciens
1521 1444 1688 1493 [admo-

1033 1504 1142 1550 vens]
1165 1503 1227 1539 hoc
1247 1504 1386 1540 verbum
1403 1505 1428 1540 i.
1450 1517 1480 1540 e.
1502 1501 1690 1539 adamanti

1033 1559 1144 1595 simile
1193 1559 1356 1607 reddens,
1413 1559 1614 1597 adamantis
1651 1558 1690 1593 in

1034 1614 1169 1651 modum
1188 1616 1280 1652 illud
1291 1617 1463 1666 firmans,
1487 1616 1516 1652 si
1532 1612 1688 1666 quidem

1035 1668 1231 1718 πελάσσας
1252 1672 1298 1708 ad
1329 1673 1548 1722 Apollinem
1569 1670 1688 1707 reser-

1034 1734 1095 1763 tur
1114 1730 1382 1765 vaticinantem
1413 1736 1449 1765 et
1475 1727 1547 1764 hoc
1569 1726 1689 1763 eden-

1033 1790 1113 1820 tem
1143 1786 1361 1833 oraculum,
1412 1784 1515 1836 quod
1534 1784 1690 1820 firmum

1034 1853 1114 1877 esse
1134 1843 1215 1879 vult
1247 1841 1457 1878 adamantis
1484 1839 1531 1877 ad
1560 1841 1690 1876 instar.

1035 1899 1168 1949 Itaque
1189 1901 1341 1949 egregie
1363 1898 1503 1935 fallitur
1523 1894 1690 1934 Larche-

1034 1967 1096 1990 rus
1146 1957 1257 1992 scribi
1305 1956 1436 1992 iubens
1475 1949 1688 1998 πελάσσαν,

1034 2010 1137 2062 quod
1165 2011 1210 2048 ad
1244 2010 1336 2058 ἔπος
1365 2012 1570 2061 pertineat,
1592 2009 1688 2044 bene

1033 2070 1248 2119 caeteroqui
1258 2080 1404 2104 memor
1417 2065 1608 2103 Homerici
1629 2062 1689 2100 di-

1035 2125 1107 2159 cti:
1140 2119 1221 2162 ἀλλ’
1257 2124 1359 2163 ἕκτοι
1377 2121 1492 2172 ἐρέω,
1526 2118 1689 2160 τόδεκαὶ

1033 2179 1254 2218 τετελέσθαι
1276 2177 1346 2218 ὀΐω
1367 2177 1427 2229 (ll.
1446 2180 1475 2226 1,
1496 2177 1610 2227 204).
1631 2178 1687 2214 Ac

1034 2235 1095 2271 vel
1115 2237 1236 2285 magis
1268 2237 1456 2272 aberrasse
1478 2233 1689 2272 censendus

1036 2297 1102 2338 est,
1126 2293 1189 2343 qui
1220 2288 1414 2344 α’δάμαντι
1443 2287 1619 2342 πεδήσας
1643 2292 1685 2338 (i.

1036 2361 1069 2383 e.
1091 2348 1278 2386 aclamanii
1307 2363 1336 2386 s.
1350 2348 1448 2398 serro
1477 2350 1642 2397 vinciens,
1662 2351 1688 2388 i.

1037 2418 1070 2440 e.
1081 2406 1259 2455 firmans)
1290 2407 1401 2443 scribi
1421 2405 1552 2444 voluit.
1591 2407 1689 2443 Pro-

1035 2462 1118 2511 pius
1139 2460 1213 2499 huc
1233 2469 1375 2513 spectat
1395 2460 1571 2513 Aeschyl.
1593 2464 1692 2500 Pro-

1036 2517 1155 2555 melh.
1186 2521 1263 2559 160
1295 2520 1452 2570 δεσμοῖς
1471 2513 1689 2566 ἆλύτοιςοῖ-

1035 2575 1162 2626 γριόις
1180 2578 1268 2614 πελ
1282 2571 1306 2613 α’
1321 2588 1421 2622 σας.
1477 2577 1605 2628 Atque
1643 2572 1689 2615 οἷ-

1035 2628 1163 2681 δάμας
1187 2633 1349 2682 antiquis
1378 2633 1497 2683 poetis
1517 2640 1599 2669 tum
1612 2631 1692 2682 ser-

1034 2701 1111 2724 rum
1157 2689 1352 2738 significat,
1383 2696 1465 2725 tum
1505 2688 1690 2740 quidquid

1036 2745 1170 2781 natur&
1185 2758 1251 2781 sua
1268 2744 1508 2782 durissimum
1531 2744 1689 2782 habetur

1038 2809 1151 2853 atque
1172 2801 1425 2839 firmissimum
1448 2815 1519 2838 nec
1549 2802 1623 2838 ulla
1651 2802 1687 2838 vi
