1897 3340
463 196 1108 236 TERPSICHORE.
1167 198 1211 234 V.

1412 201 1465 240 47

211 306 554 364 ,,ὀκτακισχιλίην
593 304 756 347 α’σπίδα
795 305 998 357 Ναξίοισι
1036 302 1169 356 εἶναι,
1220 306 1293 349 καὶ
1334 310 1465 350 πλοῖα

213 377 383 432 ,μακροὶ
421 373 569 418 πολλά.
627 369 934 429 μηχανήσομαι
974 373 1038 425 δὲ,
1081 377 1228 417 πᾶσαν
1265 375 1461 430 σπουδὴν
1519 381 1600 420 386

182 443 516 498 7,,ποιεύμενος·
568 440 749 484 ἐπινοέω
798 441 844 484 δὲ
882 443 994 496 τῇδε.

1061 439 1350 498 Ἀρταφέρνης
1387 459 1463 498 μοι
1478 450 1523 483 26

211 509 437 566 ,,τυγχα’νει
460 509 544 553 ἐών
563 509 714 564 φίλος·
748 507 771 551 ὁ
794 509 852 559 δὲ,
882 506 1125 553 Ὑστάσπεω
1147 510 1227 565 μέν
1245 510 1332 554 ἐστι
1351 510 1465 562 πάϊς,

209 580 427 632 ,,Δαρείου
457 578 504 621 ὁὲ
533 581 615 620 τοῦ
652 574 851 632 βασιλέος
882 574 1114 633 ἀδελφεὸς,
1159 582 1246 621 τῶν
1285 577 1328 622 δ’
1371 579 1465 622 ἐπι-

207 646 484 698 „aenaeam
512 649 600 688 τῶν
640 644 687 688 ἐν
721 648 774 701 τῇ
809 641 928 702 Ἀσίῃ
958 645 1076 702 ἄρχει
1113 645 1314 697 πάντων,
1357 646 1520 703 ἔχωνὸο

206 713 438 769 ,,στρατι>ήν
466 730 510 757 τε
540 712 706 769 πολλὴν
743 713 816 756 καὶ
845 715 1008 765 πολλὰς
1045 715 1157 766 νέας.
1210 718 1371 758 τοῦτον
1402 710 1465 758 c5'v

205 780 370 828 Ἡδοκέω
417 780 494 825 τὸν
542 781 681 836 ἄνδρα
721 778 919 835 ποιήσειν
954 786 1043 825 τῶν
1090 782 1145 826 ἂν
1181 785 1462 838 χρηίζωμενέ(

181 851 363 890 ὃΤαῦτα
394 848 661 900 ἀκούσαντες
692 851 734 892 οἱ
762 848 943 901 Νάξιοι,
974 850 1249 905 προσέθεσαν
1278 855 1337 908 τῷ
1356 849 1464 904 Ἀρι-

204 915 393 974 σταγόρῃ
432 917 640 975 πρήσσειν
680 914 709 977 ᾗ
746 919 929 962 δύναιτο
969 917 1143 973 ἄριστα·
1194 918 1268 962 καὶ
1296 917 1463 973 ὑπίσχε-

205 990 310 1027 σθαι
339 987 460 1041 δῶρα
489 986 709 1037 ἐκέλευον,
747 988 820 1030 καὶ
861 985 1061 1042 δαπάνην
1089 991 1142 1044 τῇ
1172 989 1372 1042 στρατιῇ,
1405 984 1518 1037 οἱς-35

205 1051 330 1095 αὐτοὶ
371 1053 668 1106 διαλύσοντες·
721 1055 894 1106 ἐλπίδας
929 1052 1094 1105 πολλάς
1132 1053 1315 1110 ἔχοντες,
1356 1052 1462 1096 ὅταν

203 1121 470 1176 ἐπιφανέωσι
509 1123 551 1175 ἐς
585 1123 664 1180 τήν
702 1123 872 1177 Νάξον,
922 1121 1064 1166 πάντα
1105 1120 1307 1178 ποιήσειν
1357 1119 1462 1172 τοὺς

206 1191 399 1241 Ναξίους
436 1190 488 1234 τοὶ
528 1190 584 1234 ἂν
622 1190 749 1236 αὐτοὶ
788 1188 1020 1242 κελεύωσι,
1069 1188 1128 1241 ὥς
1169 1190 1214 1233 δὲ
1252 1191 1326 1234 καὶ
1356 1189 1462 1241 τούς

175 1263 195 1295 9
210 1257 368 1308 ἄλλους
414 1259 637 1314 νησιώτας.

708 1263 795 1302 τῶν
832 1259 915 1315 γάρ
952 1256 1103 1314 νήσων
1143 1258 1334 1302 τουτέων
1372 1262 1462 1301 τῶν

204 1324 449 1369 Κυκλάδων
479 1324 662 1383 οὐδεμία
690 1343 752 1370 κω
781 1321 836 1384 ἧν
865 1325 952 1370 ὑπὸ
984 1327 1170 1386 Δαρείῳ.

147 1467 240 1491 voce
255 1453 466 1506 φερέγγυος
476 1454 803 1492 attuleruntWes-

146 1511 278 1560 seling.
301 1510 349 1547 ad
360 1509 504 1557 V11,46
528 1517 564 1546 et
583 1510 801 1548 Blomfield.

146 1568 186 1603 in
207 1567 369 1604 Glossar.
390 1565 570 1618 Aesohyl.
604 1568 645 1604 S.
668 1582 700 1605 0.
722 1566 800 1605 Th.

146 1625 240 1664 392.
296 1622 399 1661 Add.
443 1622 631 1660 Themist.
662 1638 701 1675 p.
734 1627 799 1672 30,

146 1682 199 1720 23
219 1679 334 1717 Dind.
354 1704 404 1709 —
446 1681 491 1716 Iu
522 1693 628 1732 seqq.
651 1677 801 1720 οἷσπίὸα

145 1737 314 1786 intelligo
343 1739 466 1786 gravis
505 1741 706 1775 armaturae
735 1740 801 1775 mi-

146 1793 236 1841 lites,
257 1794 385 1845 aspide
406 1808 434 1831 s.
446 1801 552 1831 scuto
573 1796 774 1832 instructos
786 1809 799 1839 ;

145 1853 263 1889 πλοῖα
293 1848 423 1903 μακροὶ
452 1864 589 1899 naves,
619 1851 667 1888 ad
687 1852 800 1889 belli-

146 1919 236 1943 cum
255 1921 367 1944 usum
388 1907 602 1945 destinatas.

200 1961 425 2004 ΓΤσιόὶσπεω
462 1963 534 2016 μέν
572 1964 652 2004 ἐστι
680 1961 795 2014 πάϊς]

145 2020 293 2072 Reliqui
309 2018 425 2070 πάϊς,
457 2035 554 2073 quae
582 2023 704 2058 forma
726 2036 798 2059 an-

144 2078 284 2129 tiquior
315 2091 392 2115 esse
420 2078 570 2116 videtur
590 2092 633 2116 ac
663 2081 796 2130 poetis,

146 2135 258 2184 epicis
299 2137 539 2186 praesertim,
577 2138 699 2186 magis
718 2136 798 2173 fre-

147 2198 346 2241 que11tata3
396 2191 443 2229 de
476 2206 551 2244 qua
579 2192 656 2231 vid.
683 2195 798 2237 Butt-

145 2259 275 2286 mann.
312 2250 351 2285 iu
384 2250 628 2286 Grammatic.
658 2252 750 2288 mai.
779 2252 797 2287 I

146 2317 183 2354 p.
214 2307 307 2345 237.
336 2305 471 2343 Matth.
503 2308 568 2343 Gr.
590 2308 655 2344 Gr.
684 2308 721 2352 ξ.
746 2310 795 2348 13

145 2372 231 2410 pag.
254 2361 320 2402 55.
359 2361 460 2399 Add.
482 2363 624 2400 Herod.
644 2363 689 2411 V,
707 2363 797 2404 104.

147 2417 209 2464 Vl,
231 2419 283 2458 86
305 2419 342 2463 ξ.
364 2422 402 2459 3.
426 2422 517 2460 127.
543 2423 635 2461 136.
655 2421 737 2467 Vll,
761 2420 799 2462 5.

148 2474 213 2512 61.
271 2474 354 2518 Quo
375 2474 510 2512 eodem
531 2475 647 2513 modo
659 2484 696 2514 et
707 2490 802 2514 cou-

148 2534 263 2565 tracta
284 2538 320 2567 et
340 2530 514 2569 distracta
541 2534 663 2570 forma
682 2535 800 2571 utitur

149 2584 368 2634 Apollonius
379 2587 548 2626 Rhodius
558 2603 568 2638 3
580 2596 673 2626 teste
683 2592 801 2627 Wel-

150 2639 264 2678 lauer.
295 2644 334 2680 in
367 2652 535 2683 annotat.
567 2645 614 2682 ad
643 2648 673 2694 Ι,
702 2650 798 2688 202.

152 2695 202 2731 At
221 2698 391 2737 Grashof.
411 2702 450 2737 iu
463 2701 668 2740 schulzeit.
692 2706 795 2744 1831

152 2763 237 2800 pag·
248 2756 339 2802 703,
360 2758 480 2795 ubivis
501 2760 699 2809 vulgarem
718 2760 799 2796 for-

151 2819 256 2844 mam
287 2814 379 2859 παῖς
406 2815 446 2850 iu
475 2815 669 2853 Herodoto
689 2817 800 2854 resti-

856 1455 913 1491 tui
932 1454 1093 1491 vult.——
1113 1452 1294 1505 βασιλέος
1309 1459 1443 1504 sponte
1455 1466 1517 1489 re-

857 1512 968 1562 posui
986 1523 1056 1561 pro
1078 1511 1283 1562 βασιλῆος.

914 1569 994 1606 τῶν
1027 1563 1066 1606 δ’
1094 1566 1392 1606 ἐπιθαλασσίων
1435 1568 1516 1605 τῶν

857 1623 900 1664 ἐν
920 1626 970 1678 τῇ
985 1623 1097 1677 Ἀσίῃ
1123 1621 1232 1676 ὄῖρχει
1250 1619 1430 1671 πάντων]
1455 1622 1516 1660 Ad

859 1688 1032 1717 extrema
1052 1681 1168 1718 verba
1188 1681 1324 1717 merito
1355 1681 1517 1718 Wesse-

858 1739 955 1789 ling.
978 1736 1122 1775 attendi
1131 1739 1248 1785 iubet⁷
1271 1739 1412 1790 quippe
1423 1751 1517 1788 pru-

857 1794 992 1832 denter
1011 1794 1180 1843 adiecta3
1201 1808 1293 1831 nam
1314 1808 1359 1831 eo
1381 1793 1516 1831 distin—

856 1853 986 1902 guitur
1021 1851 1270 1903 Artaphernis
1309 1852 1513 1902 imperium

854 1910 895 1945 in
924 1909 1015 1945 Asia
1034 1910 1175 1946 minori
1205 1909 1250 1945 ab
1274 1908 1403 1945 Otanis
1423 1922 1516 1959 pro-

855 1967 992 2013 vincia,
1005 1967 1070 2017 qui
1082 1967 1341 2016 Europaeicae
1352 1964 1515 2002 s.Thra-

854 2022 956 2060 cicae
971 2035 1059 2059 orae
1070 2023 1141 2060 fuit
1155 2023 1380 2074 praefectus,
1394 2035 1515 2074 quum

854 2079 903 2116 ad
931 2080 1126 2117 interiores
1154 2078 1343 2116 Thraciae
1373 2086 1514 2116 tractus

853 2138 1056 2173 Persarum
1098 2136 1307 2174 dominatio
1353 2137 1514 2173 minime

852 2195 1088 2245 pertinuerit.
1131 2194 1188 2230 Cf.
1209 2200 1304 2230 nott.
1318 2192 1366 2230 ad
1375 2194 1418 2241 V,
1442 2193 1510 2235 25.

910 2249 1187 2302 προσέθεσαν]
1238 2251 1339 2287 Male
1369 2249 1510 2287 Aldina

855 2306 1114 2358 προσέθεντο.
1170 2306 1271 2344 Illud
1310 2308 1413 2344 enim
1444 2321 1514 2344 va-

855 2365 929 2401 let:
978 2366 1229 2412 iniunxerunt,
1285 2364 1514 2411 mandarunt,

855 2422 1087 2472 permiserunt
1103 2422 1354 2471 Aristagorae,
1375 2428 1417 2457 ut
1437 2421 1513 2474 qus}

859 2485 985 2529 posset
996 2480 1138 2529 optima
1150 2479 1296 2514 ratione
1316 2477 1389 2514 hoc
1401 2489 1515 2528 pera-

859 2541 979 2585 geret.
1038 2534 1151 2572 Haud
1200 2535 1306 2571 aliter
1352 2547 1512 2587 προστι-

855 2591 975 2631 θέναι
1002 2593 1031 2639 Ι,
1063 2594 1154 2633 108.
1182 2593 1248 2640 ῙΠ,
1280 2595 1346 2633 62.
1376 2587 1512 2630 διαλύ-

857 2661 992 2695 σοντες
1027 2656 1104 2686 est:
1144 2652 1277 2686 sumtus
1300 2649 1513 2699 praeliaturi,

855 2705 1017 2742 soluturi.

914 2758 969 2808 ὥς
991 2758 1035 2800 δὲ
1058 2760 1126 2800 καὶ
1146 2758 1241 2808 τους
1263 2758 1406 2807 ἅλλους
1430 2775 1513 2809 νη-

857 2815 1013 2857 σιώτα
1026 2818 1071 2866 ς]
1102 2819 1160 2855 De
1180 2819 1315 2856 vocula
1337 2814 1392 2863 ὥς
1409 2816 1510 2852 conf.
