1897 3340
275 947 372 993 122

157 1021 252 1053 meas:
267 1013 315 1039 cui

135 1022 153 1048 y
184 1055 222 1075 0„
239 1054 263 1074 ,Β
279 1055 296 1074 0
333 1045 355 1072 ἰ,
426 1015 475 1060 ἐν
504 1015 699 1069 Σάρδισι
726 1013 1127 1070 στρατευσαμένους
1153 1011 1325 1063 Ἰώνων,
1353 1011 1626 1070 τραπόμενος
1654 1015 1698 1066 ἐς

439 237 523 276 226

837 234 1301 272 HERODOTI

411 346 606 396 ΞΚᾶρες.
663 341 910 398 πυθόμενοι
945 340 1031 397 yde
1071 341 1132 393 ὥς
1153 340 1468 396 στρατεύεσθαι
1497 341 1758 398 ὁρμέαται25

439 412 483 454 οἱ
496 409 664 465 Πέρσαι
692 409 762 453 ἐπὶ
779 410 855 460 τοὶς
884 409 1009 460 πόλις
1038 410 1197 465 σφέων,
1217 409 1429 465 ἐλόχησαν
1454 409 1535 466 τὴν
1553 410 1600 454 ἐν
1614 414 1702 467 Πη·

437 477 557 533 δάσῳ
587 475 716 520 ὁδόν·
756 476 800 527 ἐς
842 475 923 531 τὴν
953 476 1208 532 ἐμπεσόντες
1248 478 1292 520 οἱ
1329 476 1495 532 Πέρσαι
1532 475 1704 531 νυκτός,

355 584 364 595 ,
438 542 764 600 διεφθάρησαν,
803 542 877 585 καὶ
907 539 1056 595 αὐτοὶ,

1097 545 1171 587 καὶ
1209 546 1252 587 οἱ
1281 544 1513 601 στρατηγοὶ
1543 543 1702 595 αὐτῶν,

436 614 662 666 Δαυρίσης
691 609 764 653 καὶ
790 607 1000 665 Ἀμόργης
1027 611 1100 654 καὶ
1130 610 1398 668 Σισιμάκης·
1431 611 1514 655 σὺν
1543 610 1590 656 δέ
1620 626 1700 668 σφι

408 678 632 722 sazai-eave
662 676 736 719 καὶ
767 675 957 729 Μύρσος
987 675 1011 720 ὁ
1046 676 1214 733 Γύγεω.
1259 683 1339 722 τοῦ
1371 679 1417 723 δὲ
1446 679 1580 736 λόχου
1599 677 1758 724 τού-3ο

434 760 514 788 του
542 741 718 798 ἡγεμών
746 737 803 799 ἦν
826 741 1110 801 Ἡρακλείδης
1136 744 1404 801 Ἰβανώλιος,
1445 745 1556 803 α’νήρ
1589 750 1699 790 Μυ-

433 808 631 862 λασσεύς.
690 805 815 855 οὗτοι
843 811 925 867 μέν
951 827 1036 855 νυν
1073 815 1162 855 τῶν
1203 811 1407 867 Περσέων
1445 812 1562 857 οὕτω
1604 816 1696 857 διε-

435 877 688 935 φθάρησαν.

518 944 670 1001 Ὑμέης
690 946 757 1000 δὲ,
788 946 862 989 καὶ
886 945 1018 998 αὐτὸς
1047 946 1130 990 ἐών
1149 950 1239 989 τῶν
1257 946 1578 998 ἐπιδιωξάντων
1593 947 1699 999 τοὺς

375 1157 441 1182 nus
480 1141 539 1195 (s.
559 1141 659 1180 hanc
679 1139 858 1192 cladem)
885 1153 1038 1192 repara-

373 1205 457 1238 runt
496 1202 742 1249 sanaruntque
781 1197 902 1236 Cares.
978 1199 1037 1235 De

372 1269 469 1294 voce
495 1258 636 1308 τρῶμα
671 1253 773 1292 conf.
793 1261 892 1292 nott.
923 1252 972 1290 ad
1005 1255 1036 1302 Ι,

377 1313 519 1360 18.IV‚
544 1315 637 1353 160.
655 1312 781 1349 Verba
802 1305 1038 1361 ἀναλαμβά-

330 1415 332 1419 .
373 1382 459 1408 νειν
500 1375 537 1406 et
577 1363 860 1419 ἀναμάχεσθαι
899 1366 1037 1404 eodem

373 1423 491 1462 modo
520 1426 650 1468 iuncta
687 1424 931 1475 reperiuntur
960 1437 1035 1461 no·-

372 1488 477 1518 tante
497 1481 731 1531 Wesseling.
755 1479 857 1531 apud
875 1479 1035 1518 Diodor.

372 1538 476 1586 XVI,
502 1539 552 1577 19
577 1544 614 1574 et
635 1535 817 1574 Herodot.
838 1537 937 1584 VIII,
955 1537 1034 1577 109

372 1594 461 1631 coll.
492 1593 574 1639 VII,
612 1595 707 1639 231,
738 1593 804 1629 ubi
823 1606 945 1629 unum
965 1604 1036 1628 ex-

371 1655 444 1687 stat
489 1644 810 1700 ιίναλαμβάνεινε
871 1646 919 1686 de
959 1661 1035 1700 quo

371 1705 490 1743 verbo
511 1705 656 1742 consul.
676 1716 774 1757 quae
800 1704 966 1742 diximus
988 1703 1036 1741 ad

369 1760 564 1799 Plutarch.
585 1762 709 1799 Alcib.
730 1773 818 1812 pag.
843 1765 940 1808 1133
985 1760 1032 1798 de

369 1819 486 1856 verbo
517 1812 796 1868 α’ναμοὶχεσθαι
833 1818 883 1854 cf.
911 1818 1033 1868 Wyt-

372 1873 548 1912 tenbach.
579 1872 628 1910 ad
662 1875 811 1912 Platon.
833 1872 1030 1910 Phaedon.

371 1931 517 1981 p.236.
550 1929 651 1968 Add.
671 1929 834 1968 Fischer.
857 1929 906 1967 ad
916 1931 1032 1968 Wel-

370 1988 435 2023 ler.
464 1987 516 2023 111
544 1998 581 2037 p.
610 1986 690 2028 164
725 1986 773 2024 de
802 1987 840 2025 vi
867 1999 1033 2038 praepo-

370 2044 514 2080 sitionis
547 2038 625 2082 οἷνιὲ
651 2044 690 2079 in
720 2042 794 2081 hoc
825 2044 954 2080 verbo.
975 2064 1032 2071 —

370 2100 415 2136 In
435 2111 540 2151 seqq.
563 2098 747 2151 ὁρμέαται
778 2111 847 2151 pro
868 2095 1032 2152 ὥρμην-

369 2169 433 2193 ται
463 2155 609 2192 dictum
639 2155 748 2192 affert
776 2155 942 2196 Fischer.
982 2155 1030 2193 ad

369 2212 532 2249 Weller.
552 2213 588 2247 11
609 2225 696 2262 pag.
717 2211 811 2254 408.

427 2264 618 2318 ἕλόῇησαν
659 2265 732 2318 τὴν
766 2268 809 2308 ἐν
850 2263 1029 2321 Πηδάσῳ

370 2320 483 2371 ὁδὸν]
526 2325 547 2359 i.
572 2336 602 2360 e.
628 2325 667 2360 in
695 2325 754 2361 via
781 2324 831 2362 ad
852 2321 1029 2361 Pedasum

372 2379 586 2416 collocarunt
610 2380 775 2417 insidias.
813 2380 938 2417 Verbo
959 2382 1028 2418 λο-

370 2437 446 2484 χᾶν
475 2435 644 2484 (insidias
662 2440 814 2484 struere,
841 2434 1027 2486 insidiari)

371 2493 627 2528 accusativum
676 2494 811 2529 Noster
855 2493 1028 2543 apposuit

369 2547 432 2593 vl,
466 2549 555 2587 138.
589 2550 641 2587 37
662 2549 749 2587 coll.
772 2550 837 2588 87.
858 2570 914 2575 -
954 2545 1028 2598 τήν

370 2601 413 2641 ἕν
442 2598 617 2656 Πηδάσῳ
641 2602 739 2642 ὁδὸν
760 2617 861 2640 nunc
883 2603 1028 2640 editum

370 2672 390 2694 e
421 2657 606 2709 Stephani.
647 2661 685 2695 in
724 2673 863 2707 magna
908 2661 1026 2697 libro-

370 2727 455 2750 rum
494 2721 727 2751 vetustorum
766 2715 1024 2766 discrepantia.

369 2772 466 2807 Nam
487 2770 678 2808 Medicens
695 2785 783 2808 cum
795 2774 874 2809 aliis
895 2772 936 2812 ἐν
951 2775 1026 2811 Πι-

369 2823 502 2879 διὶσῳ,
533 2828 771 2865 Flore-minus
807 2825 1024 2883 ἐμπιδάσῳ,

1093 1138 1234 1176 Aldina
1246 1151 1337 1176 cum
1347 1140 1426 1177 aliis
1441 1138 1507 1180 ἐπὶ
1519 1135 1642 1194 δάσῳ,
1654 1152 1754 1178 unus

1093 1196 1189 1233 liber
1216 1197 1408 1234 Parisinus
1431 1195 1497 1236 ἐπὶ
1525 1193 1683 1251 δαύσῳς
1711 1198 1752 1234 in

1094 1252 1287 1290 Sancrofti
1308 1253 1405 1290 libro
1425 1265 1469 1290 ac
1489 1252 1651 1291 Vindob.
1679 1266 1752 1290 ex-

1092 1315 1167 1346 stat
1204 1307 1270 1348 ἐπὶ
1300 1312 1495 1349 λασοῖσιν.
1545 1309 1674 1347 Valla:
1705 1308 1753 1348 In

1091 1367 1154 1403 via
1167 1394 1177 1414 ‚
1208 1367 1350 1415 quaein
1367 1365 1517 1416 Mylasa
1527 1365 1627 1416 fert,·
1649 1365 1752 1403 unde

1091 1423 1321 1472 VVesseling.
1344 1424 1442 1460 eruit
1463 1421 1526 1462 ε’πὶ
1542 1418 1752 1462 Μυλάσοι-

1092 1491 1168 1518 σιν.
1212 1477 1333 1529 Magis
1353 1475 1491 1516 arridet
1511 1478 1751 1517 Valckenae-

1091 1536 1137 1571 rii
1159 1534 1375 1572 emendatio
1395 1533 1470 1586 τήν
1485 1535 1528 1574 ἐν
1543 1537 1752 1586 Πηδασεῦ-

1093 1603 1156 1630 σιν
1180 1588 1279 1637 όδόν
1302 1593 1403 1640 (uisi,
1425 1591 1529 1643 quod
1541 1591 1645 1629 idem
1657 1605 1750 1644 pro-

1093 1647 1186 1693 fert,
1226 1648 1389 1684 scribere
1418 1650 1543 1699 placet
1577 1645 1651 1700 τήν
1682 1647 1748 1688 ἐπὶ

1094 1698 1299 1753 Πηδάσων
1318 1704 1379 1741 vel
1411 1702 1632 1755 Πηδασέων
1654 1701 1749 1744 όδόν

1090 1762 1207 1806 viam,
1239 1770 1328 1809 quae
1355 1761 1494 1797 duceret
1514 1763 1551 1798 in
1574 1764 1750 1810 regionem

1090 1814 1339 1854 Pedasensz'um
1358 1817 1428 1854 vel·
1440 1816 1514 1854 Ped
1528 1817 1599 1867 ιειι)
1612 1845 1628 1861 ‚
1658 1829 1749 1854 cum

1089 1871 1191 1922 apud
1233 1871 1474 1910 Herodotum
1513 1874 1636 1922 urbis,
1683 1872 1747 1911 cui

1087 1941 1232 1965 nomen
1269 1928 1411 1967 Pedasa
1438 1943 1465 1967 s.
1497 1929 1687 1978 Pedasum,
1706 1931 1748 1967 in

1088 1986 1409 2024 Halicarnasseusi
1419 1997 1509 2036 agro
1521 1985 1623 2023 haud
1630 1987 1747 2038 longe
1784 2036 1787 2038 Ι

1088 2054 1110 2078 a
1129 2041 1365 2079 Milesiorum
1384 2043 1521 2080 finibus
1539 2043 1630 2080 sitae
1644 2072 1654 2091 ,
1683 2045 1747 2080 in-

1087 2098 1194 2135 colae
1221 2106 1405 2136 vocentur
1434 2098 1653 2149 Πεδασέες;
1713 2100 1746 2148 1,

1091 2154 1181 2194 175.
1216 2154 1278 2202 vl,
1310 2158 1379 2197 20.
1410 2156 1510 2204 v111‚
1536 2154 1744 2198 104.105.

1087 2209 1207 2247 Addit
1226 2209 1360 2248 Valck.
1393 2209 1462 2258 τοὶς
1493 2212 1536 2251 ἐν
1559 2214 1745 2252 Φωκεῦσι

1087 2262 1221 2314 πόλεις
1242 2281 1290 2304 ex
1319 2266 1566 2305 Demosthen.
1589 2280 1626 2319 p.
1647 2271 1742 2317 210,

1086 2323 1170 2360 alia.

1142 2373 1315 2430 Μύρσος
1331 2375 1355 2417 ό
1377 2373 1538 2431 Γύγεω]
1570 2378 1654 2416 vid.
1674 2381 1741 2427 111,

1087 2437 1178 2475 122.
1236 2435 1311 2471 Pro
1333 2433 1576 2482 Μυλασσεύς
1606 2438 1742 2474 rectius

1083 2492 1193 2528 scribi
1215 2488 1435 2538 Μυλασεῦς
1455 2491 1699 2540 (utdedimus
1709 2494 1739 2541 1,

1088 2548 1198 2597 171),
1220 2555 1352 2584 monet
1373 2546 1557 2599 Schwgh.
1587 2550 1620 2585 E
1636 2549 1740 2587 libris

1084 2605 1228 2655 scriptis
1247 2605 1302 2641 nil
1331 2604 1502 2645 affertur.

1282 2696 1374 2745 Cap.
1396 2694 1551 2730 CXXII.

1139 2769 1233 2818 τούς
1252 2771 1294 2811 ἐν
1313 2768 1481 2823 Σάρδισι
1503 2783 1735 2825 στρατευσα-

1081 2826 1244 2879 μένους]
1258 2827 1301 2868 ἐν
1321 2826 1489 2880 Σάρδισι
1506 2829 1736 2882 quodWes-
