1897 3340
0 58 4 78 Ι

0 83 4 147 ἕ

0 325 9 435 'i
308 358 374 403 74
430 355 596 404 ναίους.

103 422 177 448 Post
203 421 327 448 detecta

100 454 221 490 fraudo,
242 463 302 490 qua
318 456 376 482 De-

100 491 250 516 maratum
277 489 334 516 cir-

101 526 299 549 cumvenerat
315 523 355 557 [c.

98 556 178 590 affl,
200 556 326 589 primum
345 555 354 582 i

99 622 129 649 in
153 622 308 651 Arcadiam
325 623 356 650 sn

121 655 143 682 it
182 657 314 684 Arcades
332 657 371 685 ad

0 700 9 726 1,
120 677 211 717 cuium
239 690 373 726 Spartae

97 723 288 751 inserendum
304 733 354 751 ex-

2 774 3 781 1
96 757 255 789 citaturus,
272 758 353 791 (ubi-

0 786 5 812 ἳ
96 793 144 817 ter
160 790 198 817 de
212 792 354 829 aquasty

95 824 146 858 gia
163 824 202 851 ad
219 826 369 853 Nonacrini

97 858 265 890 Arcadiae.)

0 2882 21 3340 ss-T‘zae-bu4*
0 2699 13 2839 -ι-ῆ-
2 2663 11 2676 ι

341 1411 343 1415 ,
361 1373 441 1422 pit,
469 1374 603 1409 invasit
638 1371 790 1421 metus)

433 247 516 286 330

655 354 781 398 Μετὰ
816 356 862 399 δὲ
891 359 1046 408 ταῦτα,

431 421 618 477 νόμενον
657 422 1028 478 κακοτεχνήσαντα
1057 424 1098 473 ἐς
1127 421 1413 477 Δημάρητον,
1445 423 1568 476 δεῖμα
1588 421 1738 464 ἔλα-35

826 247 1281 284 HERODOTI

1089 356 1332 410 Κλεομένεα
1345 388 1356 406 ,
1386 353 1591 397 ἓπάϊστον
1618 371 1683 408 γε·

403 495 425 529 2
435 492 484 546 βε
514 489 834 545 Σπαρτιητέων,
866 491 938 533 καὶ
966 489 1164 545 ὑπεξέσχε
1184 490 1225 540 ἐς
1247 490 1497 544 Θεσσαλίην.
1537 489 1684 531 ἐνθεῦ-

98 565 376 624 'rii‹·ssana11·,mu¹}
431 573 504 601 τεν
525 557 571 601 δὲ
592 555 851 612 ἀπικόμενος
871 555 913 608 ἐς
935 557 1014 613 τήν
1030 555 1270 611 Ἀρκαδίην,
1292 556 1479 610 νεώτερα
1501 556 1682 611 ἔπρησσε

360 640 373 646 ·
428 625 680 681 πρήγματα,
712 624 915 674 συνιστὰς
943 625 1048 674 τούς
1074 623 1280 678 Ἀρκάδας
1309 625 1377 668 ἐπὶ
1402 629 1455 680 τῇ
1485 622 1681 679 Σπάρτῃ,

430 693 589 744 ἄλλους
624 709 667 735 τε
712 692 873 747 ὅρκους
913 690 1146 746 προσάγων
1194 704 1294 746 σφι,
1330 687 1356 746 ἦ
1391 691 1469 746 μὲν
1502 692 1738 741 ἓψεσθαί40

426 772 563 816 σφεας
599 758 715 818 αὐτῷ
742 763 795 816 τῇ
836 759 890 801 ἂν
921 759 1135 815 ἐξηγῆται·
1177 760 1250 801 καὶ
1275 758 1327 814 δή
1356 760 1427 802 καὶ
1456 759 1498 809 ἐς
1527 757 1680 801 Νώνα-

371 977 434 1011 Tu
472 976 574 1012 conf.
604 977 716 1013 citata
744 989 766 1012 a
801 976 940 1013 Siebel.
974 975 1022 1012 ad

370 1034 531 1069 Pausan.
552 1033 620 1080 IX,
642 1032 696 1073 25
718 1034 755 1078 §.
787 1035 827 1073 6.

549 1134 640 1185 Cap.
661 1134 834 1172 LXXIV.

426 1200 651 1253 Κλεομένεα
683 1197 872 1240 ε’ποῖϊσιον
911 1197 1023 1252 γενό-

366 1259 510 1309 μενον]
555 1256 730 1294 Pendent
753 1255 794 1294 hi
822 1259 1024 1295 accusativi

365 1328 387 1350 a
416 1327 509 1352 voce
530 1313 642 1366 ἔλαβε
664 1314 951 1363 (Cleomenom—
965 1328 1022 1352 ce-

848 1373 906 1408 De
926 1385 1021 1409 voce

362 1424 544 1474 ἔποὲϊστος
566 1428 664 1466 conf.
684 1429 731 1475 ΙΙ,
756 1430 847 1468 119.
875 1428 1021 1475 111‚15.

362 1506 418 1512 ——-
450 1484 564 1535 δεῖμα
588 1482 868 1536 Σπαρτιητέων
889 1488 938 1522 est
948 1497 1016 1521 me-

364 1546 421 1578 tus
452 1542 492 1578 ob
521 1541 723 1591 Spartanos
737 1544 943 1590 conceptus,
974 1547 1016 1577 ut

364 1597 564 1647 πολεμίων
578 1594 711 1648 φόβον
724 1596 826 1647 apud
836 1596 1015 1648 Aeschyl.

363 1654 404 1690 S.
425 1652 547 1690 c.Th.
568 1654 661 1700 256,
674 1654 740 1690 ubi
759 1653 860 1690 conf.
880 1654 1017 1689 Blom-

361 1709 462 1746 field.
491 1710 564 1746 Alii
595 1711 699 1746 enim
724 1709 778 1746 ibi
813 1707 1015 1760 πολέμιον.

359 1788 416 1794 —
449 1767 507 1802 De
535 1765 689 1814 fraude,
724 1778 797 1817 qua
828 1767 1015 1802 Demara-

358 1829 441 1859 tum
452 1824 763 1864 circumvenerat,
784 1820 859 1858 vid.
872 1823 934 1868 VI,
947 1824 1012 1862 66.

412 1878 481 1917 καὶ
500 1877 685 1930 ὑπεξέσχε
715 1878 754 1924 ἐς
773 1879 1010 1928 Θεσσαλίην]

355 1936 381 1971 i.
402 1949 435 1972 e.
458 1935 588 1985 furtim
609 1949 644 1973 se
663 1935 832 1973 subduxit
855 1936 1012 1985 abiitque

356 1993 393 2028 in
416 1991 648 2030 Thessaliam.
723 1991 846 2028 Affert
874 1991 1010 2029 Suidas

358 2048 408 2084 T.
428 2050 481 2084 111
501 2063 539 2099 p.
561 2050 641 2090 537
658 2046 868 2098 ὕπεξὲσχεν
888 2049 1012 2098 expli-

359 2117 448 2140 cans
470 2104 628 2156 ἔφυγεν,
650 2101 882 2155 ἀπέδρασεν.
903 2103 1012 2141 Idem

357 2173 470 2210 supra
500 2162 544 2208 V,
574 2164 641 2202 72.
697 2161 760 2197 Ad
779 2162 894 2197 verba
915 2157 1014 2200 νεῶ-

357 2230 447 2267 τερα
467 2215 634 2268 ἔπρησσε
657 2218 758 2254 conf.
778 2218 823 2261 V,
833 2220 885 2257 93
908 2224 944 2254 et
963 2215 1012 2253 ad

357 2285 467 2309 voces
487 2271 672 2319 συνιστοές
702 2270 795 2319 τούς
811 2269 1012 2323 Ἀρκάδας

357 2327 421 2367 ἐπὶ
448 2331 500 2383 τῇ
531 2326 696 2382 Σπάρτῃ
727 2329 827 2366 conf.
856 2331 920 2377 111,
941 2332 1009 2370 71.

354 2386 416 2432 lv,
462 2384 558 2432 154,
608 2387 656 2423 ob
694 2387 1009 2436 praepositionem

356 2440 433 2480 ἐπί.
491 2443 547 2478 De
568 2444 758 2493 particulis
786 2437 815 2492 ’ἧ
838 2439 910 2492 μὲν
930 2441 1006 2479 vid.

357 2505 449 2537 nott.
465 2497 512 2534 ad
534 2499 577 2545 V,
599 2501 653 2539 92
674 2500 711 2544 ὃ.
738 2499 775 2539 5.
805 2500 934 2548 Ipsum
948 2499 1006 2534 lo-

354 2557 387 2591 ci
407 2562 677 2605 argumentum
698 2556 819 2606 attigit
832 2554 1005 2592 Broend-

353 2611 448 2650 sted.
478 2613 611 2648 Reisen
635 2620 705 2649 etc.
726 2614 760 2648 11
788 2626 875 2662 pag.
898 2615 991 2653 287.

411 2668 450 2715 ἐς
495 2664 711 2719 Νώνακριν
751 2666 891 2716 πόλιν]
948 2669 1005 2704 De

356 2725 491 2763 Pheneo
510 2726 620 2772 urbe,
651 2738 748 2777 quae
770 2726 866 2762 inter
886 2726 1006 2761 Arca-

352 2782 437 2819 diae
465 2783 574 2819 urbes
595 2783 816 2832 insigniores
844 2783 1007 2832 antiqui-

351 2847 409 2877 tus
440 2838 566 2876 habita
595 2840 855 2876 Rornanorum
887 2845 1005 2874 aetate

1078 976 1155 1011 iam
1193 978 1330 1026 partim
1366 976 1437 1012 snit
1475 974 1617 1022 diruta,
1656 973 1733 1011 vid.

1077 1033 1266 1069 Mannert.
1287 1033 1373 1068 Vlll
1393 1046 1428 1082 p.
1450 1030 1532 1072 440
1561 1043 1639 1082 seq.
1661 1031 1734 1066 ibi-

1082 1101 1156 1140 que
1175 1090 1414 1139 potissimum
1442 1089 1605 1124 Pausan.
1633 1087 1732 1133 VIII,

1081 1144 1147 1184 14«
1204 1147 1302 1191 Quin
1324 1144 1448 1181 adhuc
1477 1145 1561 1181 loco
1591 1156 1732 1180 nomen

1080 1199 1231 1249 Phonea,
1252 1214 1369 1253 prope
1390 1202 1518 1238 vicum
1533 1200 1731 1248 Zaracula,

1077 1263 1172 1294 teste
1201 1258 1243 1295 C.
1280 1258 1324 1294 Ο.
1353 1258 1502 1294 ΜἰἰΙΙεΓ.
1521 1258 1612 1293 Dor.
1632 1257 1668 1292 11
1687 1269 1726 1307 p.

1077 1311 1172 1354 439.
1248 1313 1359 1351 Unde
1406 1312 1454 1350 ad
1493 1312 1731 1350 occidentem

1076 1370 1146 1406 sita
1186 1369 1364 1408 Nonacris
1383 1401 1393 1420 ,
1438 1371 1543 1407 cuius
1575 1370 1731 1419 exiguas

1075 1427 1201 1464 ruinas
1233 1434 1378 1465 exstare
1405 1427 1533 1464 scribit
1566 1427 1730 1462 Pausan.

1074 1483 1172 1531 VIII,
1199 1486 1263 1531 17,
1293 1484 1318 1525 5
1339 1484 1426 1522 coll.
1447 1483 1623 1521 Strabon.
1644 1483 1731 1520 vm

1071 1552 1109 1589 p-
1131 1539 1212 1580 597
1234 1541 1279 1576 A.
1301 1554 1330 1578 s.
1353 1542 1446 1581 389.
1510 1539 1584 1585 Qui
1612 1552 1729 1589 prope

1071 1604 1306 1633 memoratur
1335 1597 1419 1633 fons
1449 1609 1480 1633 s.
1512 1596 1615 1646 Aqua
1637 1595 1728 1646 Sty-

1072 1653 1159 1699 gia,
1190 1652 1361 1689 eiusdem
1380 1652 1468 1688 fecit
1490 1653 1727 1688 mentionem

1072 1709 1235 1746 Pausan.
1265 1709 1350 1746 loco
1383 1707 1537 1744 laudato
1569 1715 1606 1745 et
1626 1708 1726 1756 VIII,

1076 1767 1126 1805 18
1159 1765 1195 1810 §.
1228 1768 1267 1806 2.
1301 1767 1351 1805 19
1381 1766 1418 1810 §.
1445 1768 1472 1805 2
1500 1765 1609 1815 plura
1628 1763 1726 1801 adii-

1070 1820 1171 1857 ciens
1202 1819 1249 1857 de
1276 1822 1315 1858 vi
1348 1818 1459 1857 huius
1490 1833 1611 1873 aquae
1641 1822 1725 1857 ani-

1069 1877 1259 1914 mantibus
1301 1875 1495 1914 mortifer&
1513 1906 1524 1925 ,
1572 1877 1726 1914 metalla

1067 1931 1286 1985 lapidesque
1304 1934 1503 1983 frangente
1523 1946 1566 1971 ac
1589 1932 1725 1971 dissol-

1068 1996 1199 2038 vente,
1242 1991 1321 2027 aliis
1344 1991 1455 2027 rebus
1483 1989 1723 2041 putredinem

1068 2044 1262 2083 afferente.
1317 2046 1420 2084 Add.
1440 2047 1590 2085 Aelian.
1609 2048 1658 2084 N.
1674 2047 1724 2084 A.

1069 2103 1119 2149 X,
1149 2101 1215 2142 40.
1245 2104 1428 2153 Antigon.
1452 2103 1537 2146 Car,
1569 2106 1607 2150 ξ.
1632 2102 1724 2151 174,

1068 2159 1135 2194 ubi
1175 2158 1415 2196 Beckmanu.
1446 2158 1495 2196 ad
1532 2160 1723 2197 Aristotel.

1067 2215 1205 2251 Auscc.
1231 2216 1395 2252 mirabba
1427 2217 1464 2261 ξ.
1490 2218 1563 2257 131
1588 2227 1723 2253 aman-

1067 2269 1180 2319 dans,
1224 2272 1264 2308 in
1281 2284 1387 2309 veras
1417 2273 1571 2323 inquirit
1591 2284 1719 2310 causas

1066 2339 1220 2376 eorum,
1255 2341 1353 2379 quae
1383 2326 1430 2365 de
1458 2326 1569 2366 huius
1599 2341 1721 2381 aquae

1065 2384 1103 2420 vi
1141 2383 1408 2435 praedicabant
1448 2392 1606 2423 veteres.
1670 2386 1721 2422 Et

1064 2442 1195 2477 confer
1224 2440 1389 2493 denique
1424 2442 1613 2480 Mannert.
1636 2443 1658 2481 l.
1692 2442 1717 2480 l.

1063 2509 1149 2546 pag.
1181 2496 1275 2538 442.
1333 2497 1432 2543 Quin
1472 2497 1597 2536 adhuc
1631 2499 1719 2535 talia

1062 2551 1109 2589 de
1143 2552 1214 2591 hac
1234 2554 1333 2607 aquai
1360 2553 1569 2605 praedicari
1588 2555 1636 2592 ab
1655 2555 1718 2591 in-

1062 2607 1207 2659 digenis
1244 2618 1428 2648 testantur
1457 2613 1716 2662 peregrinato—

1061 2679 1118 2703 res
1139 2669 1364 2705 recentiores
1381 2697 1390 2715 ,
1430 2667 1630 2714 Dodwell.,
1657 2669 1716 2704 De

1063 2723 1336 2775 Stackelberg,
1366 2724 1441 2761 alii.
1499 2723 1715 2762 Herodotus

1063 2786 1162 2818 tacet
1181 2794 1247 2828 ea,
1280 2788 1321 2817 ut
1341 2781 1405 2833 qui
1426 2781 1546 2818 obiter
1565 2788 1715 2818 tantum

1062 2837 1129 2874 ista
1167 2839 1337 2888 attingat.
1398 2837 1520 2883 Quem
1549 2837 1713 2874 eundem
